{
    "2023-03-31": {
        "Tax Effect Of Unusual Items": NaN,
        "Tax Rate For Calcs": NaN,
        "Normalized EBITDA": NaN,
        "Total Unusual Items": NaN,
        "Total Unusual Items Excluding Goodwill": NaN,
        "Net Income From Continuing Operation Net Minority Interest": NaN,
        "Reconciled Depreciation": NaN,
        "Reconciled Cost Of Revenue": NaN,
        "EBITDA": NaN,
        "EBIT": NaN,
        "Net Interest Income": NaN,
        "Interest Expense": NaN,
        "Normalized Income": NaN,
        "Net Income From Continuing And Discontinued Operation": NaN,
        "Total Expenses": NaN,
        "Total Operating Income As Reported": NaN,
        "Diluted Average Shares": NaN,
        "Basic Average Shares": NaN,
        "Diluted EPS": NaN,
        "Basic EPS": NaN,
        "Diluted NI Availto Com Stockholders": NaN,
        "Average Dilution Earnings": 0.0,
        "Net Income Common Stockholders": NaN,
        "Preferred Stock Dividends": NaN,
        "Net Income": NaN,
        "Minority Interests": NaN,
        "Net Income Including Noncontrolling Interests": NaN,
        "Net Income Discontinuous Operations": NaN,
        "Net Income Continuous Operations": NaN,
        "Tax Provision": NaN,
        "Pretax Income": NaN,
        "Other Income Expense": NaN,
        "Other Non Operating Income Expenses": NaN,
        "Special Income Charges": NaN,
        "Gain On Sale Of Ppe": NaN,
        "Write Off": 98000000.0,
        "Impairment Of Capital Assets": NaN,
        "Earnings From Equity Interest": 80000000.0,
        "Net Non Operating Interest Income Expense": NaN,
        "Total Other Finance Cost": NaN,
        "Interest Expense Non Operating": NaN,
        "Operating Income": NaN,
        "Operating Expense": NaN,
        "Other Taxes": NaN,
        "Depreciation Amortization Depletion Income Statement": NaN,
        "Depreciation And Amortization In Income Statement": 622000000.0,
        "Gross Profit": NaN,
        "Cost Of Revenue": NaN,
        "Total Revenue": NaN,
        "Operating Revenue": NaN
    },
    "2022-12-31": {
        "Tax Effect Of Unusual Items": NaN,
        "Tax Rate For Calcs": NaN,
        "Normalized EBITDA": NaN,
        "Total Unusual Items": NaN,
        "Total Unusual Items Excluding Goodwill": NaN,
        "Net Income From Continuing Operation Net Minority Interest": NaN,
        "Reconciled Depreciation": NaN,
        "Reconciled Cost Of Revenue": NaN,
        "EBITDA": NaN,
        "EBIT": NaN,
        "Net Interest Income": NaN,
        "Interest Expense": NaN,
        "Normalized Income": NaN,
        "Net Income From Continuing And Discontinued Operation": NaN,
        "Total Expenses": NaN,
        "Total Operating Income As Reported": NaN,
        "Diluted Average Shares": NaN,
        "Basic Average Shares": NaN,
        "Diluted EPS": NaN,
        "Basic EPS": NaN,
        "Diluted NI Availto Com Stockholders": NaN,
        "Average Dilution Earnings": -12000000.0,
        "Net Income Common Stockholders": NaN,
        "Preferred Stock Dividends": 21000000.0,
        "Net Income": NaN,
        "Minority Interests": NaN,
        "Net Income Including Noncontrolling Interests": NaN,
        "Net Income Discontinuous Operations": NaN,
        "Net Income Continuous Operations": NaN,
        "Tax Provision": NaN,
        "Pretax Income": NaN,
        "Other Income Expense": NaN,
        "Other Non Operating Income Expenses": NaN,
        "Special Income Charges": NaN,
        "Gain On Sale Of Ppe": NaN,
        "Write Off": 1637000000.0,
        "Impairment Of Capital Assets": NaN,
        "Earnings From Equity Interest": 44000000.0,
        "Net Non Operating Interest Income Expense": NaN,
        "Total Other Finance Cost": NaN,
        "Interest Expense Non Operating": NaN,
        "Operating Income": NaN,
        "Operating Expense": NaN,
        "Other Taxes": NaN,
        "Depreciation Amortization Depletion Income Statement": NaN,
        "Depreciation And Amortization In Income Statement": NaN,
        "Gross Profit": NaN,
        "Cost Of Revenue": NaN,
        "Total Revenue": NaN,
        "Operating Revenue": NaN
    },
    "2022-09-30": {
        "Tax Effect Of Unusual Items": NaN,
        "Tax Rate For Calcs": NaN,
        "Normalized EBITDA": NaN,
        "Total Unusual Items": NaN,
        "Total Unusual Items Excluding Goodwill": NaN,
        "Net Income From Continuing Operation Net Minority Interest": NaN,
        "Reconciled Depreciation": NaN,
        "Reconciled Cost Of Revenue": NaN,
        "EBITDA": NaN,
        "EBIT": NaN,
        "Net Interest Income": NaN,
        "Normalized Income": NaN,
        "Net Income From Continuing And Discontinued Operation": NaN,
        "Total Expenses": NaN,
        "Total Operating Income As Reported": NaN,
        "Diluted Average Shares": NaN,
        "Basic Average Shares": NaN,
        "Diluted EPS": NaN,
        "Basic EPS": NaN,
        "Diluted NI Availto Com Stockholders": NaN,
        "Average Dilution Earnings": 0.0,
        "Net Income Common Stockholders": NaN,
        "Preferred Stock Dividends": 20000000.0,
        "Net Income": NaN,
        "Minority Interests": NaN,
        "Net Income Including Noncontrolling Interests": NaN,
        "Net Income Discontinuous Operations": NaN,
        "Net Income Continuous Operations": NaN,
        "Tax Provision": NaN,
        "Pretax Income": NaN,
        "Other Income Expense": NaN,
        "Other Non Operating Income Expenses": NaN,
        "Special Income Charges": NaN,
        "Gain On Sale Of Ppe": NaN,
        "Write Off": 21000000.0,
        "Impairment Of Capital Assets": NaN,
        "Earnings From Equity Interest": 92000000.0,
        "Net Non Operating Interest Income Expense": NaN,
        "Total Other Finance Cost": NaN,
        "Operating Income": NaN,
        "Operating Expense": NaN,
        "Other Taxes": NaN,
        "Depreciation Amortization Depletion Income Statement": NaN,
        "Depreciation And Amortization In Income Statement": NaN,
        "Gross Profit": NaN,
        "Cost Of Revenue": NaN,
        "Total Revenue": NaN,
        "Operating Revenue": NaN
    },
    "2022-06-30": {
        "Tax Effect Of Unusual Items": -216110720.56239,
        "Tax Rate For Calcs": 0.205624,
        "Normalized EBITDA": 2546000000.0,
        "Total Unusual Items": -1051000000.0,
        "Total Unusual Items Excluding Goodwill": -1051000000.0,
        "Net Income From Continuing Operation Net Minority Interest": -452000000.0,
        "Reconciled Depreciation": 762000000.0,
        "Reconciled Cost Of Revenue": 1866000000.0,
        "EBITDA": 1495000000.0,
        "EBIT": 733000000.0,
        "Net Interest Income": -47000000.0,
        "Interest Expense": NaN,
        "Normalized Income": 382889279.43761,
        "Net Income From Continuing And Discontinued Operation": -453000000.0,
        "Total Expenses": 2863000000.0,
        "Total Operating Income As Reported": -318000000.0,
        "Diluted Average Shares": 818400000.0,
        "Basic Average Shares": 818400000.0,
        "Diluted EPS": -0.58,
        "Basic EPS": -0.58,
        "Diluted NI Availto Com Stockholders": -477000000.0,
        "Average Dilution Earnings": 0.0,
        "Net Income Common Stockholders": -477000000.0,
        "Preferred Stock Dividends": 25000000.0,
        "Net Income": -453000000.0,
        "Minority Interests": 0.0,
        "Net Income Including Noncontrolling Interests": -453000000.0,
        "Net Income Discontinuous Operations": -1000000.0,
        "Net Income Continuous Operations": -452000000.0,
        "Tax Provision": -117000000.0,
        "Pretax Income": -569000000.0,
        "Other Income Expense": -1255000000.0,
        "Other Non Operating Income Expenses": -287000000.0,
        "Special Income Charges": -1051000000.0,
        "Gain On Sale Of Ppe": -636000000.0,
        "Write Off": 415000000.0,
        "Earnings From Equity Interest": 83000000.0,
        "Net Non Operating Interest Income Expense": -47000000.0,
        "Total Other Finance Cost": 47000000.0,
        "Interest Expense Non Operating": NaN,
        "Operating Income": 733000000.0,
        "Operating Expense": 930000000.0,
        "Other Taxes": 235000000.0,
        "Depreciation Amortization Depletion Income Statement": 695000000.0,
        "Gross Profit": 1663000000.0,
        "Cost Of Revenue": 1933000000.0,
        "Total Revenue": 3596000000.0,
        "Operating Revenue": 3794000000.0
    },
    "2023-06-30": {
        "Tax Effect Of Unusual Items": NaN,
        "Tax Rate For Calcs": NaN,
        "Normalized EBITDA": NaN,
        "Total Unusual Items": NaN,
        "Total Unusual Items Excluding Goodwill": NaN,
        "Net Income From Continuing Operation Net Minority Interest": NaN,
        "Reconciled Depreciation": NaN,
        "Reconciled Cost Of Revenue": NaN,
        "EBITDA": NaN,
        "EBIT": NaN,
        "Net Interest Income": NaN,
        "Interest Expense": 395000000.0,
        "Normalized Income": NaN,
        "Net Income From Continuing And Discontinued Operation": NaN,
        "Total Expenses": NaN,
        "Total Operating Income As Reported": NaN,
        "Diluted Average Shares": NaN,
        "Basic Average Shares": NaN,
        "Diluted EPS": NaN,
        "Basic EPS": NaN,
        "Diluted NI Availto Com Stockholders": NaN,
        "Average Dilution Earnings": NaN,
        "Net Income Common Stockholders": NaN,
        "Preferred Stock Dividends": NaN,
        "Net Income": NaN,
        "Minority Interests": NaN,
        "Net Income Including Noncontrolling Interests": NaN,
        "Net Income Discontinuous Operations": NaN,
        "Net Income Continuous Operations": NaN,
        "Tax Provision": NaN,
        "Pretax Income": NaN,
        "Other Income Expense": NaN,
        "Other Non Operating Income Expenses": NaN,
        "Special Income Charges": NaN,
        "Gain On Sale Of Ppe": NaN,
        "Write Off": 53000000.0,
        "Impairment Of Capital Assets": NaN,
        "Earnings From Equity Interest": 90000000.0,
        "Net Non Operating Interest Income Expense": NaN,
        "Total Other Finance Cost": 430000000.0,
        "Interest Expense Non Operating": 395000000.0,
        "Operating Income": NaN,
        "Operating Expense": NaN,
        "Other Taxes": NaN,
        "Depreciation Amortization Depletion Income Statement": NaN,
        "Depreciation And Amortization In Income Statement": NaN,
        "Gross Profit": NaN,
        "Cost Of Revenue": NaN,
        "Total Revenue": NaN,
        "Operating Revenue": NaN
    },
    "2023-09-30": {
        "Tax Effect Of Unusual Items": NaN,
        "Tax Rate For Calcs": NaN,
        "Normalized EBITDA": NaN,
        "Total Unusual Items": NaN,
        "Total Unusual Items Excluding Goodwill": NaN,
        "Net Income From Continuing Operation Net Minority Interest": NaN,
        "Reconciled Depreciation": NaN,
        "Reconciled Cost Of Revenue": NaN,
        "EBITDA": NaN,
        "EBIT": NaN,
        "Net Interest Income": NaN,
        "Interest Expense": NaN,
        "Normalized Income": NaN,
        "Net Income From Continuing And Discontinued Operation": NaN,
        "Total Expenses": NaN,
        "Total Operating Income As Reported": NaN,
        "Diluted Average Shares": NaN,
        "Basic Average Shares": NaN,
        "Diluted EPS": NaN,
        "Basic EPS": NaN,
        "Diluted NI Availto Com Stockholders": NaN,
        "Average Dilution Earnings": 0.0,
        "Net Income Common Stockholders": NaN,
        "Preferred Stock Dividends": NaN,
        "Net Income": NaN,
        "Minority Interests": NaN,
        "Net Income Including Noncontrolling Interests": NaN,
        "Net Income Discontinuous Operations": NaN,
        "Net Income Continuous Operations": NaN,
        "Tax Provision": NaN,
        "Pretax Income": NaN,
        "Other Income Expense": NaN,
        "Other Non Operating Income Expenses": NaN,
        "Special Income Charges": NaN,
        "Gain On Sale Of Ppe": NaN,
        "Impairment Of Capital Assets": NaN,
        "Net Non Operating Interest Income Expense": NaN,
        "Total Other Finance Cost": 192000000.0,
        "Interest Expense Non Operating": NaN,
        "Operating Income": NaN,
        "Operating Expense": NaN,
        "Other Taxes": NaN,
        "Depreciation Amortization Depletion Income Statement": NaN,
        "Depreciation And Amortization In Income Statement": NaN,
        "Gross Profit": NaN,
        "Cost Of Revenue": NaN,
        "Total Revenue": NaN,
        "Operating Revenue": NaN
    },
    "2023-12-31": {
        "Tax Effect Of Unusual Items": NaN,
        "Tax Rate For Calcs": NaN,
        "Normalized EBITDA": NaN,
        "Total Unusual Items": NaN,
        "Total Unusual Items Excluding Goodwill": NaN,
        "Net Income From Continuing Operation Net Minority Interest": NaN,
        "Reconciled Depreciation": NaN,
        "Reconciled Cost Of Revenue": NaN,
        "EBITDA": NaN,
        "EBIT": NaN,
        "Net Interest Income": NaN,
        "Interest Expense": NaN,
        "Normalized Income": NaN,
        "Net Income From Continuing And Discontinued Operation": NaN,
        "Total Expenses": NaN,
        "Total Operating Income As Reported": NaN,
        "Diluted Average Shares": NaN,
        "Basic Average Shares": NaN,
        "Diluted EPS": NaN,
        "Basic EPS": NaN,
        "Diluted NI Availto Com Stockholders": NaN,
        "Average Dilution Earnings": 0.0,
        "Net Income Common Stockholders": NaN,
        "Preferred Stock Dividends": NaN,
        "Net Income": NaN,
        "Minority Interests": NaN,
        "Net Income Including Noncontrolling Interests": NaN,
        "Net Income Discontinuous Operations": NaN,
        "Net Income Continuous Operations": NaN,
        "Tax Provision": NaN,
        "Pretax Income": NaN,
        "Other Income Expense": NaN,
        "Other Non Operating Income Expenses": NaN,
        "Special Income Charges": NaN,
        "Gain On Sale Of Ppe": 4000000.0,
        "Impairment Of Capital Assets": NaN,
        "Net Non Operating Interest Income Expense": NaN,
        "Total Other Finance Cost": 608000000.0,
        "Interest Expense Non Operating": NaN,
        "Operating Income": NaN,
        "Operating Expense": NaN,
        "Other Taxes": NaN,
        "Depreciation Amortization Depletion Income Statement": NaN,
        "Depreciation And Amortization In Income Statement": NaN,
        "Gross Profit": NaN,
        "Cost Of Revenue": NaN,
        "Total Revenue": NaN,
        "Operating Revenue": NaN
    },
    "2024-03-31": {
        "Tax Effect Of Unusual Items": NaN,
        "Tax Rate For Calcs": NaN,
        "Normalized EBITDA": NaN,
        "Total Unusual Items": NaN,
        "Total Unusual Items Excluding Goodwill": NaN,
        "Net Income From Continuing Operation Net Minority Interest": NaN,
        "Reconciled Depreciation": NaN,
        "Reconciled Cost Of Revenue": NaN,
        "EBITDA": NaN,
        "EBIT": NaN,
        "Net Interest Income": NaN,
        "Interest Expense": NaN,
        "Normalized Income": NaN,
        "Net Income From Continuing And Discontinued Operation": NaN,
        "Total Expenses": NaN,
        "Total Operating Income As Reported": NaN,
        "Diluted Average Shares": NaN,
        "Basic Average Shares": NaN,
        "Diluted EPS": NaN,
        "Basic EPS": NaN,
        "Diluted NI Availto Com Stockholders": NaN,
        "Net Income Common Stockholders": NaN,
        "Preferred Stock Dividends": NaN,
        "Net Income": NaN,
        "Minority Interests": NaN,
        "Net Income Including Noncontrolling Interests": NaN,
        "Net Income Discontinuous Operations": NaN,
        "Net Income Continuous Operations": NaN,
        "Tax Provision": NaN,
        "Pretax Income": NaN,
        "Other Income Expense": NaN,
        "Other Non Operating Income Expenses": NaN,
        "Special Income Charges": NaN,
        "Gain On Sale Of Ppe": 1000000.0,
        "Impairment Of Capital Assets": NaN,
        "Net Non Operating Interest Income Expense": NaN,
        "Total Other Finance Cost": 574000000.0,
        "Interest Expense Non Operating": NaN,
        "Operating Income": NaN,
        "Operating Expense": NaN,
        "Other Taxes": NaN,
        "Depreciation Amortization Depletion Income Statement": NaN,
        "Depreciation And Amortization In Income Statement": NaN,
        "Gross Profit": NaN,
        "Cost Of Revenue": NaN,
        "Total Revenue": NaN,
        "Operating Revenue": NaN
    },
    "2024-06-30": {
        "Tax Effect Of Unusual Items": NaN,
        "Tax Rate For Calcs": NaN,
        "Normalized EBITDA": NaN,
        "Total Unusual Items": NaN,
        "Total Unusual Items Excluding Goodwill": NaN,
        "Net Income From Continuing Operation Net Minority Interest": NaN,
        "Reconciled Depreciation": NaN,
        "Reconciled Cost Of Revenue": NaN,
        "EBITDA": NaN,
        "EBIT": NaN,
        "Net Interest Income": NaN,
        "Interest Expense": 470000000.0,
        "Normalized Income": NaN,
        "Net Income From Continuing And Discontinued Operation": NaN,
        "Total Expenses": NaN,
        "Total Operating Income As Reported": NaN,
        "Diluted Average Shares": NaN,
        "Basic Average Shares": NaN,
        "Diluted EPS": NaN,
        "Basic EPS": NaN,
        "Diluted NI Availto Com Stockholders": NaN,
        "Net Income Common Stockholders": NaN,
        "Preferred Stock Dividends": NaN,
        "Net Income": NaN,
        "Minority Interests": NaN,
        "Net Income Including Noncontrolling Interests": NaN,
        "Net Income Discontinuous Operations": NaN,
        "Net Income Continuous Operations": NaN,
        "Tax Provision": NaN,
        "Pretax Income": NaN,
        "Other Income Expense": NaN,
        "Other Non Operating Income Expenses": NaN,
        "Special Income Charges": NaN,
        "Gain On Sale Of Ppe": 1000000.0,
        "Impairment Of Capital Assets": NaN,
        "Net Non Operating Interest Income Expense": NaN,
        "Total Other Finance Cost": NaN,
        "Interest Expense Non Operating": 470000000.0,
        "Operating Income": NaN,
        "Operating Expense": NaN,
        "Other Taxes": NaN,
        "Depreciation Amortization Depletion Income Statement": NaN,
        "Depreciation And Amortization In Income Statement": NaN,
        "Gross Profit": NaN,
        "Cost Of Revenue": NaN,
        "Total Revenue": NaN,
        "Operating Revenue": NaN
    },
    "2024-09-30": {
        "Tax Effect Of Unusual Items": -19413913.043478,
        "Tax Rate For Calcs": 0.15913,
        "Normalized EBITDA": 2087000000.0,
        "Total Unusual Items": -122000000.0,
        "Total Unusual Items Excluding Goodwill": -122000000.0,
        "Net Income From Continuing Operation Net Minority Interest": 967000000.0,
        "Reconciled Depreciation": 625000000.0,
        "Reconciled Cost Of Revenue": 1792000000.0,
        "EBITDA": 1965000000.0,
        "EBIT": 1340000000.0,
        "Net Interest Income": -403000000.0,
        "Interest Expense": NaN,
        "Normalized Income": 1069586086.956522,
        "Net Income From Continuing And Discontinued Operation": 954000000.0,
        "Total Expenses": 2601000000.0,
        "Total Operating Income As Reported": 1218000000.0,
        "Diluted Average Shares": 840000000.0,
        "Basic Average Shares": 840000000.0,
        "Diluted EPS": 1.12,
        "Basic EPS": 1.135714,
        "Diluted NI Availto Com Stockholders": 939000000.0,
        "Net Income Common Stockholders": 939000000.0,
        "Preferred Stock Dividends": 15000000.0,
        "Net Income": 954000000.0,
        "Minority Interests": 0.0,
        "Net Income Including Noncontrolling Interests": 954000000.0,
        "Net Income Discontinuous Operations": -13000000.0,
        "Net Income Continuous Operations": 967000000.0,
        "Tax Provision": 183000000.0,
        "Pretax Income": 1150000000.0,
        "Other Income Expense": 213000000.0,
        "Other Non Operating Income Expenses": 335000000.0,
        "Special Income Charges": -122000000.0,
        "Gain On Sale Of Ppe": 0.0,
        "Impairment Of Capital Assets": 122000000.0,
        "Net Non Operating Interest Income Expense": -403000000.0,
        "Total Other Finance Cost": 403000000.0,
        "Interest Expense Non Operating": NaN,
        "Operating Income": 1340000000.0,
        "Operating Expense": 733000000.0,
        "Other Taxes": 184000000.0,
        "Depreciation Amortization Depletion Income Statement": 549000000.0,
        "Depreciation And Amortization In Income Statement": 549000000.0,
        "Gross Profit": 2073000000.0,
        "Cost Of Revenue": 1868000000.0,
        "Total Revenue": 3941000000.0,
        "Operating Revenue": 3785000000.0
    },
    "2024-12-31": {
        "Tax Effect Of Unusual Items": -80220000.0,
        "Tax Rate For Calcs": 0.21,
        "Normalized EBITDA": 2003000000.0,
        "Total Unusual Items": -382000000.0,
        "Total Unusual Items Excluding Goodwill": -382000000.0,
        "Net Income From Continuing Operation Net Minority Interest": -91000000.0,
        "Reconciled Depreciation": 625000000.0,
        "Reconciled Cost Of Revenue": 1827000000.0,
        "EBITDA": 1621000000.0,
        "EBIT": 996000000.0,
        "Net Interest Income": -441000000.0,
        "Interest Expense": NaN,
        "Normalized Income": 210780000.0,
        "Net Income From Continuing And Discontinued Operation": -76000000.0,
        "Total Expenses": 2627000000.0,
        "Total Operating Income As Reported": 391000000.0,
        "Diluted Average Shares": 852000000.0,
        "Basic Average Shares": 852000000.0,
        "Diluted EPS": 0.15,
        "Basic EPS": 0.170188,
        "Diluted NI Availto Com Stockholders": -100000000.0,
        "Net Income Common Stockholders": -100000000.0,
        "Preferred Stock Dividends": 24000000.0,
        "Net Income": -76000000.0,
        "Minority Interests": 53000000.0,
        "Net Income Including Noncontrolling Interests": -129000000.0,
        "Net Income Discontinuous Operations": 15000000.0,
        "Net Income Continuous Operations": -144000000.0,
        "Tax Provision": -104000000.0,
        "Pretax Income": -248000000.0,
        "Other Income Expense": -580000000.0,
        "Other Non Operating Income Expenses": -198000000.0,
        "Special Income Charges": -382000000.0,
        "Gain On Sale Of Ppe": -1000000.0,
        "Impairment Of Capital Assets": 381000000.0,
        "Net Non Operating Interest Income Expense": -441000000.0,
        "Total Other Finance Cost": NaN,
        "Interest Expense Non Operating": NaN,
        "Operating Income": 773000000.0,
        "Operating Expense": 729000000.0,
        "Other Taxes": 175000000.0,
        "Depreciation Amortization Depletion Income Statement": 554000000.0,
        "Depreciation And Amortization In Income Statement": 554000000.0,
        "Gross Profit": 1502000000.0,
        "Cost Of Revenue": 1898000000.0,
        "Total Revenue": 3400000000.0,
        "Operating Revenue": 3418000000.0
    },
    "2025-03-31": {
        "Tax Effect Of Unusual Items": -3404000.0,
        "Tax Rate For Calcs": 0.074,
        "Normalized EBITDA": 1975000000.0,
        "Total Unusual Items": -46000000.0,
        "Total Unusual Items Excluding Goodwill": -46000000.0,
        "Net Income From Continuing Operation Net Minority Interest": 647000000.0,
        "Reconciled Depreciation": 660000000.0,
        "Reconciled Cost Of Revenue": 1938000000.0,
        "EBITDA": 1929000000.0,
        "EBIT": 1269000000.0,
        "Net Interest Income": -480000000.0,
        "Interest Expense": NaN,
        "Normalized Income": 689596000.0,
        "Net Income From Continuing And Discontinued Operation": 646000000.0,
        "Total Expenses": 2807000000.0,
        "Total Operating Income As Reported": 1223000000.0,
        "Diluted Average Shares": 853000000.0,
        "Basic Average Shares": 853000000.0,
        "Diluted EPS": 0.75,
        "Basic EPS": 0.757327,
        "Diluted NI Availto Com Stockholders": 636000000.0,
        "Net Income Common Stockholders": 636000000.0,
        "Preferred Stock Dividends": 11000000.0,
        "Net Income": 646000000.0,
        "Minority Interests": -46000000.0,
        "Net Income Including Noncontrolling Interests": 692000000.0,
        "Net Income Discontinuous Operations": -1000000.0,
        "Net Income Continuous Operations": 693000000.0,
        "Tax Provision": 55000000.0,
        "Pretax Income": 748000000.0,
        "Other Income Expense": -41000000.0,
        "Other Non Operating Income Expenses": 5000000.0,
        "Special Income Charges": -46000000.0,
        "Gain On Sale Of Ppe": NaN,
        "Impairment Of Capital Assets": 46000000.0,
        "Net Non Operating Interest Income Expense": -480000000.0,
        "Total Other Finance Cost": 480000000.0,
        "Interest Expense Non Operating": NaN,
        "Operating Income": 1269000000.0,
        "Operating Expense": 791000000.0,
        "Other Taxes": 209000000.0,
        "Depreciation Amortization Depletion Income Statement": 582000000.0,
        "Depreciation And Amortization In Income Statement": 582000000.0,
        "Gross Profit": 2060000000.0,
        "Cost Of Revenue": 2016000000.0,
        "Total Revenue": 4076000000.0,
        "Operating Revenue": 4085000000.0
    },
    "2025-06-30": {
        "Tax Effect Of Unusual Items": -10648596.321394,
        "Tax Rate For Calcs": 0.212972,
        "Normalized EBITDA": 2244000000.0,
        "Total Unusual Items": -50000000.0,
        "Total Unusual Items Excluding Goodwill": -50000000.0,
        "Net Income From Continuing Operation Net Minority Interest": 759000000.0,
        "Reconciled Depreciation": 656000000.0,
        "Reconciled Cost Of Revenue": 1814000000.0,
        "EBITDA": 2194000000.0,
        "EBIT": 1538000000.0,
        "Net Interest Income": -505000000.0,
        "Interest Expense": 505000000.0,
        "Normalized Income": 798351403.678606,
        "Net Income From Continuing And Discontinued Operation": 760000000.0,
        "Total Expenses": 2664000000.0,
        "Total Operating Income As Reported": 1096000000.0,
        "Diluted Average Shares": 853200000.0,
        "Basic Average Shares": 852790571.0,
        "Diluted EPS": 0.88,
        "Basic EPS": 0.891192,
        "Diluted NI Availto Com Stockholders": 749000000.0,
        "Net Income Common Stockholders": 749000000.0,
        "Preferred Stock Dividends": 11000000.0,
        "Net Income": 760000000.0,
        "Minority Interests": -54000000.0,
        "Net Income Including Noncontrolling Interests": 814000000.0,
        "Net Income Discontinuous Operations": 1000000.0,
        "Net Income Continuous Operations": 813000000.0,
        "Tax Provision": 220000000.0,
        "Pretax Income": 1033000000.0,
        "Other Income Expense": 392000000.0,
        "Other Non Operating Income Expenses": 442000000.0,
        "Special Income Charges": -50000000.0,
        "Gain On Sale Of Ppe": NaN,
        "Impairment Of Capital Assets": 50000000.0,
        "Net Non Operating Interest Income Expense": -505000000.0,
        "Total Other Finance Cost": NaN,
        "Interest Expense Non Operating": 505000000.0,
        "Operating Income": 1146000000.0,
        "Operating Expense": 774000000.0,
        "Other Taxes": 194000000.0,
        "Depreciation Amortization Depletion Income Statement": 580000000.0,
        "Depreciation And Amortization In Income Statement": 580000000.0,
        "Gross Profit": 1920000000.0,
        "Cost Of Revenue": 1890000000.0,
        "Total Revenue": 3810000000.0,
        "Operating Revenue": 3718000000.0
    },
    "2025-09-30": {
        "Tax Effect Of Unusual Items": -22572347.266881,
        "Tax Rate For Calcs": 0.173633,
        "Normalized EBITDA": 2285000000.0,
        "Total Unusual Items": -130000000.0,
        "Total Unusual Items Excluding Goodwill": -130000000.0,
        "Net Income From Continuing Operation Net Minority Interest": 1006000000.0,
        "Reconciled Depreciation": 686000000.0,
        "Reconciled Cost Of Revenue": 2177000000.0,
        "EBITDA": 2155000000.0,
        "EBIT": 1469000000.0,
        "Net Interest Income": -527000000.0,
        "Interest Expense": NaN,
        "Normalized Income": 1113427652.733119,
        "Net Income From Continuing And Discontinued Operation": 1006000000.0,
        "Total Expenses": 3058000000.0,
        "Total Operating Income As Reported": 1339000000.0,
        "Diluted Average Shares": 855400000.0,
        "Basic Average Shares": 853500000.0,
        "Diluted EPS": 1.16,
        "Basic EPS": 1.17,
        "Diluted NI Availto Com Stockholders": 995000000.0,
        "Net Income Common Stockholders": 995000000.0,
        "Preferred Stock Dividends": 11000000.0,
        "Net Income": 1006000000.0,
        "Minority Interests": -22000000.0,
        "Net Income Including Noncontrolling Interests": 1028000000.0,
        "Net Income Discontinuous Operations": 0.0,
        "Net Income Continuous Operations": 1028000000.0,
        "Tax Provision": 216000000.0,
        "Pretax Income": 1244000000.0,
        "Other Income Expense": 302000000.0,
        "Other Non Operating Income Expenses": 432000000.0,
        "Special Income Charges": -130000000.0,
        "Gain On Sale Of Ppe": NaN,
        "Impairment Of Capital Assets": 130000000.0,
        "Net Non Operating Interest Income Expense": -527000000.0,
        "Total Other Finance Cost": 527000000.0,
        "Interest Expense Non Operating": NaN,
        "Operating Income": 1469000000.0,
        "Operating Expense": 804000000.0,
        "Other Taxes": 195000000.0,
        "Depreciation Amortization Depletion Income Statement": 609000000.0,
        "Depreciation And Amortization In Income Statement": 609000000.0,
        "Gross Profit": 2273000000.0,
        "Cost Of Revenue": 2254000000.0,
        "Total Revenue": 4527000000.0,
        "Operating Revenue": 4510000000.0
    }
}