{
    "2023-06-30": {
        "Tax Effect Of Unusual Items": NaN,
        "Tax Rate For Calcs": NaN,
        "Normalized EBITDA": NaN,
        "Total Unusual Items": NaN,
        "Total Unusual Items Excluding Goodwill": NaN,
        "Net Income From Continuing Operation Net Minority Interest": NaN,
        "Reconciled Depreciation": NaN,
        "Reconciled Cost Of Revenue": NaN,
        "EBITDA": NaN,
        "EBIT": NaN,
        "Net Interest Income": NaN,
        "Interest Income": NaN,
        "Normalized Income": NaN,
        "Net Income From Continuing And Discontinued Operation": NaN,
        "Total Expenses": NaN,
        "Total Operating Income As Reported": NaN,
        "Diluted Average Shares": NaN,
        "Basic Average Shares": NaN,
        "Diluted EPS": NaN,
        "Basic EPS": NaN,
        "Diluted NI Availto Com Stockholders": NaN,
        "Net Income Common Stockholders": NaN,
        "Net Income": NaN,
        "Net Income Including Noncontrolling Interests": NaN,
        "Net Income Continuous Operations": NaN,
        "Tax Provision": NaN,
        "Pretax Income": NaN,
        "Other Income Expense": NaN,
        "Special Income Charges": 0.0,
        "Gain On Sale Of Ppe": 0.0,
        "Gain On Sale Of Security": NaN,
        "Net Non Operating Interest Income Expense": NaN,
        "Interest Income Non Operating": NaN,
        "Operating Income": NaN,
        "Operating Expense": NaN,
        "Research And Development": NaN,
        "Selling General And Administration": NaN,
        "General And Administrative Expense": 2489000.0,
        "Other Gand A": 2220000.0,
        "Salaries And Wages": 269000.0,
        "Gross Profit": NaN,
        "Cost Of Revenue": NaN,
        "Total Revenue": NaN,
        "Operating Revenue": NaN
    },
    "2023-03-31": {
        "Tax Effect Of Unusual Items": NaN,
        "Tax Rate For Calcs": NaN,
        "Normalized EBITDA": NaN,
        "Total Unusual Items": NaN,
        "Total Unusual Items Excluding Goodwill": NaN,
        "Net Income From Continuing Operation Net Minority Interest": NaN,
        "Reconciled Depreciation": NaN,
        "Reconciled Cost Of Revenue": NaN,
        "EBITDA": NaN,
        "EBIT": NaN,
        "Net Interest Income": NaN,
        "Interest Income": NaN,
        "Normalized Income": NaN,
        "Net Income From Continuing And Discontinued Operation": NaN,
        "Total Expenses": NaN,
        "Total Operating Income As Reported": NaN,
        "Diluted Average Shares": NaN,
        "Basic Average Shares": NaN,
        "Diluted EPS": NaN,
        "Basic EPS": NaN,
        "Diluted NI Availto Com Stockholders": NaN,
        "Net Income Common Stockholders": NaN,
        "Net Income": NaN,
        "Net Income Including Noncontrolling Interests": NaN,
        "Net Income Continuous Operations": NaN,
        "Tax Provision": NaN,
        "Pretax Income": NaN,
        "Other Income Expense": NaN,
        "Special Income Charges": 0.0,
        "Gain On Sale Of Ppe": 0.0,
        "Gain On Sale Of Security": NaN,
        "Net Non Operating Interest Income Expense": NaN,
        "Interest Income Non Operating": NaN,
        "Operating Income": NaN,
        "Operating Expense": NaN,
        "Research And Development": NaN,
        "Selling General And Administration": NaN,
        "General And Administrative Expense": NaN,
        "Other Gand A": NaN,
        "Salaries And Wages": NaN,
        "Gross Profit": NaN,
        "Cost Of Revenue": NaN,
        "Total Revenue": NaN,
        "Operating Revenue": NaN
    },
    "2022-12-31": {
        "Tax Effect Of Unusual Items": NaN,
        "Tax Rate For Calcs": NaN,
        "Normalized EBITDA": NaN,
        "Total Unusual Items": NaN,
        "Total Unusual Items Excluding Goodwill": NaN,
        "Net Income From Continuing Operation Net Minority Interest": NaN,
        "Reconciled Depreciation": NaN,
        "Reconciled Cost Of Revenue": NaN,
        "EBITDA": NaN,
        "EBIT": NaN,
        "Net Interest Income": NaN,
        "Interest Income": NaN,
        "Normalized Income": NaN,
        "Net Income From Continuing And Discontinued Operation": NaN,
        "Total Expenses": NaN,
        "Total Operating Income As Reported": NaN,
        "Diluted Average Shares": NaN,
        "Basic Average Shares": NaN,
        "Diluted EPS": NaN,
        "Basic EPS": NaN,
        "Diluted NI Availto Com Stockholders": NaN,
        "Net Income Common Stockholders": NaN,
        "Net Income": NaN,
        "Net Income Including Noncontrolling Interests": NaN,
        "Net Income Continuous Operations": NaN,
        "Tax Provision": NaN,
        "Pretax Income": NaN,
        "Other Income Expense": NaN,
        "Special Income Charges": 0.0,
        "Gain On Sale Of Ppe": 0.0,
        "Gain On Sale Of Security": NaN,
        "Net Non Operating Interest Income Expense": NaN,
        "Interest Income Non Operating": NaN,
        "Operating Income": NaN,
        "Operating Expense": NaN,
        "Research And Development": NaN,
        "Selling General And Administration": NaN,
        "General And Administrative Expense": NaN,
        "Other Gand A": NaN,
        "Salaries And Wages": NaN,
        "Gross Profit": NaN,
        "Cost Of Revenue": NaN,
        "Total Revenue": NaN,
        "Operating Revenue": NaN
    },
    "2022-09-30": {
        "Tax Effect Of Unusual Items": 54053.501946,
        "Tax Rate For Calcs": 0.17607,
        "Normalized EBITDA": 405000.0,
        "Total Unusual Items": 307000.0,
        "Total Unusual Items Excluding Goodwill": 307000.0,
        "Net Income From Continuing Operation Net Minority Interest": 847000.0,
        "Reconciled Depreciation": 148000.0,
        "Reconciled Cost Of Revenue": 3101000.0,
        "EBITDA": 712000.0,
        "EBIT": 712000.0,
        "Net Interest Income": 9000.0,
        "Interest Income": 9000.0,
        "Normalized Income": 594053.501946,
        "Net Income From Continuing And Discontinued Operation": 847000.0,
        "Total Expenses": 6500000.0,
        "Total Operating Income As Reported": 712000.0,
        "Diluted Average Shares": 8859000.0,
        "Basic Average Shares": 8816000.0,
        "Diluted EPS": 0.1,
        "Basic EPS": 0.1,
        "Diluted NI Availto Com Stockholders": 847000.0,
        "Net Income Common Stockholders": 847000.0,
        "Net Income": 847000.0,
        "Net Income Including Noncontrolling Interests": 847000.0,
        "Net Income Continuous Operations": 847000.0,
        "Tax Provision": 181000.0,
        "Pretax Income": 1028000.0,
        "Other Income Expense": 307000.0,
        "Special Income Charges": 0.0,
        "Gain On Sale Of Ppe": 0.0,
        "Gain On Sale Of Security": 307000.0,
        "Net Non Operating Interest Income Expense": 9000.0,
        "Interest Income Non Operating": 9000.0,
        "Operating Income": 712000.0,
        "Operating Expense": 3399000.0,
        "Research And Development": 1432000.0,
        "Selling General And Administration": 1967000.0,
        "General And Administrative Expense": NaN,
        "Other Gand A": NaN,
        "Salaries And Wages": NaN,
        "Gross Profit": 4111000.0,
        "Cost Of Revenue": 3101000.0,
        "Total Revenue": 7212000.0,
        "Operating Revenue": 7212000.0
    },
    "2022-06-30": {
        "Tax Effect Of Unusual Items": 52000.0,
        "Tax Rate For Calcs": 0.4,
        "Normalized EBITDA": -857000.0,
        "Total Unusual Items": 130000.0,
        "Total Unusual Items Excluding Goodwill": 130000.0,
        "Net Income From Continuing Operation Net Minority Interest": -657000.0,
        "Reconciled Depreciation": 153000.0,
        "Reconciled Cost Of Revenue": 2011000.0,
        "EBITDA": -727000.0,
        "EBIT": -727000.0,
        "Net Interest Income": 1000.0,
        "Interest Income": 1000.0,
        "Normalized Income": -735000.0,
        "Net Income From Continuing And Discontinued Operation": -657000.0,
        "Total Expenses": 5496000.0,
        "Total Operating Income As Reported": -727000.0,
        "Diluted Average Shares": 8709000.0,
        "Basic Average Shares": 8709000.0,
        "Diluted EPS": -0.08,
        "Basic EPS": -0.08,
        "Diluted NI Availto Com Stockholders": -657000.0,
        "Net Income Common Stockholders": -657000.0,
        "Net Income": -657000.0,
        "Net Income Including Noncontrolling Interests": -657000.0,
        "Net Income Continuous Operations": -657000.0,
        "Tax Provision": 61000.0,
        "Pretax Income": -596000.0,
        "Other Income Expense": 130000.0,
        "Special Income Charges": 0.0,
        "Gain On Sale Of Ppe": 0.0,
        "Gain On Sale Of Security": 130000.0,
        "Net Non Operating Interest Income Expense": 1000.0,
        "Interest Income Non Operating": 1000.0,
        "Operating Income": -727000.0,
        "Operating Expense": 3485000.0,
        "Research And Development": 1557000.0,
        "Selling General And Administration": 1928000.0,
        "General And Administrative Expense": NaN,
        "Other Gand A": NaN,
        "Salaries And Wages": NaN,
        "Gross Profit": 2758000.0,
        "Cost Of Revenue": 2011000.0,
        "Total Revenue": 4769000.0,
        "Operating Revenue": 4769000.0
    },
    "2022-03-31": {
        "Diluted EPS": -0.21,
        "Total Revenue": 5,
        "Gross Profit": 2,
        "Operating Income": -1,
        "EBIT": -1,
        "Net Income": -2
    },
    "2021-12-31": {
        "Diluted EPS": -0.02,
        "Total Revenue": 6,
        "Gross Profit": 3,
        "Operating Income": 0,
        "EBIT": 0,
        "Net Income": 0
    },
    "2021-09-30": {
        "Diluted EPS": 0.0,
        "Total Revenue": 7,
        "Gross Profit": 4,
        "Operating Income": 0,
        "EBIT": 0,
        "Net Income": 0
    },
    "2021-06-30": {
        "Diluted EPS": 0.0,
        "Total Revenue": 7,
        "Gross Profit": 4,
        "Operating Income": 0,
        "EBIT": 0,
        "Net Income": 0
    },
    "2021-03-31": {
        "Diluted EPS": -0.04,
        "Total Revenue": 6,
        "Gross Profit": 3,
        "Operating Income": 0,
        "EBIT": 0,
        "Net Income": 0
    },
    "2020-12-31": {
        "Diluted EPS": -0.19,
        "Total Revenue": 5,
        "Gross Profit": 2,
        "Operating Income": -1,
        "EBIT": -1,
        "Net Income": -2
    },
    "2020-09-30": {
        "Diluted EPS": -0.09,
        "Total Revenue": 6,
        "Gross Profit": 3,
        "Operating Income": 0,
        "EBIT": 0,
        "Net Income": -1
    },
    "2020-06-30": {
        "Diluted EPS": -0.13,
        "Total Revenue": 5,
        "Gross Profit": 2,
        "Operating Income": -1,
        "EBIT": -1,
        "Net Income": -1
    },
    "2020-03-31": {
        "Diluted EPS": -0.07,
        "Total Revenue": 5,
        "Gross Profit": 3,
        "Operating Income": -1,
        "EBIT": 0,
        "Net Income": -1
    },
    "2019-12-31": {
        "Diluted EPS": -0.06,
        "Total Revenue": 6,
        "Gross Profit": 3,
        "Operating Income": 0,
        "EBIT": 0,
        "Net Income": 0
    },
    "2019-09-30": {
        "Diluted EPS": -0.1,
        "Total Revenue": 4,
        "Gross Profit": 2,
        "Operating Income": -1,
        "EBIT": -1,
        "Net Income": -1
    },
    "2019-06-30": {
        "Diluted EPS": 0.02,
        "Total Revenue": 6,
        "Gross Profit": 4,
        "Operating Income": 0,
        "EBIT": 0,
        "Net Income": 0
    },
    "2019-03-31": {
        "Diluted EPS": 0.0,
        "Total Revenue": 6,
        "Gross Profit": 4,
        "Operating Income": 0,
        "EBIT": 0,
        "Net Income": 0
    },
    "2018-12-31": {
        "Diluted EPS": 0.07,
        "Total Revenue": 8,
        "Gross Profit": 5,
        "Operating Income": 1,
        "EBIT": 1,
        "Net Income": 1
    },
    "2018-09-30": {
        "Diluted EPS": 0.04,
        "Total Revenue": 7,
        "Gross Profit": 4,
        "Operating Income": 0,
        "EBIT": 1,
        "Net Income": 0
    },
    "2018-06-30": {
        "Diluted EPS": 0.06,
        "Total Revenue": 7,
        "Gross Profit": 4,
        "Operating Income": 0,
        "EBIT": 1,
        "Net Income": 0
    },
    "2018-03-31": {
        "Diluted EPS": 0.02,
        "Total Revenue": 8,
        "Gross Profit": 4,
        "Operating Income": 0,
        "EBIT": 1,
        "Net Income": 0
    },
    "2017-12-31": {
        "Diluted EPS": 0.19,
        "Total Revenue": 8,
        "Gross Profit": 5,
        "Operating Income": 1,
        "EBIT": 1,
        "Net Income": 2
    },
    "2017-09-30": {
        "Diluted EPS": 0.2,
        "Total Revenue": 10,
        "Gross Profit": 6,
        "Operating Income": 2,
        "EBIT": 2,
        "Net Income": 2
    },
    "2017-06-30": {
        "Diluted EPS": 0.14,
        "Total Revenue": 9,
        "Gross Profit": 5,
        "Operating Income": 1,
        "EBIT": 1,
        "Net Income": 1
    },
    "2017-03-31": {
        "Diluted EPS": 0.12,
        "Total Revenue": 7,
        "Gross Profit": 4,
        "Operating Income": 1,
        "EBIT": 1,
        "Net Income": 1
    },
    "2016-12-31": {
        "Diluted EPS": 0.08,
        "Total Revenue": 6,
        "Gross Profit": 4,
        "Operating Income": 1,
        "EBIT": 1,
        "Net Income": 1
    },
    "2016-09-30": {
        "Diluted EPS": 0.08,
        "Total Revenue": 7,
        "Gross Profit": 4,
        "Operating Income": 1,
        "EBIT": 1,
        "Net Income": 1
    },
    "2016-06-30": {
        "Diluted EPS": 0.06,
        "Total Revenue": 6,
        "Gross Profit": 3,
        "Operating Income": 0,
        "EBIT": 1,
        "Net Income": 0
    },
    "2016-03-31": {
        "Diluted EPS": -0.02,
        "Total Revenue": 5,
        "Gross Profit": 3,
        "Operating Income": 0,
        "EBIT": 0,
        "Net Income": 0
    },
    "2015-12-31": {
        "Diluted EPS": 0.05,
        "Total Revenue": 5,
        "Gross Profit": 3,
        "Operating Income": 0,
        "EBIT": 0,
        "Net Income": 0
    },
    "2015-09-30": {
        "Diluted EPS": 0.05,
        "Total Revenue": 6,
        "Gross Profit": 3,
        "Operating Income": 0,
        "EBIT": 1,
        "Net Income": 0
    },
    "2015-06-30": {
        "Diluted EPS": 0.01,
        "Total Revenue": 5,
        "Gross Profit": 3,
        "Operating Income": 0,
        "EBIT": 0,
        "Net Income": 0
    },
    "2015-03-31": {
        "Diluted EPS": 0.01,
        "Total Revenue": 6,
        "Gross Profit": 3,
        "Operating Income": 0,
        "EBIT": 0,
        "Net Income": 0
    },
    "2014-12-31": {
        "Diluted EPS": 0.04,
        "Total Revenue": 5,
        "Gross Profit": 3,
        "Operating Income": 0,
        "EBIT": 0,
        "Net Income": 0
    },
    "2014-09-30": {
        "Diluted EPS": 0.08,
        "Total Revenue": 6,
        "Gross Profit": 3,
        "Operating Income": 1,
        "EBIT": 1,
        "Net Income": 1
    },
    "2014-06-30": {
        "Diluted EPS": 0.06,
        "Total Revenue": 6,
        "Gross Profit": 3,
        "Operating Income": 0,
        "EBIT": 1,
        "Net Income": 0
    },
    "2014-03-31": {
        "Diluted EPS": -0.04,
        "Total Revenue": 5,
        "Gross Profit": 2,
        "Operating Income": 0,
        "EBIT": 0,
        "Net Income": 0
    },
    "2013-12-31": {
        "Diluted EPS": -0.21,
        "Total Revenue": 3,
        "Gross Profit": 1,
        "Operating Income": -2,
        "EBIT": -2,
        "Net Income": -2
    },
    "2013-09-30": {
        "Diluted EPS": 0.02,
        "Total Revenue": 5,
        "Gross Profit": 3,
        "Operating Income": 0,
        "EBIT": 0,
        "Net Income": 0
    },
    "2013-06-30": {
        "Diluted EPS": -0.08,
        "Total Revenue": 5,
        "Gross Profit": 3,
        "Operating Income": -1,
        "EBIT": 0,
        "Net Income": -1
    },
    "2013-03-31": {
        "Diluted EPS": -0.06,
        "Total Revenue": 5,
        "Gross Profit": 3,
        "Operating Income": 0,
        "EBIT": 0,
        "Net Income": 0
    },
    "2012-12-31": {
        "Diluted EPS": -0.43,
        "Total Revenue": 4,
        "Gross Profit": 2,
        "Operating Income": -3,
        "EBIT": -3,
        "Net Income": -3
    },
    "2012-09-30": {
        "Diluted EPS": -0.17,
        "Total Revenue": 4,
        "Gross Profit": 2,
        "Operating Income": -1,
        "EBIT": -1,
        "Net Income": -1
    },
    "2012-06-30": {
        "Diluted EPS": -0.01,
        "Total Revenue": 5,
        "Gross Profit": 3,
        "Operating Income": 0,
        "EBIT": 0,
        "Net Income": 0
    },
    "2012-03-31": {
        "Diluted EPS": -0.19,
        "Total Revenue": 4,
        "Gross Profit": 2,
        "Operating Income": -2,
        "EBIT": -1,
        "Net Income": -2
    },
    "2011-12-31": {
        "Diluted EPS": 0.0,
        "Total Revenue": 6,
        "Gross Profit": 3,
        "Operating Income": 0,
        "EBIT": 0,
        "Net Income": 0
    },
    "2011-09-30": {
        "Diluted EPS": 0.01,
        "Total Revenue": 7,
        "Gross Profit": 4,
        "Operating Income": 0,
        "EBIT": 1,
        "Net Income": 0
    },
    "2011-06-30": {
        "Diluted EPS": 0.04,
        "Total Revenue": 7,
        "Gross Profit": 4,
        "Operating Income": 1,
        "EBIT": 1,
        "Net Income": 0
    },
    "2011-03-31": {
        "Diluted EPS": 0.06,
        "Total Revenue": 7,
        "Gross Profit": 4,
        "Operating Income": 1,
        "EBIT": 1,
        "Net Income": 1
    },
    "2010-12-31": {
        "Diluted EPS": 0.07,
        "Total Revenue": 7,
        "Gross Profit": 4,
        "Operating Income": 1,
        "EBIT": 1,
        "Net Income": 1
    },
    "2010-09-30": {
        "Diluted EPS": 0.09,
        "Total Revenue": 7,
        "Gross Profit": 4,
        "Operating Income": 1,
        "EBIT": 1,
        "Net Income": 1
    },
    "2010-06-30": {
        "Diluted EPS": 0.09,
        "Total Revenue": 7,
        "Gross Profit": 4,
        "Operating Income": 1,
        "EBIT": 1,
        "Net Income": 1
    },
    "2010-03-31": {
        "Diluted EPS": 0.08,
        "Total Revenue": 6,
        "Gross Profit": 4,
        "Operating Income": 1,
        "EBIT": 1,
        "Net Income": 1
    },
    "2009-12-31": {
        "Diluted EPS": 0.0,
        "Total Revenue": 5,
        "Gross Profit": 3,
        "Operating Income": 0,
        "EBIT": 0,
        "Net Income": 0
    },
    "2009-09-30": {
        "Diluted EPS": 0.04,
        "Total Revenue": 5,
        "Gross Profit": 3,
        "Operating Income": 0,
        "EBIT": 1,
        "Net Income": 0
    },
    "2009-06-30": {
        "Diluted EPS": -0.08,
        "Total Revenue": 4,
        "Gross Profit": 2,
        "Operating Income": -1,
        "EBIT": -1,
        "Net Income": -1
    },
    "2009-03-31": {
        "Diluted EPS": -0.05,
        "Total Revenue": 4,
        "Gross Profit": 2,
        "Operating Income": 0,
        "EBIT": 0,
        "Net Income": 0
    },
    "2023-09-30": {
        "Tax Effect Of Unusual Items": NaN,
        "Tax Rate For Calcs": NaN,
        "Normalized EBITDA": NaN,
        "Total Unusual Items": NaN,
        "Total Unusual Items Excluding Goodwill": NaN,
        "Net Income From Continuing Operation Net Minority Interest": NaN,
        "Reconciled Depreciation": NaN,
        "Reconciled Cost Of Revenue": NaN,
        "EBITDA": NaN,
        "EBIT": NaN,
        "Net Interest Income": NaN,
        "Interest Income": NaN,
        "Normalized Income": NaN,
        "Net Income From Continuing And Discontinued Operation": NaN,
        "Total Expenses": NaN,
        "Total Operating Income As Reported": NaN,
        "Diluted Average Shares": NaN,
        "Basic Average Shares": NaN,
        "Diluted EPS": NaN,
        "Basic EPS": NaN,
        "Diluted NI Availto Com Stockholders": NaN,
        "Net Income Common Stockholders": NaN,
        "Net Income": NaN,
        "Net Income Including Noncontrolling Interests": NaN,
        "Net Income Continuous Operations": NaN,
        "Tax Provision": NaN,
        "Pretax Income": NaN,
        "Other Income Expense": NaN,
        "Special Income Charges": 0.0,
        "Gain On Sale Of Ppe": 0.0,
        "Gain On Sale Of Security": NaN,
        "Net Non Operating Interest Income Expense": NaN,
        "Interest Income Non Operating": NaN,
        "Operating Income": NaN,
        "Operating Expense": NaN,
        "Research And Development": NaN,
        "Selling General And Administration": NaN,
        "Gross Profit": NaN,
        "Cost Of Revenue": NaN,
        "Total Revenue": NaN,
        "Operating Revenue": NaN
    },
    "2023-12-31": {
        "Tax Effect Of Unusual Items": NaN,
        "Tax Rate For Calcs": NaN,
        "Normalized EBITDA": NaN,
        "Total Unusual Items": NaN,
        "Total Unusual Items Excluding Goodwill": NaN,
        "Net Income From Continuing Operation Net Minority Interest": NaN,
        "Reconciled Depreciation": NaN,
        "Reconciled Cost Of Revenue": NaN,
        "EBITDA": NaN,
        "EBIT": NaN,
        "Net Interest Income": NaN,
        "Interest Income": NaN,
        "Normalized Income": NaN,
        "Net Income From Continuing And Discontinued Operation": NaN,
        "Total Expenses": NaN,
        "Total Operating Income As Reported": NaN,
        "Diluted Average Shares": NaN,
        "Basic Average Shares": NaN,
        "Diluted EPS": NaN,
        "Basic EPS": NaN,
        "Diluted NI Availto Com Stockholders": NaN,
        "Net Income Common Stockholders": NaN,
        "Net Income": NaN,
        "Net Income Including Noncontrolling Interests": NaN,
        "Net Income Continuous Operations": NaN,
        "Tax Provision": NaN,
        "Pretax Income": NaN,
        "Other Income Expense": NaN,
        "Special Income Charges": 0.0,
        "Gain On Sale Of Ppe": 0.0,
        "Gain On Sale Of Security": NaN,
        "Net Non Operating Interest Income Expense": NaN,
        "Interest Income Non Operating": NaN,
        "Operating Income": NaN,
        "Operating Expense": NaN,
        "Research And Development": NaN,
        "Selling General And Administration": NaN,
        "Gross Profit": NaN,
        "Cost Of Revenue": NaN,
        "Total Revenue": NaN,
        "Operating Revenue": NaN
    },
    "2024-03-31": {
        "Tax Effect Of Unusual Items": 2940.0,
        "Tax Rate For Calcs": 0.21,
        "Normalized EBITDA": -672000.0,
        "Total Unusual Items": 14000.0,
        "Total Unusual Items Excluding Goodwill": 14000.0,
        "Net Income From Continuing Operation Net Minority Interest": -807000.0,
        "Reconciled Depreciation": 202000.0,
        "Reconciled Cost Of Revenue": 2879000.0,
        "EBITDA": -658000.0,
        "EBIT": -860000.0,
        "Net Interest Income": 80000.0,
        "Interest Income": 80000.0,
        "Normalized Income": -818060.0,
        "Net Income From Continuing And Discontinued Operation": -807000.0,
        "Total Expenses": 6959000.0,
        "Total Operating Income As Reported": -860000.0,
        "Diluted Average Shares": 9023000.0,
        "Basic Average Shares": 9023000.0,
        "Diluted EPS": -0.09,
        "Basic EPS": -0.09,
        "Diluted NI Availto Com Stockholders": -807000.0,
        "Net Income Common Stockholders": -807000.0,
        "Net Income": -807000.0,
        "Net Income Including Noncontrolling Interests": -807000.0,
        "Net Income Continuous Operations": -807000.0,
        "Tax Provision": 41000.0,
        "Pretax Income": -766000.0,
        "Other Income Expense": 14000.0,
        "Special Income Charges": NaN,
        "Gain On Sale Of Ppe": NaN,
        "Gain On Sale Of Security": 14000.0,
        "Net Non Operating Interest Income Expense": 80000.0,
        "Interest Income Non Operating": 80000.0,
        "Operating Income": -860000.0,
        "Operating Expense": 4080000.0,
        "Research And Development": 1582000.0,
        "Selling General And Administration": 2498000.0,
        "Gross Profit": 3220000.0,
        "Cost Of Revenue": 2879000.0,
        "Total Revenue": 6099000.0,
        "Operating Revenue": 6099000.0
    },
    "2024-06-30": {
        "Tax Effect Of Unusual Items": 10290.0,
        "Tax Rate For Calcs": 0.21,
        "Normalized EBITDA": -477000.0,
        "Total Unusual Items": 49000.0,
        "Total Unusual Items Excluding Goodwill": 49000.0,
        "Net Income From Continuing Operation Net Minority Interest": -797000.0,
        "Reconciled Depreciation": 138000.0,
        "Reconciled Cost Of Revenue": 2305000.0,
        "EBITDA": -428000.0,
        "EBIT": -566000.0,
        "Net Interest Income": 73000.0,
        "Interest Income": 73000.0,
        "Normalized Income": -835710.0,
        "Net Income From Continuing And Discontinued Operation": -797000.0,
        "Total Expenses": 5628000.0,
        "Total Operating Income As Reported": -566000.0,
        "Diluted Average Shares": 9104000.0,
        "Basic Average Shares": 9104000.0,
        "Diluted EPS": -0.09,
        "Basic EPS": -0.09,
        "Diluted NI Availto Com Stockholders": -797000.0,
        "Net Income Common Stockholders": -797000.0,
        "Net Income": -797000.0,
        "Net Income Including Noncontrolling Interests": -797000.0,
        "Net Income Continuous Operations": -797000.0,
        "Tax Provision": 353000.0,
        "Pretax Income": -444000.0,
        "Other Income Expense": 49000.0,
        "Special Income Charges": NaN,
        "Gain On Sale Of Ppe": NaN,
        "Gain On Sale Of Security": 49000.0,
        "Net Non Operating Interest Income Expense": 73000.0,
        "Interest Income Non Operating": 73000.0,
        "Operating Income": -566000.0,
        "Operating Expense": 3323000.0,
        "Research And Development": 1413000.0,
        "Selling General And Administration": 1910000.0,
        "Gross Profit": 2757000.0,
        "Cost Of Revenue": 2305000.0,
        "Total Revenue": 5062000.0,
        "Operating Revenue": 5062000.0
    },
    "2024-09-30": {
        "Tax Effect Of Unusual Items": 0.0,
        "Tax Rate For Calcs": 0.0,
        "Normalized EBITDA": -161000.0,
        "Total Unusual Items": -53000.0,
        "Total Unusual Items Excluding Goodwill": -53000.0,
        "Net Income From Continuing Operation Net Minority Interest": -307000.0,
        "Reconciled Depreciation": 111000.0,
        "Reconciled Cost Of Revenue": 2499000.0,
        "EBITDA": -214000.0,
        "EBIT": -325000.0,
        "Net Interest Income": 71000.0,
        "Interest Income": 71000.0,
        "Normalized Income": -254000.0,
        "Net Income From Continuing And Discontinued Operation": -307000.0,
        "Total Expenses": 5748000.0,
        "Total Operating Income As Reported": -325000.0,
        "Diluted Average Shares": 9235000.0,
        "Basic Average Shares": 9235000.0,
        "Diluted EPS": -0.03,
        "Basic EPS": -0.03,
        "Diluted NI Availto Com Stockholders": -307000.0,
        "Net Income Common Stockholders": -307000.0,
        "Net Income": -307000.0,
        "Net Income Including Noncontrolling Interests": -307000.0,
        "Net Income Continuous Operations": -307000.0,
        "Tax Provision": 0.0,
        "Pretax Income": -307000.0,
        "Other Income Expense": -53000.0,
        "Special Income Charges": NaN,
        "Gain On Sale Of Ppe": NaN,
        "Gain On Sale Of Security": -53000.0,
        "Net Non Operating Interest Income Expense": 71000.0,
        "Interest Income Non Operating": 71000.0,
        "Operating Income": -325000.0,
        "Operating Expense": 3249000.0,
        "Research And Development": 1544000.0,
        "Selling General And Administration": 1705000.0,
        "Gross Profit": 2924000.0,
        "Cost Of Revenue": 2499000.0,
        "Total Revenue": 5423000.0,
        "Operating Revenue": 5423000.0
    },
    "2024-12-31": {
        "Tax Effect Of Unusual Items": 288.477712,
        "Tax Rate For Calcs": 0.005887,
        "Normalized EBITDA": -1223000.0,
        "Total Unusual Items": 49000.0,
        "Total Unusual Items Excluding Goodwill": 49000.0,
        "Net Income From Continuing Operation Net Minority Interest": -1182000.0,
        "Reconciled Depreciation": 113000.0,
        "Reconciled Cost Of Revenue": 2479000.0,
        "EBITDA": -1174000.0,
        "EBIT": -1287000.0,
        "Net Interest Income": 49000.0,
        "Interest Income": 49000.0,
        "Normalized Income": -1230711.522288,
        "Net Income From Continuing And Discontinued Operation": -1182000.0,
        "Total Expenses": 6472000.0,
        "Total Operating Income As Reported": -1287000.0,
        "Diluted Average Shares": 9236000.0,
        "Basic Average Shares": 9236000.0,
        "Diluted EPS": -0.13,
        "Basic EPS": -0.13,
        "Diluted NI Availto Com Stockholders": -1182000.0,
        "Net Income Common Stockholders": -1182000.0,
        "Net Income": -1182000.0,
        "Net Income Including Noncontrolling Interests": -1182000.0,
        "Net Income Continuous Operations": -1182000.0,
        "Tax Provision": -7000.0,
        "Pretax Income": -1189000.0,
        "Other Income Expense": 49000.0,
        "Special Income Charges": NaN,
        "Gain On Sale Of Ppe": NaN,
        "Gain On Sale Of Security": 49000.0,
        "Net Non Operating Interest Income Expense": 49000.0,
        "Interest Income Non Operating": 49000.0,
        "Operating Income": -1287000.0,
        "Operating Expense": 3993000.0,
        "Research And Development": 1701000.0,
        "Selling General And Administration": 2292000.0,
        "Gross Profit": 2706000.0,
        "Cost Of Revenue": 2479000.0,
        "Total Revenue": 5185000.0,
        "Operating Revenue": 5185000.0
    },
    "2025-03-31": {
        "Tax Effect Of Unusual Items": -4620.0,
        "Tax Rate For Calcs": 0.21,
        "Normalized EBITDA": -228000.0,
        "Total Unusual Items": -22000.0,
        "Total Unusual Items Excluding Goodwill": -22000.0,
        "Net Income From Continuing Operation Net Minority Interest": -382000.0,
        "Reconciled Depreciation": 127000.0,
        "Reconciled Cost Of Revenue": 2988000.0,
        "EBITDA": -250000.0,
        "EBIT": -377000.0,
        "Net Interest Income": 38000.0,
        "Interest Income": 38000.0,
        "Normalized Income": -364620.0,
        "Net Income From Continuing And Discontinued Operation": -382000.0,
        "Total Expenses": 6553000.0,
        "Total Operating Income As Reported": -377000.0,
        "Diluted Average Shares": 9238000.0,
        "Basic Average Shares": 9238000.0,
        "Diluted EPS": -0.04,
        "Basic EPS": -0.04,
        "Diluted NI Availto Com Stockholders": -382000.0,
        "Net Income Common Stockholders": -382000.0,
        "Net Income": -382000.0,
        "Net Income Including Noncontrolling Interests": -382000.0,
        "Net Income Continuous Operations": -382000.0,
        "Tax Provision": 21000.0,
        "Pretax Income": -361000.0,
        "Other Income Expense": -22000.0,
        "Special Income Charges": NaN,
        "Gain On Sale Of Ppe": NaN,
        "Gain On Sale Of Security": -22000.0,
        "Net Non Operating Interest Income Expense": 38000.0,
        "Interest Income Non Operating": 38000.0,
        "Operating Income": -377000.0,
        "Operating Expense": 3565000.0,
        "Research And Development": 1515000.0,
        "Selling General And Administration": 2050000.0,
        "Gross Profit": 3188000.0,
        "Cost Of Revenue": 2988000.0,
        "Total Revenue": 6176000.0,
        "Operating Revenue": 6176000.0
    }
}