{
    "2023-06-30": {
        "Tax Effect Of Unusual Items": NaN,
        "Tax Rate For Calcs": NaN,
        "Normalized EBITDA": NaN,
        "Total Unusual Items": NaN,
        "Total Unusual Items Excluding Goodwill": NaN,
        "Net Income From Continuing Operation Net Minority Interest": NaN,
        "Reconciled Cost Of Revenue": NaN,
        "EBITDA": NaN,
        "EBIT": NaN,
        "Net Interest Income": NaN,
        "Interest Expense": NaN,
        "Normalized Income": NaN,
        "Net Income From Continuing And Discontinued Operation": NaN,
        "Total Expenses": NaN,
        "Rent Expense Supplemental": NaN,
        "Total Operating Income As Reported": NaN,
        "Diluted Average Shares": NaN,
        "Basic Average Shares": NaN,
        "Diluted EPS": NaN,
        "Basic EPS": NaN,
        "Diluted NI Availto Com Stockholders": NaN,
        "Net Income Common Stockholders": NaN,
        "Net Income": NaN,
        "Net Income Including Noncontrolling Interests": NaN,
        "Net Income Continuous Operations": NaN,
        "Tax Provision": NaN,
        "Pretax Income": NaN,
        "Other Income Expense": NaN,
        "Other Non Operating Income Expenses": NaN,
        "Special Income Charges": NaN,
        "Other Special Charges": NaN,
        "Gain On Sale Of Security": NaN,
        "Net Non Operating Interest Income Expense": NaN,
        "Interest Expense Non Operating": NaN,
        "Operating Income": NaN,
        "Operating Expense": NaN,
        "Other Operating Expenses": NaN,
        "Selling General And Administration": NaN,
        "Selling And Marketing Expense": NaN,
        "General And Administrative Expense": 656000000.0,
        "Salaries And Wages": 656000000.0,
        "Gross Profit": NaN,
        "Cost Of Revenue": NaN,
        "Total Revenue": NaN,
        "Operating Revenue": NaN
    },
    "2023-03-31": {
        "Tax Effect Of Unusual Items": NaN,
        "Tax Rate For Calcs": NaN,
        "Normalized EBITDA": NaN,
        "Total Unusual Items": NaN,
        "Total Unusual Items Excluding Goodwill": NaN,
        "Net Income From Continuing Operation Net Minority Interest": NaN,
        "Reconciled Cost Of Revenue": NaN,
        "EBITDA": NaN,
        "EBIT": NaN,
        "Net Interest Income": NaN,
        "Interest Expense": NaN,
        "Normalized Income": NaN,
        "Net Income From Continuing And Discontinued Operation": NaN,
        "Total Expenses": NaN,
        "Rent Expense Supplemental": NaN,
        "Total Operating Income As Reported": NaN,
        "Diluted Average Shares": NaN,
        "Basic Average Shares": NaN,
        "Diluted EPS": NaN,
        "Basic EPS": NaN,
        "Diluted NI Availto Com Stockholders": NaN,
        "Net Income Common Stockholders": NaN,
        "Net Income": NaN,
        "Net Income Including Noncontrolling Interests": NaN,
        "Net Income Continuous Operations": NaN,
        "Tax Provision": NaN,
        "Pretax Income": NaN,
        "Other Income Expense": NaN,
        "Other Non Operating Income Expenses": NaN,
        "Special Income Charges": NaN,
        "Other Special Charges": NaN,
        "Gain On Sale Of Security": NaN,
        "Net Non Operating Interest Income Expense": NaN,
        "Interest Expense Non Operating": NaN,
        "Operating Income": NaN,
        "Operating Expense": NaN,
        "Other Operating Expenses": NaN,
        "Selling General And Administration": NaN,
        "Selling And Marketing Expense": NaN,
        "General And Administrative Expense": 72000000.0,
        "Salaries And Wages": 72000000.0,
        "Gross Profit": NaN,
        "Cost Of Revenue": NaN,
        "Total Revenue": NaN,
        "Operating Revenue": NaN
    },
    "2022-12-31": {
        "Tax Effect Of Unusual Items": -17148214.285714,
        "Tax Rate For Calcs": 0.259821,
        "Normalized EBITDA": 1424000000.0,
        "Total Unusual Items": -66000000.0,
        "Total Unusual Items Excluding Goodwill": -66000000.0,
        "Net Income From Continuing Operation Net Minority Interest": 829000000.0,
        "Reconciled Cost Of Revenue": 10812000000.0,
        "EBITDA": 1358000000.0,
        "EBIT": 1358000000.0,
        "Net Interest Income": -238000000.0,
        "Interest Expense": 238000000.0,
        "Normalized Income": 877851785.714286,
        "Net Income From Continuing And Discontinued Operation": 829000000.0,
        "Total Expenses": 12089000000.0,
        "Rent Expense Supplemental": 698000000.0,
        "Total Operating Income As Reported": 1470000000.0,
        "Diluted Average Shares": 641000000.0,
        "Basic Average Shares": 638000000.0,
        "Diluted EPS": 1.29,
        "Basic EPS": 1.3,
        "Diluted NI Availto Com Stockholders": 829000000.0,
        "Net Income Common Stockholders": 829000000.0,
        "Net Income": 829000000.0,
        "Net Income Including Noncontrolling Interests": 829000000.0,
        "Net Income Continuous Operations": 829000000.0,
        "Tax Provision": 291000000.0,
        "Pretax Income": 1120000000.0,
        "Other Income Expense": 12000000.0,
        "Other Non Operating Income Expenses": 70000000.0,
        "Special Income Charges": 104000000.0,
        "Other Special Charges": 0.0,
        "Gain On Sale Of Security": -170000000.0,
        "Net Non Operating Interest Income Expense": -238000000.0,
        "Interest Expense Non Operating": 238000000.0,
        "Operating Income": 1346000000.0,
        "Operating Expense": 1277000000.0,
        "Other Operating Expenses": 499000000.0,
        "Selling General And Administration": 778000000.0,
        "Selling And Marketing Expense": 506000000.0,
        "General And Administrative Expense": 272000000.0,
        "Salaries And Wages": 272000000.0,
        "Gross Profit": 2623000000.0,
        "Cost Of Revenue": 10812000000.0,
        "Total Revenue": 13435000000.0,
        "Operating Revenue": 11138000000.0
    },
    "2022-09-30": {
        "Tax Effect Of Unusual Items": NaN,
        "Tax Rate For Calcs": NaN,
        "Normalized EBITDA": NaN,
        "Total Unusual Items": NaN,
        "Total Unusual Items Excluding Goodwill": NaN,
        "Net Income From Continuing Operation Net Minority Interest": NaN,
        "Reconciled Cost Of Revenue": NaN,
        "EBITDA": NaN,
        "EBIT": NaN,
        "Net Interest Income": NaN,
        "Interest Expense": NaN,
        "Normalized Income": NaN,
        "Net Income From Continuing And Discontinued Operation": NaN,
        "Total Expenses": NaN,
        "Rent Expense Supplemental": NaN,
        "Total Operating Income As Reported": NaN,
        "Diluted Average Shares": NaN,
        "Basic Average Shares": NaN,
        "Diluted EPS": NaN,
        "Basic EPS": NaN,
        "Diluted NI Availto Com Stockholders": NaN,
        "Net Income Common Stockholders": NaN,
        "Net Income": NaN,
        "Net Income Including Noncontrolling Interests": NaN,
        "Net Income Continuous Operations": NaN,
        "Tax Provision": NaN,
        "Pretax Income": NaN,
        "Other Income Expense": NaN,
        "Other Non Operating Income Expenses": NaN,
        "Special Income Charges": NaN,
        "Other Special Charges": NaN,
        "Earnings From Equity Interest": 4000000.0,
        "Gain On Sale Of Security": NaN,
        "Net Non Operating Interest Income Expense": NaN,
        "Interest Expense Non Operating": NaN,
        "Operating Income": NaN,
        "Operating Expense": NaN,
        "Other Operating Expenses": NaN,
        "Selling General And Administration": NaN,
        "Selling And Marketing Expense": NaN,
        "General And Administrative Expense": NaN,
        "Salaries And Wages": NaN,
        "Gross Profit": NaN,
        "Cost Of Revenue": NaN,
        "Total Revenue": NaN,
        "Operating Revenue": NaN
    },
    "2022-06-30": {
        "Tax Effect Of Unusual Items": -75581800.580833,
        "Tax Rate For Calcs": 0.28848,
        "Normalized EBITDA": 1564000000.0,
        "Total Unusual Items": -262000000.0,
        "Total Unusual Items Excluding Goodwill": -262000000.0,
        "Net Income From Continuing Operation Net Minority Interest": 735000000.0,
        "Reconciled Depreciation": NaN,
        "Reconciled Cost Of Revenue": 11289000000.0,
        "EBITDA": 1302000000.0,
        "EBIT": 1302000000.0,
        "Net Interest Income": -269000000.0,
        "Interest Expense": 269000000.0,
        "Normalized Income": 921418199.419167,
        "Net Income From Continuing And Discontinued Operation": 735000000.0,
        "Total Expenses": 12305000000.0,
        "Rent Expense Supplemental": 673000000.0,
        "Total Operating Income As Reported": 1519000000.0,
        "Diluted Average Shares": 641000000.0,
        "Basic Average Shares": 638000000.0,
        "Diluted EPS": 1.15,
        "Basic EPS": 1.15,
        "Diluted NI Availto Com Stockholders": 735000000.0,
        "Net Income Common Stockholders": 735000000.0,
        "Net Income": 735000000.0,
        "Net Income Including Noncontrolling Interests": 735000000.0,
        "Net Income Continuous Operations": 735000000.0,
        "Tax Provision": 298000000.0,
        "Pretax Income": 1033000000.0,
        "Other Income Expense": -217000000.0,
        "Other Non Operating Income Expenses": 57000000.0,
        "Special Income Charges": -41000000.0,
        "Other Special Charges": 41000000.0,
        "Write Off": NaN,
        "Restructuring And Mergern Acquisition": NaN,
        "Earnings From Equity Interest": -12000000.0,
        "Gain On Sale Of Security": -221000000.0,
        "Net Non Operating Interest Income Expense": -269000000.0,
        "Interest Expense Non Operating": 269000000.0,
        "Operating Income": 1519000000.0,
        "Operating Expense": 1016000000.0,
        "Other Operating Expenses": 436000000.0,
        "Selling General And Administration": 580000000.0,
        "Selling And Marketing Expense": 526000000.0,
        "General And Administrative Expense": 54000000.0,
        "Salaries And Wages": 54000000.0,
        "Gross Profit": 2535000000.0,
        "Cost Of Revenue": 11289000000.0,
        "Total Revenue": 13824000000.0,
        "Operating Revenue": 11230000000.0
    },
    "2022-03-31": {
        "Diluted EPS": -1.48,
        "Total Revenue": NaN,
        "Gross Profit": NaN,
        "Operating Income": -783,
        "EBIT": -783,
        "Net Income": -940
    },
    "2021-12-31": {
        "Diluted EPS": -0.62,
        "Total Revenue": NaN,
        "Gross Profit": NaN,
        "Operating Income": 263,
        "EBIT": 263,
        "Net Income": -407
    },
    "2021-09-30": {
        "Diluted EPS": 1.89,
        "Total Revenue": NaN,
        "Gross Profit": NaN,
        "Operating Income": NaN,
        "EBIT": NaN,
        "Net Income": NaN
    },
    "2021-06-30": {
        "Diluted EPS": 1.02,
        "Total Revenue": NaN,
        "Gross Profit": NaN,
        "Operating Income": 816,
        "EBIT": 816,
        "Net Income": 652
    },
    "2021-03-31": {
        "Diluted EPS": -1.85,
        "Total Revenue": NaN,
        "Gross Profit": -597,
        "Operating Income": NaN,
        "EBIT": NaN,
        "Net Income": NaN
    },
    "2020-12-31": {
        "Diluted EPS": -1.17,
        "Total Revenue": NaN,
        "Gross Profit": 27,
        "Operating Income": -858,
        "EBIT": -858,
        "Net Income": -755
    },
    "2020-09-30": {
        "Diluted EPS": -8.47,
        "Total Revenue": NaN,
        "Gross Profit": -610,
        "Operating Income": NaN,
        "EBIT": NaN,
        "Net Income": NaN
    },
    "2020-06-30": {
        "Diluted EPS": -9.01,
        "Total Revenue": NaN,
        "Gross Profit": NaN,
        "Operating Income": NaN,
        "EBIT": NaN,
        "Net Income": NaN
    },
    "2020-03-31": {
        "Diluted EPS": -0.84,
        "Total Revenue": NaN,
        "Gross Profit": NaN,
        "Operating Income": -410,
        "EBIT": -410,
        "Net Income": -534
    },
    "2019-12-31": {
        "Diluted EPS": 1.69,
        "Total Revenue": NaN,
        "Gross Profit": NaN,
        "Operating Income": NaN,
        "EBIT": NaN,
        "Net Income": NaN
    },
    "2019-09-30": {
        "Diluted EPS": 2.31,
        "Total Revenue": NaN,
        "Gross Profit": NaN,
        "Operating Income": NaN,
        "EBIT": NaN,
        "Net Income": NaN
    },
    "2019-06-30": {
        "Diluted EPS": 2.21,
        "Total Revenue": NaN,
        "Gross Profit": NaN,
        "Operating Income": NaN,
        "EBIT": NaN,
        "Net Income": NaN
    },
    "2019-03-31": {
        "Diluted EPS": 1.09,
        "Total Revenue": NaN,
        "Gross Profit": NaN,
        "Operating Income": NaN,
        "EBIT": NaN,
        "Net Income": 730
    },
    "2018-12-31": {
        "Diluted EPS": 1.47,
        "Total Revenue": NaN,
        "Gross Profit": NaN,
        "Operating Income": NaN,
        "EBIT": NaN,
        "Net Income": NaN
    },
    "2018-09-30": {
        "Diluted EPS": 1.92,
        "Total Revenue": NaN,
        "Gross Profit": NaN,
        "Operating Income": NaN,
        "EBIT": NaN,
        "Net Income": NaN
    },
    "2018-06-30": {
        "Diluted EPS": 1.49,
        "Total Revenue": NaN,
        "Gross Profit": NaN,
        "Operating Income": NaN,
        "EBIT": NaN,
        "Net Income": NaN
    },
    "2018-03-31": {
        "Diluted EPS": 0.79,
        "Total Revenue": NaN,
        "Gross Profit": NaN,
        "Operating Income": 844,
        "EBIT": 844,
        "Net Income": 557
    },
    "2017-12-31": {
        "Diluted EPS": 0.43,
        "Total Revenue": NaN,
        "Gross Profit": NaN,
        "Operating Income": NaN,
        "EBIT": NaN,
        "Net Income": 299
    },
    "2017-09-30": {
        "Diluted EPS": 1.61,
        "Total Revenue": NaN,
        "Gross Profit": NaN,
        "Operating Income": NaN,
        "EBIT": NaN,
        "Net Income": NaN
    },
    "2017-06-30": {
        "Diluted EPS": 1.62,
        "Total Revenue": NaN,
        "Gross Profit": NaN,
        "Operating Income": NaN,
        "EBIT": NaN,
        "Net Income": NaN
    },
    "2017-03-31": {
        "Diluted EPS": 0.77,
        "Total Revenue": NaN,
        "Gross Profit": NaN,
        "Operating Income": 999,
        "EBIT": 999,
        "Net Income": 561
    },
    "2016-12-31": {
        "Diluted EPS": 0.62,
        "Total Revenue": NaN,
        "Gross Profit": NaN,
        "Operating Income": NaN,
        "EBIT": NaN,
        "Net Income": 444
    },
    "2016-09-30": {
        "Diluted EPS": 1.69,
        "Total Revenue": NaN,
        "Gross Profit": NaN,
        "Operating Income": NaN,
        "EBIT": NaN,
        "Net Income": NaN
    },
    "2016-06-30": {
        "Diluted EPS": 2.03,
        "Total Revenue": NaN,
        "Gross Profit": NaN,
        "Operating Income": NaN,
        "EBIT": NaN,
        "Net Income": NaN
    },
    "2016-03-31": {
        "Diluted EPS": 1.21,
        "Total Revenue": NaN,
        "Gross Profit": NaN,
        "Operating Income": NaN,
        "EBIT": NaN,
        "Net Income": 946
    },
    "2015-12-31": {
        "Diluted EPS": 1.25,
        "Total Revenue": NaN,
        "Gross Profit": -260,
        "Operating Income": NaN,
        "EBIT": NaN,
        "Net Income": 980
    },
    "2015-09-30": {
        "Diluted EPS": 1.65,
        "Total Revenue": NaN,
        "Gross Profit": NaN,
        "Operating Income": NaN,
        "EBIT": NaN,
        "Net Income": NaN
    },
    "2015-06-30": {
        "Diluted EPS": 1.83,
        "Total Revenue": NaN,
        "Gross Profit": NaN,
        "Operating Income": NaN,
        "EBIT": NaN,
        "Net Income": NaN
    },
    "2015-03-31": {
        "Diluted EPS": 0.9,
        "Total Revenue": NaN,
        "Gross Profit": NaN,
        "Operating Income": NaN,
        "EBIT": NaN,
        "Net Income": 746
    },
    "2014-12-31": {
        "Diluted EPS": -0.86,
        "Total Revenue": NaN,
        "Gross Profit": NaN,
        "Operating Income": -828,
        "EBIT": -828,
        "Net Income": -712
    },
    "2014-09-30": {
        "Diluted EPS": 0.42,
        "Total Revenue": NaN,
        "Gross Profit": NaN,
        "Operating Income": 835,
        "EBIT": 835,
        "Net Income": 357
    },
    "2014-06-30": {
        "Diluted EPS": 0.94,
        "Total Revenue": NaN,
        "Gross Profit": NaN,
        "Operating Income": NaN,
        "EBIT": NaN,
        "Net Income": 801
    },
    "2014-03-31": {
        "Diluted EPS": 0.25,
        "Total Revenue": NaN,
        "Gross Profit": NaN,
        "Operating Income": 620,
        "EBIT": 620,
        "Net Income": 213
    },
    "2013-12-31": {
        "Diluted EPS": 9.89,
        "Total Revenue": NaN,
        "Gross Profit": NaN,
        "Operating Income": 701,
        "EBIT": 701,
        "Net Income": NaN
    },
    "2013-09-30": {
        "Diluted EPS": 1.59,
        "Total Revenue": NaN,
        "Gross Profit": NaN,
        "Operating Income": NaN,
        "EBIT": NaN,
        "Net Income": NaN
    },
    "2013-06-30": {
        "Diluted EPS": 0.8,
        "Total Revenue": NaN,
        "Gross Profit": NaN,
        "Operating Income": 914,
        "EBIT": 914,
        "Net Income": 685
    },
    "2013-03-31": {
        "Diluted EPS": 0.01,
        "Total Revenue": NaN,
        "Gross Profit": NaN,
        "Operating Income": 222,
        "EBIT": 222,
        "Net Income": 7
    },
    "2012-12-31": {
        "Diluted EPS": 0.01,
        "Total Revenue": NaN,
        "Gross Profit": NaN,
        "Operating Income": 351,
        "EBIT": 351,
        "Net Income": 6
    },
    "2012-09-30": {
        "Diluted EPS": 1.23,
        "Total Revenue": NaN,
        "Gross Profit": NaN,
        "Operating Income": NaN,
        "EBIT": NaN,
        "Net Income": NaN
    },
    "2012-06-30": {
        "Diluted EPS": -0.2,
        "Total Revenue": NaN,
        "Gross Profit": NaN,
        "Operating Income": 134,
        "EBIT": 134,
        "Net Income": -168
    },
    "2012-03-31": {
        "Diluted EPS": 0.15,
        "Total Revenue": NaN,
        "Gross Profit": NaN,
        "Operating Income": 382,
        "EBIT": 382,
        "Net Income": 124
    },
    "2011-12-31": {
        "Diluted EPS": 0.51,
        "Total Revenue": NaN,
        "Gross Profit": NaN,
        "Operating Income": 726,
        "EBIT": 726,
        "Net Income": 425
    },
    "2011-09-30": {
        "Diluted EPS": 0.65,
        "Total Revenue": NaN,
        "Gross Profit": NaN,
        "Operating Income": 860,
        "EBIT": 860,
        "Net Income": 549
    },
    "2011-06-30": {
        "Diluted EPS": 0.23,
        "Total Revenue": NaN,
        "Gross Profit": NaN,
        "Operating Income": 481,
        "EBIT": 481,
        "Net Income": 198
    },
    "2011-03-31": {
        "Diluted EPS": -0.38,
        "Total Revenue": NaN,
        "Gross Profit": NaN,
        "Operating Income": -92,
        "EBIT": -92,
        "Net Income": -318
    },
    "2010-12-31": {
        "Diluted EPS": 0.03,
        "Total Revenue": NaN,
        "Gross Profit": NaN,
        "Operating Income": 294,
        "EBIT": 294,
        "Net Income": 19
    },
    "2010-09-30": {
        "Diluted EPS": 0.43,
        "Total Revenue": NaN,
        "Gross Profit": NaN,
        "Operating Income": NaN,
        "EBIT": NaN,
        "Net Income": 363
    },
    "2010-06-30": {
        "Diluted EPS": 0.55,
        "Total Revenue": NaN,
        "Gross Profit": NaN,
        "Operating Income": 852,
        "EBIT": 852,
        "Net Income": 467
    },
    "2010-03-31": {
        "Diluted EPS": -0.31,
        "Total Revenue": NaN,
        "Gross Profit": NaN,
        "Operating Income": 68,
        "EBIT": 68,
        "Net Income": -256
    },
    "2009-12-31": {
        "Diluted EPS": -0.04,
        "Total Revenue": NaN,
        "Gross Profit": NaN,
        "Operating Income": -46,
        "EBIT": -46,
        "Net Income": -25
    },
    "2009-09-30": {
        "Diluted EPS": -0.19,
        "Total Revenue": NaN,
        "Gross Profit": NaN,
        "Operating Income": 204,
        "EBIT": 204,
        "Net Income": -161
    },
    "2009-06-30": {
        "Diluted EPS": -0.31,
        "Total Revenue": NaN,
        "Gross Profit": NaN,
        "Operating Income": 1,
        "EBIT": 1,
        "Net Income": -257
    },
    "2009-03-31": {
        "Diluted EPS": -0.96,
        "Total Revenue": NaN,
        "Gross Profit": 749,
        "Operating Income": -483,
        "EBIT": -483,
        "Net Income": -794
    },
    "2023-09-30": {
        "Tax Effect Of Unusual Items": NaN,
        "Tax Rate For Calcs": NaN,
        "Normalized EBITDA": NaN,
        "Total Unusual Items": NaN,
        "Total Unusual Items Excluding Goodwill": NaN,
        "Net Income From Continuing Operation Net Minority Interest": NaN,
        "Reconciled Cost Of Revenue": NaN,
        "EBITDA": NaN,
        "EBIT": NaN,
        "Net Interest Income": NaN,
        "Interest Expense": NaN,
        "Normalized Income": NaN,
        "Net Income From Continuing And Discontinued Operation": NaN,
        "Total Expenses": NaN,
        "Rent Expense Supplemental": NaN,
        "Total Operating Income As Reported": NaN,
        "Diluted Average Shares": NaN,
        "Basic Average Shares": NaN,
        "Diluted EPS": NaN,
        "Basic EPS": NaN,
        "Diluted NI Availto Com Stockholders": NaN,
        "Net Income Common Stockholders": NaN,
        "Net Income": NaN,
        "Net Income Including Noncontrolling Interests": NaN,
        "Net Income Continuous Operations": NaN,
        "Tax Provision": NaN,
        "Pretax Income": NaN,
        "Other Income Expense": NaN,
        "Other Non Operating Income Expenses": NaN,
        "Special Income Charges": NaN,
        "Other Special Charges": 13000000.0,
        "Gain On Sale Of Security": NaN,
        "Net Non Operating Interest Income Expense": NaN,
        "Interest Expense Non Operating": NaN,
        "Operating Income": NaN,
        "Operating Expense": NaN,
        "Other Operating Expenses": NaN,
        "Selling General And Administration": NaN,
        "Selling And Marketing Expense": NaN,
        "General And Administrative Expense": NaN,
        "Salaries And Wages": NaN,
        "Gross Profit": NaN,
        "Cost Of Revenue": NaN,
        "Total Revenue": NaN,
        "Operating Revenue": NaN
    },
    "2023-12-31": {
        "Tax Effect Of Unusual Items": NaN,
        "Tax Rate For Calcs": NaN,
        "Normalized EBITDA": NaN,
        "Total Unusual Items": NaN,
        "Total Unusual Items Excluding Goodwill": NaN,
        "Net Income From Continuing Operation Net Minority Interest": NaN,
        "Reconciled Cost Of Revenue": NaN,
        "EBITDA": NaN,
        "EBIT": NaN,
        "Net Interest Income": NaN,
        "Interest Expense": NaN,
        "Normalized Income": NaN,
        "Net Income From Continuing And Discontinued Operation": NaN,
        "Total Expenses": NaN,
        "Rent Expense Supplemental": NaN,
        "Total Operating Income As Reported": NaN,
        "Diluted Average Shares": NaN,
        "Basic Average Shares": NaN,
        "Diluted EPS": NaN,
        "Basic EPS": NaN,
        "Diluted NI Availto Com Stockholders": NaN,
        "Net Income Common Stockholders": NaN,
        "Net Income": NaN,
        "Net Income Including Noncontrolling Interests": NaN,
        "Net Income Continuous Operations": NaN,
        "Tax Provision": NaN,
        "Pretax Income": NaN,
        "Other Income Expense": NaN,
        "Other Non Operating Income Expenses": NaN,
        "Special Income Charges": NaN,
        "Other Special Charges": 0.0,
        "Gain On Sale Of Security": NaN,
        "Net Non Operating Interest Income Expense": NaN,
        "Interest Expense Non Operating": NaN,
        "Operating Income": NaN,
        "Operating Expense": NaN,
        "Other Operating Expenses": NaN,
        "Selling General And Administration": NaN,
        "Selling And Marketing Expense": NaN,
        "General And Administrative Expense": NaN,
        "Salaries And Wages": NaN,
        "Gross Profit": NaN,
        "Cost Of Revenue": NaN,
        "Total Revenue": NaN,
        "Operating Revenue": NaN
    },
    "2024-03-31": {
        "Tax Effect Of Unusual Items": NaN,
        "Tax Rate For Calcs": NaN,
        "Normalized EBITDA": NaN,
        "Total Unusual Items": NaN,
        "Total Unusual Items Excluding Goodwill": NaN,
        "Net Income From Continuing Operation Net Minority Interest": NaN,
        "Reconciled Cost Of Revenue": NaN,
        "EBITDA": NaN,
        "EBIT": NaN,
        "Net Interest Income": NaN,
        "Interest Expense": NaN,
        "Normalized Income": NaN,
        "Net Income From Continuing And Discontinued Operation": NaN,
        "Total Expenses": NaN,
        "Rent Expense Supplemental": NaN,
        "Total Operating Income As Reported": NaN,
        "Diluted Average Shares": NaN,
        "Basic Average Shares": NaN,
        "Diluted EPS": NaN,
        "Basic EPS": NaN,
        "Diluted NI Availto Com Stockholders": NaN,
        "Net Income Common Stockholders": NaN,
        "Net Income": NaN,
        "Net Income Including Noncontrolling Interests": NaN,
        "Net Income Continuous Operations": NaN,
        "Tax Provision": NaN,
        "Pretax Income": NaN,
        "Other Income Expense": NaN,
        "Other Non Operating Income Expenses": NaN,
        "Special Income Charges": NaN,
        "Other Special Charges": 4000000.0,
        "Gain On Sale Of Security": NaN,
        "Net Non Operating Interest Income Expense": NaN,
        "Interest Expense Non Operating": NaN,
        "Operating Income": NaN,
        "Operating Expense": NaN,
        "Other Operating Expenses": NaN,
        "Selling General And Administration": NaN,
        "Selling And Marketing Expense": NaN,
        "General And Administrative Expense": NaN,
        "Salaries And Wages": NaN,
        "Gross Profit": NaN,
        "Cost Of Revenue": NaN,
        "Total Revenue": NaN,
        "Operating Revenue": NaN
    },
    "2024-06-30": {
        "Tax Effect Of Unusual Items": -60182741.116751,
        "Tax Rate For Calcs": 0.263959,
        "Normalized EBITDA": 2189000000.0,
        "Total Unusual Items": -228000000.0,
        "Total Unusual Items Excluding Goodwill": -228000000.0,
        "Net Income From Continuing Operation Net Minority Interest": 1305000000.0,
        "Reconciled Cost Of Revenue": 11539000000.0,
        "EBITDA": 1961000000.0,
        "EBIT": 1961000000.0,
        "Net Interest Income": -188000000.0,
        "Interest Expense": 188000000.0,
        "Normalized Income": 1472817258.883249,
        "Net Income From Continuing And Discontinued Operation": 1305000000.0,
        "Total Expenses": 14391000000.0,
        "Rent Expense Supplemental": 904000000.0,
        "Total Operating Income As Reported": 2267000000.0,
        "Diluted Average Shares": 648000000.0,
        "Basic Average Shares": 641000000.0,
        "Diluted EPS": 2.01,
        "Basic EPS": 2.04,
        "Diluted NI Availto Com Stockholders": 1305000000.0,
        "Net Income Common Stockholders": 1305000000.0,
        "Net Income": 1305000000.0,
        "Net Income Including Noncontrolling Interests": 1305000000.0,
        "Net Income Continuous Operations": 1305000000.0,
        "Tax Provision": 468000000.0,
        "Pretax Income": 1773000000.0,
        "Other Income Expense": -306000000.0,
        "Other Non Operating Income Expenses": -78000000.0,
        "Special Income Charges": -32000000.0,
        "Other Special Charges": 32000000.0,
        "Gain On Sale Of Security": -196000000.0,
        "Net Non Operating Interest Income Expense": -188000000.0,
        "Interest Expense Non Operating": 188000000.0,
        "Operating Income": 2267000000.0,
        "Operating Expense": 2852000000.0,
        "Other Operating Expenses": 1661000000.0,
        "Selling General And Administration": 1191000000.0,
        "Selling And Marketing Expense": 672000000.0,
        "General And Administrative Expense": 519000000.0,
        "Salaries And Wages": 519000000.0,
        "Gross Profit": 5119000000.0,
        "Cost Of Revenue": 11539000000.0,
        "Total Revenue": 16658000000.0,
        "Operating Revenue": 14040000000.0
    },
    "2024-09-30": {
        "Tax Effect Of Unusual Items": 64798206.278027,
        "Tax Rate For Calcs": 0.185138,
        "Normalized EBITDA": 1384000000.0,
        "Total Unusual Items": 350000000.0,
        "Total Unusual Items Excluding Goodwill": 350000000.0,
        "Net Income From Continuing Operation Net Minority Interest": 1272000000.0,
        "Reconciled Cost Of Revenue": 11530000000.0,
        "EBITDA": 1734000000.0,
        "EBIT": 1734000000.0,
        "Net Interest Income": -173000000.0,
        "Interest Expense": 173000000.0,
        "Normalized Income": 986798206.278027,
        "Net Income From Continuing And Discontinued Operation": 1272000000.0,
        "Total Expenses": 14280000000.0,
        "Rent Expense Supplemental": 969000000.0,
        "Total Operating Income As Reported": 1397000000.0,
        "Diluted Average Shares": 647000000.0,
        "Basic Average Shares": 641000000.0,
        "Diluted EPS": 1.97,
        "Basic EPS": 1.98,
        "Diluted NI Availto Com Stockholders": 1272000000.0,
        "Net Income Common Stockholders": 1272000000.0,
        "Net Income": 1272000000.0,
        "Net Income Including Noncontrolling Interests": 1272000000.0,
        "Net Income Continuous Operations": 1272000000.0,
        "Tax Provision": 289000000.0,
        "Pretax Income": 1561000000.0,
        "Other Income Expense": 337000000.0,
        "Other Non Operating Income Expenses": -13000000.0,
        "Special Income Charges": 0.0,
        "Other Special Charges": NaN,
        "Gain On Sale Of Security": 350000000.0,
        "Net Non Operating Interest Income Expense": -173000000.0,
        "Interest Expense Non Operating": 173000000.0,
        "Operating Income": 1397000000.0,
        "Operating Expense": 2750000000.0,
        "Other Operating Expenses": 1787000000.0,
        "Selling General And Administration": 963000000.0,
        "Selling And Marketing Expense": 643000000.0,
        "General And Administrative Expense": 320000000.0,
        "Salaries And Wages": 320000000.0,
        "Gross Profit": 4147000000.0,
        "Cost Of Revenue": 11530000000.0,
        "Total Revenue": 15677000000.0,
        "Operating Revenue": 13303000000.0
    },
    "2024-12-31": {
        "Tax Effect Of Unusual Items": -74368552.412646,
        "Tax Rate For Calcs": 0.298669,
        "Normalized EBITDA": 1631000000.0,
        "Total Unusual Items": -249000000.0,
        "Total Unusual Items Excluding Goodwill": -249000000.0,
        "Net Income From Continuing Operation Net Minority Interest": 843000000.0,
        "Reconciled Cost Of Revenue": 11115000000.0,
        "EBITDA": 1382000000.0,
        "EBIT": 1382000000.0,
        "Net Interest Income": -180000000.0,
        "Interest Expense": 180000000.0,
        "Normalized Income": 1017631447.587354,
        "Net Income From Continuing And Discontinued Operation": 843000000.0,
        "Total Expenses": 13842000000.0,
        "Rent Expense Supplemental": 940000000.0,
        "Total Operating Income As Reported": 1717000000.0,
        "Diluted Average Shares": 652000000.0,
        "Basic Average Shares": 642000000.0,
        "Diluted EPS": 1.29,
        "Basic EPS": 1.31,
        "Diluted NI Availto Com Stockholders": 843000000.0,
        "Net Income Common Stockholders": 843000000.0,
        "Net Income": 843000000.0,
        "Net Income Including Noncontrolling Interests": 843000000.0,
        "Net Income Continuous Operations": 843000000.0,
        "Tax Provision": 359000000.0,
        "Pretax Income": 1202000000.0,
        "Other Income Expense": -335000000.0,
        "Other Non Operating Income Expenses": -86000000.0,
        "Special Income Charges": -3000000.0,
        "Other Special Charges": 3000000.0,
        "Gain On Sale Of Security": -246000000.0,
        "Net Non Operating Interest Income Expense": -180000000.0,
        "Interest Expense Non Operating": 180000000.0,
        "Operating Income": 1717000000.0,
        "Operating Expense": 2727000000.0,
        "Other Operating Expenses": 1682000000.0,
        "Selling General And Administration": 1045000000.0,
        "Selling And Marketing Expense": 620000000.0,
        "General And Administrative Expense": 425000000.0,
        "Salaries And Wages": 425000000.0,
        "Gross Profit": 4444000000.0,
        "Cost Of Revenue": 11115000000.0,
        "Total Revenue": 15559000000.0,
        "Operating Revenue": 13063000000.0
    },
    "2025-03-31": {
        "Tax Effect Of Unusual Items": -10000000.0,
        "Tax Rate For Calcs": 0.25,
        "Normalized EBITDA": 539000000.0,
        "Total Unusual Items": -40000000.0,
        "Total Unusual Items Excluding Goodwill": -40000000.0,
        "Net Income From Continuing Operation Net Minority Interest": 240000000.0,
        "Reconciled Cost Of Revenue": 11027000000.0,
        "EBITDA": 499000000.0,
        "EBIT": 499000000.0,
        "Net Interest Income": -179000000.0,
        "Interest Expense": 179000000.0,
        "Normalized Income": 270000000.0,
        "Net Income From Continuing And Discontinued Operation": 240000000.0,
        "Total Expenses": 13471000000.0,
        "Rent Expense Supplemental": 988000000.0,
        "Total Operating Income As Reported": 569000000.0,
        "Diluted Average Shares": 652000000.0,
        "Basic Average Shares": 644000000.0,
        "Diluted EPS": 0.37,
        "Basic EPS": 0.37,
        "Diluted NI Availto Com Stockholders": 240000000.0,
        "Net Income Common Stockholders": 240000000.0,
        "Net Income": 240000000.0,
        "Net Income Including Noncontrolling Interests": 240000000.0,
        "Net Income Continuous Operations": 240000000.0,
        "Tax Provision": 80000000.0,
        "Pretax Income": 320000000.0,
        "Other Income Expense": -70000000.0,
        "Other Non Operating Income Expenses": -30000000.0,
        "Special Income Charges": 0.0,
        "Other Special Charges": NaN,
        "Gain On Sale Of Security": -40000000.0,
        "Net Non Operating Interest Income Expense": -179000000.0,
        "Interest Expense Non Operating": 179000000.0,
        "Operating Income": 569000000.0,
        "Operating Expense": 2444000000.0,
        "Other Operating Expenses": 1768000000.0,
        "Selling General And Administration": 676000000.0,
        "Selling And Marketing Expense": 552000000.0,
        "General And Administrative Expense": 124000000.0,
        "Salaries And Wages": 124000000.0,
        "Gross Profit": 3013000000.0,
        "Cost Of Revenue": 11027000000.0,
        "Total Revenue": 14040000000.0,
        "Operating Revenue": 11688000000.0
    },
    "2025-06-30": {
        "Tax Effect Of Unusual Items": 123333333.333333,
        "Tax Rate For Calcs": 0.172494,
        "Normalized EBITDA": 2031000000.0,
        "Total Unusual Items": 715000000.0,
        "Total Unusual Items Excluding Goodwill": 715000000.0,
        "Net Income From Continuing Operation Net Minority Interest": 2130000000.0,
        "Reconciled Cost Of Revenue": 11610000000.0,
        "EBITDA": 2746000000.0,
        "EBIT": 2746000000.0,
        "Net Interest Income": -172000000.0,
        "Interest Expense": 172000000.0,
        "Normalized Income": 1538333333.333333,
        "Net Income From Continuing And Discontinued Operation": 2130000000.0,
        "Total Expenses": 14546000000.0,
        "Rent Expense Supplemental": 1015000000.0,
        "Total Operating Income As Reported": 2102000000.0,
        "Diluted Average Shares": 652000000.0,
        "Basic Average Shares": 649000000.0,
        "Diluted EPS": 3.27,
        "Basic EPS": 3.28,
        "Diluted NI Availto Com Stockholders": 2130000000.0,
        "Net Income Common Stockholders": 2130000000.0,
        "Net Income": 2130000000.0,
        "Net Income Including Noncontrolling Interests": 2130000000.0,
        "Net Income Continuous Operations": 2130000000.0,
        "Tax Provision": 444000000.0,
        "Pretax Income": 2574000000.0,
        "Other Income Expense": 644000000.0,
        "Other Non Operating Income Expenses": -71000000.0,
        "Special Income Charges": -20000000.0,
        "Other Special Charges": 20000000.0,
        "Gain On Sale Of Security": 735000000.0,
        "Net Non Operating Interest Income Expense": -172000000.0,
        "Interest Expense Non Operating": 172000000.0,
        "Operating Income": 2102000000.0,
        "Operating Expense": 2936000000.0,
        "Other Operating Expenses": 1793000000.0,
        "Selling General And Administration": 1143000000.0,
        "Selling And Marketing Expense": 673000000.0,
        "General And Administrative Expense": 470000000.0,
        "Salaries And Wages": 470000000.0,
        "Gross Profit": 5038000000.0,
        "Cost Of Revenue": 11610000000.0,
        "Total Revenue": 16648000000.0,
        "Operating Revenue": 14079000000.0
    }
}