{
    "2023-06-30": {
        "Tax Effect Of Unusual Items": NaN,
        "Tax Rate For Calcs": NaN,
        "Normalized EBITDA": NaN,
        "Total Unusual Items": NaN,
        "Total Unusual Items Excluding Goodwill": NaN,
        "Net Income From Continuing Operation Net Minority Interest": NaN,
        "Reconciled Depreciation": NaN,
        "Reconciled Cost Of Revenue": NaN,
        "EBITDA": NaN,
        "EBIT": NaN,
        "Net Interest Income": NaN,
        "Interest Expense": NaN,
        "Interest Income": NaN,
        "Normalized Income": NaN,
        "Net Income From Continuing And Discontinued Operation": NaN,
        "Total Expenses": NaN,
        "Diluted Average Shares": NaN,
        "Basic Average Shares": NaN,
        "Diluted EPS": NaN,
        "Basic EPS": NaN,
        "Diluted NI Availto Com Stockholders": NaN,
        "Net Income Common Stockholders": NaN,
        "Net Income": NaN,
        "Minority Interests": NaN,
        "Net Income Including Noncontrolling Interests": NaN,
        "Net Income Continuous Operations": NaN,
        "Earnings From Equity Interest Net Of Tax": NaN,
        "Tax Provision": NaN,
        "Pretax Income": NaN,
        "Other Income Expense": NaN,
        "Other Non Operating Income Expenses": NaN,
        "Special Income Charges": NaN,
        "Gain On Sale Of Ppe": NaN,
        "Gain On Sale Of Business": NaN,
        "Other Special Charges": 1000000.0,
        "Restructuring And Mergern Acquisition": NaN,
        "Gain On Sale Of Security": NaN,
        "Net Non Operating Interest Income Expense": NaN,
        "Interest Expense Non Operating": NaN,
        "Interest Income Non Operating": NaN,
        "Operating Income": NaN,
        "Operating Expense": NaN,
        "Other Operating Expenses": NaN,
        "Depreciation Amortization Depletion Income Statement": NaN,
        "Depreciation And Amortization In Income Statement": NaN,
        "Amortization": NaN,
        "Amortization Of Intangibles Income Statement": NaN,
        "Selling General And Administration": NaN,
        "General And Administrative Expense": 144000000.0,
        "Other Gand A": 144000000.0,
        "Gross Profit": NaN,
        "Cost Of Revenue": NaN,
        "Total Revenue": NaN,
        "Operating Revenue": NaN
    },
    "2023-03-31": {
        "Tax Effect Of Unusual Items": NaN,
        "Tax Rate For Calcs": NaN,
        "Normalized EBITDA": NaN,
        "Total Unusual Items": NaN,
        "Total Unusual Items Excluding Goodwill": NaN,
        "Net Income From Continuing Operation Net Minority Interest": NaN,
        "Reconciled Depreciation": NaN,
        "Reconciled Cost Of Revenue": NaN,
        "EBITDA": NaN,
        "EBIT": NaN,
        "Net Interest Income": NaN,
        "Interest Expense": NaN,
        "Interest Income": NaN,
        "Normalized Income": NaN,
        "Net Income From Continuing And Discontinued Operation": NaN,
        "Total Expenses": NaN,
        "Diluted Average Shares": 144300000.0,
        "Basic Average Shares": 143900000.0,
        "Diluted EPS": 0.19,
        "Basic EPS": 0.19,
        "Diluted NI Availto Com Stockholders": NaN,
        "Net Income Common Stockholders": NaN,
        "Net Income": NaN,
        "Minority Interests": NaN,
        "Net Income Including Noncontrolling Interests": NaN,
        "Net Income Continuous Operations": NaN,
        "Earnings From Equity Interest Net Of Tax": NaN,
        "Tax Provision": NaN,
        "Pretax Income": NaN,
        "Other Income Expense": NaN,
        "Other Non Operating Income Expenses": 1000000.0,
        "Special Income Charges": NaN,
        "Gain On Sale Of Ppe": NaN,
        "Other Special Charges": NaN,
        "Restructuring And Mergern Acquisition": NaN,
        "Gain On Sale Of Security": 4000000.0,
        "Net Non Operating Interest Income Expense": NaN,
        "Interest Expense Non Operating": NaN,
        "Interest Income Non Operating": NaN,
        "Operating Income": NaN,
        "Operating Expense": NaN,
        "Other Operating Expenses": NaN,
        "Depreciation Amortization Depletion Income Statement": NaN,
        "Depreciation And Amortization In Income Statement": NaN,
        "Amortization": NaN,
        "Amortization Of Intangibles Income Statement": NaN,
        "Selling General And Administration": NaN,
        "General And Administrative Expense": NaN,
        "Other Gand A": NaN,
        "Gross Profit": NaN,
        "Cost Of Revenue": NaN,
        "Total Revenue": NaN,
        "Operating Revenue": NaN
    },
    "2022-12-31": {
        "Tax Effect Of Unusual Items": NaN,
        "Tax Rate For Calcs": NaN,
        "Normalized EBITDA": NaN,
        "Total Unusual Items": NaN,
        "Total Unusual Items Excluding Goodwill": NaN,
        "Net Income From Continuing Operation Net Minority Interest": NaN,
        "Reconciled Depreciation": NaN,
        "Reconciled Cost Of Revenue": NaN,
        "EBITDA": NaN,
        "EBIT": NaN,
        "Net Interest Income": NaN,
        "Interest Expense": NaN,
        "Interest Income": NaN,
        "Normalized Income": NaN,
        "Net Income From Continuing And Discontinued Operation": NaN,
        "Total Expenses": NaN,
        "Diluted Average Shares": NaN,
        "Basic Average Shares": NaN,
        "Diluted EPS": NaN,
        "Basic EPS": NaN,
        "Diluted NI Availto Com Stockholders": NaN,
        "Net Income Common Stockholders": NaN,
        "Net Income": NaN,
        "Minority Interests": NaN,
        "Net Income Including Noncontrolling Interests": NaN,
        "Net Income Continuous Operations": NaN,
        "Earnings From Equity Interest Net Of Tax": NaN,
        "Tax Provision": NaN,
        "Pretax Income": NaN,
        "Other Income Expense": NaN,
        "Other Non Operating Income Expenses": NaN,
        "Special Income Charges": NaN,
        "Gain On Sale Of Ppe": NaN,
        "Other Special Charges": NaN,
        "Impairment Of Capital Assets": 0.0,
        "Restructuring And Mergern Acquisition": NaN,
        "Gain On Sale Of Security": NaN,
        "Net Non Operating Interest Income Expense": NaN,
        "Interest Expense Non Operating": NaN,
        "Interest Income Non Operating": NaN,
        "Operating Income": NaN,
        "Operating Expense": NaN,
        "Other Operating Expenses": NaN,
        "Depreciation Amortization Depletion Income Statement": NaN,
        "Depreciation And Amortization In Income Statement": NaN,
        "Amortization": NaN,
        "Amortization Of Intangibles Income Statement": NaN,
        "Selling General And Administration": NaN,
        "General And Administrative Expense": 121000000.0,
        "Other Gand A": 121000000.0,
        "Gross Profit": NaN,
        "Cost Of Revenue": NaN,
        "Total Revenue": NaN,
        "Operating Revenue": NaN
    },
    "2022-09-30": {
        "Tax Effect Of Unusual Items": NaN,
        "Tax Rate For Calcs": NaN,
        "Normalized EBITDA": NaN,
        "Total Unusual Items": NaN,
        "Total Unusual Items Excluding Goodwill": NaN,
        "Net Income From Continuing Operation Net Minority Interest": NaN,
        "Reconciled Depreciation": NaN,
        "Reconciled Cost Of Revenue": NaN,
        "EBITDA": NaN,
        "EBIT": NaN,
        "Net Interest Income": NaN,
        "Interest Expense": NaN,
        "Interest Income": NaN,
        "Normalized Income": NaN,
        "Net Income From Continuing And Discontinued Operation": NaN,
        "Total Expenses": NaN,
        "Diluted Average Shares": NaN,
        "Basic Average Shares": NaN,
        "Diluted EPS": NaN,
        "Basic EPS": NaN,
        "Diluted NI Availto Com Stockholders": NaN,
        "Net Income Common Stockholders": NaN,
        "Net Income": NaN,
        "Minority Interests": NaN,
        "Net Income Including Noncontrolling Interests": NaN,
        "Net Income Continuous Operations": NaN,
        "Earnings From Equity Interest Net Of Tax": NaN,
        "Tax Provision": NaN,
        "Pretax Income": NaN,
        "Other Income Expense": NaN,
        "Other Non Operating Income Expenses": NaN,
        "Special Income Charges": NaN,
        "Gain On Sale Of Ppe": NaN,
        "Other Special Charges": NaN,
        "Impairment Of Capital Assets": 191000000.0,
        "Restructuring And Mergern Acquisition": NaN,
        "Gain On Sale Of Security": NaN,
        "Net Non Operating Interest Income Expense": NaN,
        "Interest Expense Non Operating": NaN,
        "Interest Income Non Operating": NaN,
        "Operating Income": NaN,
        "Operating Expense": NaN,
        "Other Operating Expenses": NaN,
        "Depreciation Amortization Depletion Income Statement": NaN,
        "Depreciation And Amortization In Income Statement": NaN,
        "Amortization": NaN,
        "Amortization Of Intangibles Income Statement": NaN,
        "Selling General And Administration": NaN,
        "General And Administrative Expense": 114000000.0,
        "Other Gand A": 114000000.0,
        "Gross Profit": NaN,
        "Cost Of Revenue": NaN,
        "Total Revenue": NaN,
        "Operating Revenue": NaN
    },
    "2022-06-30": {
        "Tax Effect Of Unusual Items": -400000.0,
        "Tax Rate For Calcs": 0.4,
        "Normalized EBITDA": 158000000.0,
        "Total Unusual Items": -1000000.0,
        "Total Unusual Items Excluding Goodwill": -1000000.0,
        "Net Income From Continuing Operation Net Minority Interest": 8000000.0,
        "Reconciled Depreciation": 96000000.0,
        "Reconciled Cost Of Revenue": 2310000000.0,
        "EBITDA": 157000000.0,
        "EBIT": 61000000.0,
        "Net Interest Income": -30000000.0,
        "Interest Expense": 32000000.0,
        "Interest Income": 2000000.0,
        "Normalized Income": 8600000.0,
        "Net Income From Continuing And Discontinued Operation": 8000000.0,
        "Total Expenses": 2536000000.0,
        "Diluted Average Shares": 143700000.0,
        "Basic Average Shares": 143400000.0,
        "Diluted EPS": 0.06,
        "Basic EPS": 0.06,
        "Diluted NI Availto Com Stockholders": 8000000.0,
        "Net Income Common Stockholders": 8000000.0,
        "Net Income": 8000000.0,
        "Minority Interests": -2000000.0,
        "Net Income Including Noncontrolling Interests": 10000000.0,
        "Net Income Continuous Operations": 10000000.0,
        "Earnings From Equity Interest Net Of Tax": -1000000.0,
        "Tax Provision": 18000000.0,
        "Pretax Income": 29000000.0,
        "Other Income Expense": 9000000.0,
        "Other Non Operating Income Expenses": 10000000.0,
        "Special Income Charges": -2000000.0,
        "Other Special Charges": NaN,
        "Impairment Of Capital Assets": NaN,
        "Restructuring And Mergern Acquisition": 2000000.0,
        "Gain On Sale Of Security": 1000000.0,
        "Net Non Operating Interest Income Expense": -30000000.0,
        "Interest Expense Non Operating": 32000000.0,
        "Interest Income Non Operating": 2000000.0,
        "Operating Income": 50000000.0,
        "Operating Expense": 133000000.0,
        "Other Operating Expenses": NaN,
        "Depreciation Amortization Depletion Income Statement": 3000000.0,
        "Depreciation And Amortization In Income Statement": 3000000.0,
        "Amortization": 3000000.0,
        "Amortization Of Intangibles Income Statement": 3000000.0,
        "Selling General And Administration": 130000000.0,
        "General And Administrative Expense": 130000000.0,
        "Other Gand A": 130000000.0,
        "Gross Profit": 183000000.0,
        "Cost Of Revenue": 2403000000.0,
        "Total Revenue": 2586000000.0,
        "Operating Revenue": 2586000000.0
    },
    "2022-03-31": {
        "Diluted EPS": 0.12,
        "Total Revenue": NaN,
        "Gross Profit": 197,
        "Operating Income": 66,
        "EBIT": 164,
        "Net Income": 17
    },
    "2021-12-31": {
        "Diluted EPS": 0.18,
        "Total Revenue": NaN,
        "Gross Profit": 128,
        "Operating Income": 48,
        "EBIT": 148,
        "Net Income": 25
    },
    "2021-09-30": {
        "Diluted EPS": 0.33,
        "Total Revenue": NaN,
        "Gross Profit": 206,
        "Operating Income": 94,
        "EBIT": 194,
        "Net Income": 48
    },
    "2021-06-30": {
        "Diluted EPS": 0.36,
        "Total Revenue": NaN,
        "Gross Profit": 252,
        "Operating Income": 113,
        "EBIT": 211,
        "Net Income": 53
    },
    "2021-03-31": {
        "Diluted EPS": 0.48,
        "Total Revenue": NaN,
        "Gross Profit": 251,
        "Operating Income": 108,
        "EBIT": 205,
        "Net Income": 71
    },
    "2020-12-31": {
        "Diluted EPS": 0.28,
        "Total Revenue": NaN,
        "Gross Profit": 211,
        "Operating Income": 77,
        "EBIT": 121,
        "Net Income": 40
    },
    "2020-09-30": {
        "Diluted EPS": 0.31,
        "Total Revenue": NaN,
        "Gross Profit": 214,
        "Operating Income": 89,
        "EBIT": 236,
        "Net Income": 45
    },
    "2020-06-30": {
        "Diluted EPS": -1.2,
        "Total Revenue": NaN,
        "Gross Profit": -10,
        "Operating Income": -111,
        "EBIT": -71,
        "Net Income": -174
    },
    "2020-03-31": {
        "Diluted EPS": 0.4,
        "Total Revenue": NaN,
        "Gross Profit": 206,
        "Operating Income": 47,
        "EBIT": 189,
        "Net Income": 58
    },
    "2019-12-31": {
        "Diluted EPS": 0.58,
        "Total Revenue": NaN,
        "Gross Profit": 223,
        "Operating Income": 100,
        "EBIT": 199,
        "Net Income": 85
    },
    "2019-09-30": {
        "Diluted EPS": 0.77,
        "Total Revenue": NaN,
        "Gross Profit": 282,
        "Operating Income": 147,
        "EBIT": 235,
        "Net Income": 111
    },
    "2019-06-30": {
        "Diluted EPS": -0.47,
        "Total Revenue": NaN,
        "Gross Profit": 326,
        "Operating Income": -95,
        "EBIT": -9,
        "Net Income": -68
    },
    "2019-03-31": {
        "Diluted EPS": 0.68,
        "Total Revenue": NaN,
        "Gross Profit": 300,
        "Operating Income": 140,
        "EBIT": 218,
        "Net Income": 98
    },
    "2018-12-31": {
        "Diluted EPS": 0.68,
        "Total Revenue": NaN,
        "Gross Profit": 256,
        "Operating Income": 110,
        "EBIT": 206,
        "Net Income": 100
    },
    "2018-09-30": {
        "Diluted EPS": 0.65,
        "Total Revenue": NaN,
        "Gross Profit": 286,
        "Operating Income": 147,
        "EBIT": 214,
        "Net Income": 95
    },
    "2018-06-30": {
        "Diluted EPS": 0.85,
        "Total Revenue": NaN,
        "Gross Profit": 308,
        "Operating Income": 145,
        "EBIT": 208,
        "Net Income": 124
    },
    "2018-03-31": {
        "Diluted EPS": 0.73,
        "Total Revenue": NaN,
        "Gross Profit": 307,
        "Operating Income": 174,
        "EBIT": 242,
        "Net Income": 108
    },
    "2017-12-31": {
        "Diluted EPS": -0.73,
        "Total Revenue": NaN,
        "Gross Profit": 256,
        "Operating Income": 113,
        "EBIT": 175,
        "Net Income": -104
    },
    "2017-09-30": {
        "Diluted EPS": 0.46,
        "Total Revenue": NaN,
        "Gross Profit": 269,
        "Operating Income": 139,
        "EBIT": 202,
        "Net Income": 69
    },
    "2017-06-30": {
        "Diluted EPS": 0.47,
        "Total Revenue": NaN,
        "Gross Profit": 277,
        "Operating Income": 141,
        "EBIT": 201,
        "Net Income": 71
    },
    "2017-03-31": {
        "Diluted EPS": 0.51,
        "Total Revenue": NaN,
        "Gross Profit": 264,
        "Operating Income": 140,
        "EBIT": 193,
        "Net Income": 75
    },
    "2016-12-31": {
        "Diluted EPS": 3.31,
        "Total Revenue": NaN,
        "Gross Profit": 195,
        "Operating Income": 81,
        "EBIT": 128,
        "Net Income": 485
    },
    "2016-09-30": {
        "Diluted EPS": 0.39,
        "Total Revenue": NaN,
        "Gross Profit": 208,
        "Operating Income": 90,
        "EBIT": 140,
        "Net Income": 57
    },
    "2016-06-30": {
        "Diluted EPS": 0.36,
        "Total Revenue": NaN,
        "Gross Profit": 233,
        "Operating Income": 120,
        "EBIT": 166,
        "Net Income": 53
    },
    "2016-03-31": {
        "Diluted EPS": 0.3,
        "Total Revenue": NaN,
        "Gross Profit": 199,
        "Operating Income": 99,
        "EBIT": 143,
        "Net Income": 45
    },
    "2015-12-31": {
        "Diluted EPS": -0.5,
        "Total Revenue": NaN,
        "Gross Profit": 172,
        "Operating Income": 77,
        "EBIT": 158,
        "Net Income": -82
    },
    "2015-09-30": {
        "Diluted EPS": 0.75,
        "Total Revenue": NaN,
        "Gross Profit": 213,
        "Operating Income": 74,
        "EBIT": 118,
        "Net Income": 119
    },
    "2015-06-30": {
        "Diluted EPS": 0.36,
        "Total Revenue": NaN,
        "Gross Profit": 236,
        "Operating Income": 120,
        "EBIT": 164,
        "Net Income": 59
    },
    "2015-03-31": {
        "Diluted EPS": 0.38,
        "Total Revenue": NaN,
        "Gross Profit": 228,
        "Operating Income": 122,
        "EBIT": 168,
        "Net Income": 63
    },
    "2014-12-31": {
        "Diluted EPS": 0.64,
        "Total Revenue": NaN,
        "Gross Profit": 223,
        "Operating Income": 103,
        "EBIT": 157,
        "Net Income": 109
    },
    "2014-09-30": {
        "Diluted EPS": 0.52,
        "Total Revenue": NaN,
        "Gross Profit": 240,
        "Operating Income": 131,
        "EBIT": 184,
        "Net Income": 88
    },
    "2014-06-30": {
        "Diluted EPS": 0.49,
        "Total Revenue": NaN,
        "Gross Profit": 248,
        "Operating Income": 130,
        "EBIT": 185,
        "Net Income": 84
    },
    "2014-03-31": {
        "Diluted EPS": 0.19,
        "Total Revenue": NaN,
        "Gross Profit": 234,
        "Operating Income": 107,
        "EBIT": 163,
        "Net Income": 31
    },
    "2013-12-31": {
        "Diluted EPS": 0.44,
        "Total Revenue": NaN,
        "Gross Profit": 212,
        "Operating Income": 98,
        "EBIT": 173,
        "Net Income": 38
    },
    "2013-09-30": {
        "Diluted EPS": -1.16,
        "Total Revenue": NaN,
        "Gross Profit": 235,
        "Operating Income": 112,
        "EBIT": 176,
        "Net Income": -170
    },
    "2013-06-30": {
        "Diluted EPS": 0.44,
        "Total Revenue": NaN,
        "Gross Profit": 259,
        "Operating Income": 136,
        "EBIT": 199,
        "Net Income": 85
    },
    "2013-03-31": {
        "Diluted EPS": 0.19,
        "Total Revenue": NaN,
        "Gross Profit": 214,
        "Operating Income": 90,
        "EBIT": 155,
        "Net Income": 34
    },
    "2012-12-31": {
        "Diluted EPS": 0.41,
        "Total Revenue": NaN,
        "Gross Profit": 197,
        "Operating Income": 30,
        "EBIT": 100,
        "Net Income": 80
    },
    "2012-09-30": {
        "Diluted EPS": 0.26,
        "Total Revenue": NaN,
        "Gross Profit": 238,
        "Operating Income": 121,
        "EBIT": 190,
        "Net Income": 48
    },
    "2012-06-30": {
        "Diluted EPS": 0.4,
        "Total Revenue": NaN,
        "Gross Profit": 273,
        "Operating Income": 144,
        "EBIT": 215,
        "Net Income": 79
    },
    "2012-03-31": {
        "Diluted EPS": 0.33,
        "Total Revenue": NaN,
        "Gross Profit": 266,
        "Operating Income": 134,
        "EBIT": 206,
        "Net Income": 62
    },
    "2011-12-31": {
        "Diluted EPS": 0.45,
        "Total Revenue": NaN,
        "Gross Profit": 215,
        "Operating Income": 24,
        "EBIT": 101,
        "Net Income": 63
    },
    "2011-09-30": {
        "Diluted EPS": 0.51,
        "Total Revenue": NaN,
        "Gross Profit": 234,
        "Operating Income": 103,
        "EBIT": 180,
        "Net Income": 102
    },
    "2011-06-30": {
        "Diluted EPS": 0.32,
        "Total Revenue": NaN,
        "Gross Profit": 233,
        "Operating Income": 105,
        "EBIT": 185,
        "Net Income": 61
    },
    "2011-03-31": {
        "Diluted EPS": -0.26,
        "Total Revenue": NaN,
        "Gross Profit": 215,
        "Operating Income": 99,
        "EBIT": 178,
        "Net Income": -38
    },
    "2010-12-31": {
        "Diluted EPS": -0.09,
        "Total Revenue": NaN,
        "Gross Profit": 164,
        "Operating Income": -28,
        "EBIT": 54,
        "Net Income": -21
    },
    "2010-09-30": {
        "Diluted EPS": 0.22,
        "Total Revenue": NaN,
        "Gross Profit": 178,
        "Operating Income": 64,
        "EBIT": 147,
        "Net Income": 38
    },
    "2010-06-30": {
        "Diluted EPS": 0.0,
        "Total Revenue": NaN,
        "Gross Profit": 169,
        "Operating Income": 62,
        "EBIT": 147,
        "Net Income": 1
    },
    "2010-03-31": {
        "Diluted EPS": -0.28,
        "Total Revenue": NaN,
        "Gross Profit": 140,
        "Operating Income": 23,
        "EBIT": 112,
        "Net Income": -39
    },
    "2009-12-31": {
        "Diluted EPS": -2.02,
        "Total Revenue": NaN,
        "Gross Profit": 106,
        "Operating Income": -183,
        "EBIT": 82,
        "Net Income": -243
    },
    "2009-09-30": {
        "Diluted EPS": -0.45,
        "Total Revenue": NaN,
        "Gross Profit": 82,
        "Operating Income": -23,
        "EBIT": 87,
        "Net Income": -46
    },
    "2009-06-30": {
        "Diluted EPS": -0.08,
        "Total Revenue": NaN,
        "Gross Profit": 67,
        "Operating Income": -50,
        "EBIT": 61,
        "Net Income": -8
    },
    "2009-03-31": {
        "Diluted EPS": -1.64,
        "Total Revenue": NaN,
        "Gross Profit": -12,
        "Operating Income": -159,
        "EBIT": -58,
        "Net Income": -165
    },
    "2023-09-30": {
        "Tax Effect Of Unusual Items": NaN,
        "Tax Rate For Calcs": NaN,
        "Normalized EBITDA": NaN,
        "Total Unusual Items": NaN,
        "Total Unusual Items Excluding Goodwill": NaN,
        "Net Income From Continuing Operation Net Minority Interest": NaN,
        "Reconciled Depreciation": NaN,
        "Reconciled Cost Of Revenue": NaN,
        "EBITDA": NaN,
        "EBIT": NaN,
        "Net Interest Income": NaN,
        "Interest Expense": NaN,
        "Interest Income": NaN,
        "Normalized Income": NaN,
        "Net Income From Continuing And Discontinued Operation": NaN,
        "Total Expenses": NaN,
        "Diluted Average Shares": NaN,
        "Basic Average Shares": NaN,
        "Diluted EPS": NaN,
        "Basic EPS": NaN,
        "Diluted NI Availto Com Stockholders": NaN,
        "Net Income Common Stockholders": NaN,
        "Net Income": NaN,
        "Minority Interests": NaN,
        "Net Income Including Noncontrolling Interests": NaN,
        "Net Income Continuous Operations": NaN,
        "Earnings From Equity Interest Net Of Tax": NaN,
        "Tax Provision": NaN,
        "Pretax Income": NaN,
        "Other Income Expense": NaN,
        "Other Non Operating Income Expenses": NaN,
        "Special Income Charges": NaN,
        "Gain On Sale Of Ppe": -1000000.0,
        "Gain On Sale Of Business": NaN,
        "Other Special Charges": NaN,
        "Restructuring And Mergern Acquisition": NaN,
        "Gain On Sale Of Security": NaN,
        "Net Non Operating Interest Income Expense": NaN,
        "Interest Expense Non Operating": NaN,
        "Interest Income Non Operating": NaN,
        "Operating Income": NaN,
        "Operating Expense": NaN,
        "Other Operating Expenses": NaN,
        "Depreciation Amortization Depletion Income Statement": NaN,
        "Depreciation And Amortization In Income Statement": NaN,
        "Amortization": NaN,
        "Amortization Of Intangibles Income Statement": NaN,
        "Selling General And Administration": NaN,
        "General And Administrative Expense": 126000000.0,
        "Other Gand A": 126000000.0,
        "Gross Profit": NaN,
        "Cost Of Revenue": NaN,
        "Total Revenue": NaN,
        "Operating Revenue": NaN
    },
    "2023-12-31": {
        "Tax Effect Of Unusual Items": NaN,
        "Tax Rate For Calcs": NaN,
        "Normalized EBITDA": NaN,
        "Total Unusual Items": NaN,
        "Total Unusual Items Excluding Goodwill": NaN,
        "Net Income From Continuing Operation Net Minority Interest": NaN,
        "Reconciled Depreciation": NaN,
        "Reconciled Cost Of Revenue": NaN,
        "EBITDA": NaN,
        "EBIT": NaN,
        "Net Interest Income": NaN,
        "Interest Expense": NaN,
        "Interest Income": NaN,
        "Normalized Income": NaN,
        "Net Income From Continuing And Discontinued Operation": NaN,
        "Total Expenses": NaN,
        "Diluted Average Shares": NaN,
        "Basic Average Shares": NaN,
        "Diluted EPS": NaN,
        "Basic EPS": NaN,
        "Diluted NI Availto Com Stockholders": NaN,
        "Net Income Common Stockholders": NaN,
        "Net Income": NaN,
        "Minority Interests": NaN,
        "Net Income Including Noncontrolling Interests": NaN,
        "Net Income Discontinuous Operations": NaN,
        "Net Income Continuous Operations": NaN,
        "Earnings From Equity Interest Net Of Tax": NaN,
        "Tax Provision": NaN,
        "Pretax Income": NaN,
        "Other Income Expense": NaN,
        "Other Non Operating Income Expenses": NaN,
        "Special Income Charges": NaN,
        "Gain On Sale Of Ppe": NaN,
        "Gain On Sale Of Business": NaN,
        "Other Special Charges": 2000000.0,
        "Restructuring And Mergern Acquisition": NaN,
        "Gain On Sale Of Security": NaN,
        "Net Non Operating Interest Income Expense": NaN,
        "Interest Expense Non Operating": NaN,
        "Interest Income Non Operating": NaN,
        "Operating Income": NaN,
        "Operating Expense": NaN,
        "Other Operating Expenses": NaN,
        "Depreciation Amortization Depletion Income Statement": NaN,
        "Depreciation And Amortization In Income Statement": NaN,
        "Amortization": NaN,
        "Amortization Of Intangibles Income Statement": NaN,
        "Selling General And Administration": NaN,
        "General And Administrative Expense": 152000000.0,
        "Other Gand A": 139000000.0,
        "Gross Profit": NaN,
        "Cost Of Revenue": NaN,
        "Total Revenue": NaN,
        "Operating Revenue": NaN
    },
    "2024-03-31": {
        "Tax Effect Of Unusual Items": NaN,
        "Tax Rate For Calcs": NaN,
        "Normalized EBITDA": NaN,
        "Total Unusual Items": NaN,
        "Total Unusual Items Excluding Goodwill": NaN,
        "Net Income From Continuing Operation Net Minority Interest": NaN,
        "Reconciled Depreciation": NaN,
        "Reconciled Cost Of Revenue": NaN,
        "EBITDA": NaN,
        "EBIT": NaN,
        "Net Interest Income": NaN,
        "Interest Expense": NaN,
        "Interest Income": NaN,
        "Normalized Income": NaN,
        "Net Income From Continuing And Discontinued Operation": NaN,
        "Total Expenses": NaN,
        "Diluted Average Shares": NaN,
        "Basic Average Shares": NaN,
        "Diluted EPS": NaN,
        "Basic EPS": NaN,
        "Diluted NI Availto Com Stockholders": NaN,
        "Net Income Common Stockholders": NaN,
        "Net Income": NaN,
        "Minority Interests": NaN,
        "Net Income Including Noncontrolling Interests": NaN,
        "Net Income Discontinuous Operations": NaN,
        "Net Income Continuous Operations": NaN,
        "Earnings From Equity Interest Net Of Tax": NaN,
        "Tax Provision": NaN,
        "Pretax Income": NaN,
        "Other Income Expense": NaN,
        "Other Non Operating Income Expenses": NaN,
        "Special Income Charges": NaN,
        "Gain On Sale Of Ppe": -34000000.0,
        "Gain On Sale Of Business": NaN,
        "Restructuring And Mergern Acquisition": NaN,
        "Gain On Sale Of Security": NaN,
        "Net Non Operating Interest Income Expense": NaN,
        "Interest Expense Non Operating": NaN,
        "Interest Income Non Operating": NaN,
        "Operating Income": NaN,
        "Operating Expense": NaN,
        "Other Operating Expenses": NaN,
        "Depreciation Amortization Depletion Income Statement": NaN,
        "Depreciation And Amortization In Income Statement": NaN,
        "Amortization": NaN,
        "Amortization Of Intangibles Income Statement": NaN,
        "Selling General And Administration": NaN,
        "Gross Profit": NaN,
        "Cost Of Revenue": NaN,
        "Total Revenue": NaN,
        "Operating Revenue": NaN
    },
    "2024-06-30": {
        "Tax Effect Of Unusual Items": -4620000.0,
        "Tax Rate For Calcs": 0.21,
        "Normalized EBITDA": 81000000.0,
        "Total Unusual Items": -22000000.0,
        "Total Unusual Items Excluding Goodwill": -22000000.0,
        "Net Income From Continuing Operation Net Minority Interest": -61000000.0,
        "Reconciled Depreciation": 71000000.0,
        "Reconciled Cost Of Revenue": 1861000000.0,
        "EBITDA": 59000000.0,
        "EBIT": -12000000.0,
        "Net Interest Income": -39000000.0,
        "Interest Expense": 40000000.0,
        "Interest Income": 1000000.0,
        "Normalized Income": -43620000.0,
        "Net Income From Continuing And Discontinued Operation": 16000000.0,
        "Total Expenses": 2037000000.0,
        "Diluted Average Shares": 145000000.0,
        "Basic Average Shares": 145000000.0,
        "Diluted EPS": 0.11,
        "Basic EPS": 0.11,
        "Diluted NI Availto Com Stockholders": 16000000.0,
        "Net Income Common Stockholders": 16000000.0,
        "Net Income": 16000000.0,
        "Minority Interests": 0.0,
        "Net Income Including Noncontrolling Interests": 16000000.0,
        "Net Income Discontinuous Operations": 77000000.0,
        "Net Income Continuous Operations": -61000000.0,
        "Earnings From Equity Interest Net Of Tax": 3000000.0,
        "Tax Provision": 12000000.0,
        "Pretax Income": -52000000.0,
        "Other Income Expense": -23000000.0,
        "Other Non Operating Income Expenses": -1000000.0,
        "Special Income Charges": -16000000.0,
        "Gain On Sale Of Ppe": -2000000.0,
        "Gain On Sale Of Business": NaN,
        "Restructuring And Mergern Acquisition": 14000000.0,
        "Gain On Sale Of Security": -6000000.0,
        "Net Non Operating Interest Income Expense": -39000000.0,
        "Interest Expense Non Operating": 40000000.0,
        "Interest Income Non Operating": 1000000.0,
        "Operating Income": 10000000.0,
        "Operating Expense": 107000000.0,
        "Other Operating Expenses": -3000000.0,
        "Depreciation Amortization Depletion Income Statement": 2000000.0,
        "Depreciation And Amortization In Income Statement": 2000000.0,
        "Amortization": 2000000.0,
        "Amortization Of Intangibles Income Statement": 2000000.0,
        "Selling General And Administration": 108000000.0,
        "Gross Profit": 117000000.0,
        "Cost Of Revenue": 1930000000.0,
        "Total Revenue": 2047000000.0,
        "Operating Revenue": 2047000000.0
    },
    "2024-09-30": {
        "Tax Effect Of Unusual Items": -5040000.0,
        "Tax Rate For Calcs": 0.21,
        "Normalized EBITDA": 259000000.0,
        "Total Unusual Items": -24000000.0,
        "Total Unusual Items Excluding Goodwill": -24000000.0,
        "Net Income From Continuing Operation Net Minority Interest": 4000000.0,
        "Reconciled Depreciation": 143000000.0,
        "Reconciled Cost Of Revenue": 2091000000.0,
        "EBITDA": 235000000.0,
        "EBIT": 92000000.0,
        "Net Interest Income": -36000000.0,
        "Interest Expense": 40000000.0,
        "Interest Income": 4000000.0,
        "Normalized Income": 22960000.0,
        "Net Income From Continuing And Discontinued Operation": 4000000.0,
        "Total Expenses": 2363000000.0,
        "Diluted Average Shares": 145100000.0,
        "Basic Average Shares": 145000000.0,
        "Diluted EPS": 0.03,
        "Basic EPS": 0.03,
        "Diluted NI Availto Com Stockholders": 4000000.0,
        "Net Income Common Stockholders": 4000000.0,
        "Net Income": 4000000.0,
        "Minority Interests": -7000000.0,
        "Net Income Including Noncontrolling Interests": 11000000.0,
        "Net Income Discontinuous Operations": NaN,
        "Net Income Continuous Operations": 11000000.0,
        "Earnings From Equity Interest Net Of Tax": 2000000.0,
        "Tax Provision": 43000000.0,
        "Pretax Income": 52000000.0,
        "Other Income Expense": -25000000.0,
        "Other Non Operating Income Expenses": -1000000.0,
        "Special Income Charges": -21000000.0,
        "Gain On Sale Of Ppe": NaN,
        "Gain On Sale Of Business": 4000000.0,
        "Restructuring And Mergern Acquisition": 25000000.0,
        "Gain On Sale Of Security": -3000000.0,
        "Net Non Operating Interest Income Expense": -36000000.0,
        "Interest Expense Non Operating": 40000000.0,
        "Interest Income Non Operating": 4000000.0,
        "Operating Income": 113000000.0,
        "Operating Expense": 132000000.0,
        "Other Operating Expenses": -1000000.0,
        "Depreciation Amortization Depletion Income Statement": 3000000.0,
        "Depreciation And Amortization In Income Statement": 3000000.0,
        "Amortization": 3000000.0,
        "Amortization Of Intangibles Income Statement": 3000000.0,
        "Selling General And Administration": 130000000.0,
        "Gross Profit": 245000000.0,
        "Cost Of Revenue": 2231000000.0,
        "Total Revenue": 2476000000.0,
        "Operating Revenue": 2476000000.0
    },
    "2024-12-31": {
        "Tax Effect Of Unusual Items": -9240000.0,
        "Tax Rate For Calcs": 0.21,
        "Normalized EBITDA": 115000000.0,
        "Total Unusual Items": -44000000.0,
        "Total Unusual Items Excluding Goodwill": -44000000.0,
        "Net Income From Continuing Operation Net Minority Interest": -80000000.0,
        "Reconciled Depreciation": 102000000.0,
        "Reconciled Cost Of Revenue": 2104000000.0,
        "EBITDA": 71000000.0,
        "EBIT": -31000000.0,
        "Net Interest Income": -38000000.0,
        "Interest Expense": 43000000.0,
        "Interest Income": 5000000.0,
        "Normalized Income": -45240000.0,
        "Net Income From Continuing And Discontinued Operation": -80000000.0,
        "Total Expenses": 2322000000.0,
        "Diluted Average Shares": 145300000.0,
        "Basic Average Shares": 145300000.0,
        "Diluted EPS": -0.55,
        "Basic EPS": -0.55,
        "Diluted NI Availto Com Stockholders": -80000000.0,
        "Net Income Common Stockholders": -80000000.0,
        "Net Income": -80000000.0,
        "Minority Interests": -4000000.0,
        "Net Income Including Noncontrolling Interests": -76000000.0,
        "Net Income Discontinuous Operations": NaN,
        "Net Income Continuous Operations": -76000000.0,
        "Earnings From Equity Interest Net Of Tax": 3000000.0,
        "Tax Provision": 5000000.0,
        "Pretax Income": -74000000.0,
        "Other Income Expense": -49000000.0,
        "Other Non Operating Income Expenses": -5000000.0,
        "Special Income Charges": -40000000.0,
        "Gain On Sale Of Ppe": -27000000.0,
        "Gain On Sale Of Business": NaN,
        "Restructuring And Mergern Acquisition": 39000000.0,
        "Gain On Sale Of Security": -4000000.0,
        "Net Non Operating Interest Income Expense": -38000000.0,
        "Interest Expense Non Operating": 43000000.0,
        "Interest Income Non Operating": 5000000.0,
        "Operating Income": 13000000.0,
        "Operating Expense": 119000000.0,
        "Other Operating Expenses": -7000000.0,
        "Depreciation Amortization Depletion Income Statement": 3000000.0,
        "Depreciation And Amortization In Income Statement": 3000000.0,
        "Amortization": 3000000.0,
        "Amortization Of Intangibles Income Statement": 3000000.0,
        "Selling General And Administration": 123000000.0,
        "Gross Profit": 132000000.0,
        "Cost Of Revenue": 2203000000.0,
        "Total Revenue": 2335000000.0,
        "Operating Revenue": 2335000000.0
    },
    "2025-03-31": {
        "Tax Effect Of Unusual Items": -4840000.0,
        "Tax Rate For Calcs": 0.22,
        "Normalized EBITDA": 198000000.0,
        "Total Unusual Items": -22000000.0,
        "Total Unusual Items Excluding Goodwill": -22000000.0,
        "Net Income From Continuing Operation Net Minority Interest": 25000000.0,
        "Reconciled Depreciation": 101000000.0,
        "Reconciled Cost Of Revenue": 2034000000.0,
        "EBITDA": 176000000.0,
        "EBIT": 75000000.0,
        "Net Interest Income": -36000000.0,
        "Interest Expense": 39000000.0,
        "Interest Income": 3000000.0,
        "Normalized Income": 42160000.0,
        "Net Income From Continuing And Discontinued Operation": 25000000.0,
        "Total Expenses": 2265000000.0,
        "Diluted Average Shares": 147000000.0,
        "Basic Average Shares": 145600000.0,
        "Diluted EPS": 0.17,
        "Basic EPS": 0.17,
        "Diluted NI Availto Com Stockholders": 25000000.0,
        "Net Income Common Stockholders": 25000000.0,
        "Net Income": 25000000.0,
        "Minority Interests": -5000000.0,
        "Net Income Including Noncontrolling Interests": 30000000.0,
        "Net Income Discontinuous Operations": NaN,
        "Net Income Continuous Operations": 30000000.0,
        "Earnings From Equity Interest Net Of Tax": 2000000.0,
        "Tax Provision": 8000000.0,
        "Pretax Income": 36000000.0,
        "Other Income Expense": -15000000.0,
        "Other Non Operating Income Expenses": 7000000.0,
        "Special Income Charges": -19000000.0,
        "Gain On Sale Of Ppe": 1000000.0,
        "Gain On Sale Of Business": NaN,
        "Restructuring And Mergern Acquisition": 20000000.0,
        "Gain On Sale Of Security": -3000000.0,
        "Net Non Operating Interest Income Expense": -36000000.0,
        "Interest Expense Non Operating": 39000000.0,
        "Interest Income Non Operating": 3000000.0,
        "Operating Income": 87000000.0,
        "Operating Expense": 133000000.0,
        "Other Operating Expenses": -2000000.0,
        "Depreciation Amortization Depletion Income Statement": 3000000.0,
        "Depreciation And Amortization In Income Statement": 3000000.0,
        "Amortization": 3000000.0,
        "Amortization Of Intangibles Income Statement": 3000000.0,
        "Selling General And Administration": 132000000.0,
        "Gross Profit": 220000000.0,
        "Cost Of Revenue": 2132000000.0,
        "Total Revenue": 2352000000.0,
        "Operating Revenue": 2352000000.0
    },
    "2025-06-30": {
        "Tax Effect Of Unusual Items": -5040000.0,
        "Tax Rate For Calcs": 0.21,
        "Normalized EBITDA": 119000000.0,
        "Total Unusual Items": -24000000.0,
        "Total Unusual Items Excluding Goodwill": -24000000.0,
        "Net Income From Continuing Operation Net Minority Interest": -16000000.0,
        "Reconciled Depreciation": 76000000.0,
        "Reconciled Cost Of Revenue": 1723000000.0,
        "EBITDA": 95000000.0,
        "EBIT": 19000000.0,
        "Net Interest Income": -41000000.0,
        "Interest Expense": 44000000.0,
        "Interest Income": 3000000.0,
        "Normalized Income": 2960000.0,
        "Net Income From Continuing And Discontinued Operation": 27000000.0,
        "Total Expenses": 1896000000.0,
        "Diluted Average Shares": 143800000.0,
        "Basic Average Shares": 143800000.0,
        "Diluted EPS": 0.19,
        "Basic EPS": 0.19,
        "Diluted NI Availto Com Stockholders": 27000000.0,
        "Net Income Common Stockholders": 27000000.0,
        "Net Income": 27000000.0,
        "Minority Interests": -4000000.0,
        "Net Income Including Noncontrolling Interests": 31000000.0,
        "Net Income Discontinuous Operations": 43000000.0,
        "Net Income Continuous Operations": -12000000.0,
        "Earnings From Equity Interest Net Of Tax": 23000000.0,
        "Tax Provision": 10000000.0,
        "Pretax Income": -25000000.0,
        "Other Income Expense": -23000000.0,
        "Other Non Operating Income Expenses": 1000000.0,
        "Special Income Charges": -23000000.0,
        "Gain On Sale Of Ppe": NaN,
        "Gain On Sale Of Business": -7000000.0,
        "Restructuring And Mergern Acquisition": 16000000.0,
        "Gain On Sale Of Security": -1000000.0,
        "Net Non Operating Interest Income Expense": -41000000.0,
        "Interest Expense Non Operating": 44000000.0,
        "Interest Income Non Operating": 3000000.0,
        "Operating Income": 39000000.0,
        "Operating Expense": 99000000.0,
        "Other Operating Expenses": -2000000.0,
        "Depreciation Amortization Depletion Income Statement": 2000000.0,
        "Depreciation And Amortization In Income Statement": 2000000.0,
        "Amortization": 2000000.0,
        "Amortization Of Intangibles Income Statement": 2000000.0,
        "Selling General And Administration": 99000000.0,
        "Gross Profit": 138000000.0,
        "Cost Of Revenue": 1797000000.0,
        "Total Revenue": 1935000000.0,
        "Operating Revenue": 1935000000.0
    }
}