{
    "2023-03-31": {
        "Tax Effect Of Unusual Items": NaN,
        "Tax Rate For Calcs": NaN,
        "Normalized EBITDA": NaN,
        "Total Unusual Items": NaN,
        "Total Unusual Items Excluding Goodwill": NaN,
        "Net Income From Continuing Operation Net Minority Interest": NaN,
        "Reconciled Depreciation": NaN,
        "Reconciled Cost Of Revenue": NaN,
        "EBITDA": NaN,
        "EBIT": NaN,
        "Net Interest Income": NaN,
        "Interest Income": NaN,
        "Normalized Income": NaN,
        "Net Income From Continuing And Discontinued Operation": NaN,
        "Total Expenses": NaN,
        "Total Operating Income As Reported": NaN,
        "Diluted Average Shares": NaN,
        "Basic Average Shares": NaN,
        "Diluted EPS": NaN,
        "Basic EPS": NaN,
        "Diluted NI Availto Com Stockholders": NaN,
        "Net Income Common Stockholders": NaN,
        "Net Income": NaN,
        "Minority Interests": NaN,
        "Net Income Including Noncontrolling Interests": NaN,
        "Net Income Continuous Operations": NaN,
        "Pretax Income": NaN,
        "Other Income Expense": -28316.0,
        "Other Non Operating Income Expenses": 106538.0,
        "Special Income Charges": NaN,
        "Gain On Sale Of Business": NaN,
        "Impairment Of Capital Assets": NaN,
        "Restructuring And Mergern Acquisition": -42737.0,
        "Gain On Sale Of Security": -47672.0,
        "Net Non Operating Interest Income Expense": NaN,
        "Interest Income Non Operating": NaN,
        "Operating Income": NaN,
        "Operating Expense": NaN,
        "Research And Development": NaN,
        "Selling General And Administration": NaN,
        "Selling And Marketing Expense": NaN,
        "General And Administrative Expense": NaN,
        "Other Gand A": NaN,
        "Salaries And Wages": 1549692.0,
        "Gross Profit": NaN,
        "Cost Of Revenue": NaN,
        "Total Revenue": NaN,
        "Operating Revenue": NaN
    },
    "2022-12-31": {
        "Tax Effect Of Unusual Items": NaN,
        "Tax Rate For Calcs": NaN,
        "Normalized EBITDA": NaN,
        "Total Unusual Items": NaN,
        "Total Unusual Items Excluding Goodwill": NaN,
        "Net Income From Continuing Operation Net Minority Interest": NaN,
        "Reconciled Depreciation": NaN,
        "Reconciled Cost Of Revenue": NaN,
        "EBITDA": NaN,
        "EBIT": NaN,
        "Net Interest Income": NaN,
        "Interest Expense": 0.0,
        "Interest Income": NaN,
        "Normalized Income": NaN,
        "Net Income From Continuing And Discontinued Operation": NaN,
        "Total Expenses": NaN,
        "Total Operating Income As Reported": NaN,
        "Diluted Average Shares": NaN,
        "Basic Average Shares": NaN,
        "Diluted EPS": NaN,
        "Basic EPS": NaN,
        "Diluted NI Availto Com Stockholders": NaN,
        "Net Income Common Stockholders": NaN,
        "Net Income": NaN,
        "Minority Interests": NaN,
        "Net Income Including Noncontrolling Interests": NaN,
        "Net Income Continuous Operations": NaN,
        "Pretax Income": NaN,
        "Other Income Expense": -950039.0,
        "Other Non Operating Income Expenses": NaN,
        "Special Income Charges": NaN,
        "Gain On Sale Of Business": NaN,
        "Impairment Of Capital Assets": NaN,
        "Restructuring And Mergern Acquisition": NaN,
        "Gain On Sale Of Security": 59033.0,
        "Net Non Operating Interest Income Expense": NaN,
        "Interest Expense Non Operating": 0.0,
        "Interest Income Non Operating": NaN,
        "Operating Income": NaN,
        "Operating Expense": NaN,
        "Research And Development": NaN,
        "Selling General And Administration": NaN,
        "Selling And Marketing Expense": NaN,
        "General And Administrative Expense": NaN,
        "Other Gand A": NaN,
        "Salaries And Wages": 1535949.0,
        "Gross Profit": NaN,
        "Cost Of Revenue": NaN,
        "Total Revenue": NaN,
        "Operating Revenue": NaN
    },
    "2022-09-30": {
        "Tax Effect Of Unusual Items": NaN,
        "Tax Rate For Calcs": NaN,
        "Normalized EBITDA": NaN,
        "Total Unusual Items": NaN,
        "Total Unusual Items Excluding Goodwill": NaN,
        "Net Income From Continuing Operation Net Minority Interest": NaN,
        "Reconciled Depreciation": NaN,
        "Reconciled Cost Of Revenue": NaN,
        "EBITDA": NaN,
        "EBIT": NaN,
        "Net Interest Income": NaN,
        "Interest Expense": 0.0,
        "Interest Income": NaN,
        "Normalized Income": NaN,
        "Net Income From Continuing And Discontinued Operation": NaN,
        "Total Expenses": NaN,
        "Total Operating Income As Reported": NaN,
        "Diluted Average Shares": 2059742.0,
        "Basic Average Shares": 2059742.0,
        "Diluted EPS": -1.29,
        "Basic EPS": -1.29,
        "Diluted NI Availto Com Stockholders": NaN,
        "Net Income Common Stockholders": NaN,
        "Net Income": NaN,
        "Net Income Including Noncontrolling Interests": NaN,
        "Net Income Continuous Operations": NaN,
        "Pretax Income": NaN,
        "Other Income Expense": NaN,
        "Other Non Operating Income Expenses": NaN,
        "Special Income Charges": NaN,
        "Gain On Sale Of Business": NaN,
        "Impairment Of Capital Assets": NaN,
        "Restructuring And Mergern Acquisition": NaN,
        "Gain On Sale Of Security": NaN,
        "Net Non Operating Interest Income Expense": NaN,
        "Interest Expense Non Operating": 0.0,
        "Interest Income Non Operating": NaN,
        "Operating Income": NaN,
        "Operating Expense": NaN,
        "Research And Development": NaN,
        "Selling General And Administration": NaN,
        "Selling And Marketing Expense": NaN,
        "General And Administrative Expense": NaN,
        "Other Gand A": NaN,
        "Salaries And Wages": 1639886.0,
        "Gross Profit": NaN,
        "Cost Of Revenue": NaN,
        "Total Revenue": NaN,
        "Operating Revenue": NaN
    },
    "2022-06-30": {
        "Tax Effect Of Unusual Items": 0.0,
        "Tax Rate For Calcs": 0.0,
        "Normalized EBITDA": -2477439.0,
        "Total Unusual Items": -87911.0,
        "Total Unusual Items Excluding Goodwill": -87911.0,
        "Net Income From Continuing Operation Net Minority Interest": -2581712.0,
        "Reconciled Depreciation": 16362.0,
        "EBITDA": -2565350.0,
        "EBIT": -2581712.0,
        "Net Interest Income": 1785.0,
        "Interest Expense": 0.0,
        "Interest Income": 1785.0,
        "Normalized Income": -2493801.0,
        "Net Income From Continuing And Discontinued Operation": -2581712.0,
        "Total Expenses": 2533533.0,
        "Total Operating Income As Reported": -2579766.0,
        "Diluted Average Shares": 19608408.0,
        "Basic Average Shares": 19608408.0,
        "Diluted EPS": -0.13,
        "Basic EPS": -0.13,
        "Diluted NI Availto Com Stockholders": -2581712.0,
        "Net Income Common Stockholders": -2581712.0,
        "Net Income": -2581712.0,
        "Net Income Including Noncontrolling Interests": -2581712.0,
        "Net Income Continuous Operations": -2581712.0,
        "Pretax Income": -2581712.0,
        "Other Income Expense": -87911.0,
        "Other Non Operating Income Expenses": NaN,
        "Special Income Charges": -84180.0,
        "Write Off": 84180.0,
        "Impairment Of Capital Assets": 84180.0,
        "Gain On Sale Of Security": -3731.0,
        "Net Non Operating Interest Income Expense": 1785.0,
        "Interest Expense Non Operating": 0.0,
        "Interest Income Non Operating": 1785.0,
        "Operating Income": -2495586.0,
        "Operating Expense": 2533533.0,
        "Research And Development": NaN,
        "Selling General And Administration": 2533533.0,
        "Selling And Marketing Expense": 142402.0,
        "General And Administrative Expense": 2391131.0,
        "Other Gand A": 689920.0,
        "Salaries And Wages": 1701211.0,
        "Total Revenue": 37947.0,
        "Operating Revenue": 37947.0
    },
    "2022-03-31": {
        "Diluted EPS": -0.17,
        "Total Revenue": 0,
        "Gross Profit": 0,
        "Operating Income": -3,
        "EBIT": -3,
        "Net Income": -3
    },
    "2021-12-31": {
        "Diluted EPS": -0.46,
        "Total Revenue": NaN,
        "Gross Profit": NaN,
        "Operating Income": -7,
        "EBIT": -7,
        "Net Income": -7
    },
    "2021-09-30": {
        "Diluted EPS": -0.12,
        "Total Revenue": NaN,
        "Gross Profit": NaN,
        "Operating Income": -2,
        "EBIT": -2,
        "Net Income": -2
    },
    "2021-06-30": {
        "Diluted EPS": -0.05,
        "Total Revenue": NaN,
        "Gross Profit": NaN,
        "Operating Income": -1,
        "EBIT": -1,
        "Net Income": -1
    },
    "2021-03-31": {
        "Diluted EPS": -0.08,
        "Total Revenue": NaN,
        "Gross Profit": NaN,
        "Operating Income": -1,
        "EBIT": -1,
        "Net Income": -1
    },
    "2020-12-31": {
        "Diluted EPS": 0.0,
        "Total Revenue": NaN,
        "Gross Profit": NaN,
        "Operating Income": NaN,
        "EBIT": NaN,
        "Net Income": NaN
    },
    "2020-09-30": {
        "Diluted EPS": -0.02,
        "Total Revenue": NaN,
        "Gross Profit": NaN,
        "Operating Income": 0,
        "EBIT": 0,
        "Net Income": 0
    },
    "2020-06-30": {
        "Diluted EPS": -0.02,
        "Total Revenue": NaN,
        "Gross Profit": NaN,
        "Operating Income": 0,
        "EBIT": 0,
        "Net Income": 0
    },
    "2019-12-31": {
        "Diluted EPS": 0.0,
        "Total Revenue": NaN,
        "Gross Profit": NaN,
        "Operating Income": NaN,
        "EBIT": NaN,
        "Net Income": NaN
    },
    "2023-06-30": {
        "Tax Effect Of Unusual Items": 0.0,
        "Tax Rate For Calcs": 0.0,
        "Normalized EBITDA": -2304788.0,
        "Total Unusual Items": -66.0,
        "Total Unusual Items Excluding Goodwill": -66.0,
        "Net Income From Continuing Operation Net Minority Interest": -2287230.0,
        "Reconciled Depreciation": 21905.0,
        "Reconciled Cost Of Revenue": NaN,
        "EBITDA": -2304854.0,
        "EBIT": -2326759.0,
        "Net Interest Income": 39595.0,
        "Interest Income": 39595.0,
        "Normalized Income": -2287164.0,
        "Net Income From Continuing And Discontinued Operation": -2287230.0,
        "Total Expenses": 2326931.0,
        "Total Operating Income As Reported": -2326759.0,
        "Diluted Average Shares": 2074042.0,
        "Basic Average Shares": 2074042.0,
        "Diluted EPS": -1.1,
        "Basic EPS": -1.1,
        "Diluted NI Availto Com Stockholders": -2287230.0,
        "Net Income Common Stockholders": -2287230.0,
        "Net Income": -2287230.0,
        "Minority Interests": 0.0,
        "Net Income Including Noncontrolling Interests": -2287230.0,
        "Net Income Continuous Operations": -2287230.0,
        "Pretax Income": -2287230.0,
        "Other Income Expense": -66.0,
        "Special Income Charges": 0.0,
        "Gain On Sale Of Business": 0.0,
        "Impairment Of Capital Assets": 0.0,
        "Restructuring And Mergern Acquisition": NaN,
        "Gain On Sale Of Security": -66.0,
        "Net Non Operating Interest Income Expense": 39595.0,
        "Interest Income Non Operating": 39595.0,
        "Operating Income": -2326759.0,
        "Operating Expense": NaN,
        "Research And Development": 337458.0,
        "Selling General And Administration": NaN,
        "Selling And Marketing Expense": 46599.0,
        "General And Administrative Expense": NaN,
        "Other Gand A": 562836.0,
        "Salaries And Wages": 1380038.0,
        "Gross Profit": NaN,
        "Cost Of Revenue": NaN,
        "Total Revenue": 172.0,
        "Operating Revenue": 172.0
    },
    "2023-09-30": {
        "Tax Effect Of Unusual Items": NaN,
        "Tax Rate For Calcs": NaN,
        "Normalized EBITDA": NaN,
        "Total Unusual Items": NaN,
        "Total Unusual Items Excluding Goodwill": NaN,
        "Net Income From Continuing Operation Net Minority Interest": NaN,
        "Reconciled Depreciation": NaN,
        "Reconciled Cost Of Revenue": NaN,
        "EBITDA": NaN,
        "EBIT": NaN,
        "Net Interest Income": NaN,
        "Interest Income": NaN,
        "Normalized Income": NaN,
        "Net Income From Continuing And Discontinued Operation": NaN,
        "Total Expenses": NaN,
        "Total Operating Income As Reported": NaN,
        "Diluted Average Shares": 2088516.0,
        "Basic Average Shares": 2088516.0,
        "Diluted EPS": -1.13,
        "Basic EPS": -1.13,
        "Diluted NI Availto Com Stockholders": NaN,
        "Net Income Common Stockholders": NaN,
        "Net Income": NaN,
        "Minority Interests": NaN,
        "Net Income Including Noncontrolling Interests": NaN,
        "Net Income Continuous Operations": NaN,
        "Pretax Income": NaN,
        "Other Income Expense": -36.0,
        "Special Income Charges": NaN,
        "Gain On Sale Of Business": NaN,
        "Impairment Of Capital Assets": NaN,
        "Restructuring And Mergern Acquisition": NaN,
        "Gain On Sale Of Security": -36.0,
        "Net Non Operating Interest Income Expense": NaN,
        "Interest Income Non Operating": NaN,
        "Operating Income": NaN,
        "Operating Expense": NaN,
        "Research And Development": NaN,
        "Selling General And Administration": NaN,
        "Selling And Marketing Expense": NaN,
        "General And Administrative Expense": NaN,
        "Other Gand A": NaN,
        "Salaries And Wages": NaN,
        "Gross Profit": NaN,
        "Cost Of Revenue": NaN,
        "Total Revenue": NaN,
        "Operating Revenue": NaN
    },
    "2024-03-31": {
        "Tax Effect Of Unusual Items": 0.0,
        "Tax Rate For Calcs": 0.0,
        "Normalized EBITDA": -1627656.0,
        "Total Unusual Items": -12858.0,
        "Total Unusual Items Excluding Goodwill": -12858.0,
        "Net Income From Continuing Operation Net Minority Interest": -1137812.0,
        "Reconciled Depreciation": 22905.0,
        "Reconciled Cost Of Revenue": 897664.0,
        "EBITDA": -1640514.0,
        "EBIT": -1663419.0,
        "Net Interest Income": 114470.0,
        "Interest Income": 114470.0,
        "Normalized Income": -1124954.0,
        "Net Income From Continuing And Discontinued Operation": -1137812.0,
        "Total Expenses": 1663550.0,
        "Total Operating Income As Reported": -1663419.0,
        "Diluted Average Shares": 2806185.0,
        "Basic Average Shares": 2806185.0,
        "Diluted EPS": -0.41,
        "Basic EPS": -0.41,
        "Diluted NI Availto Com Stockholders": -1137812.0,
        "Net Income Common Stockholders": -1137812.0,
        "Net Income": -1137812.0,
        "Minority Interests": 423995.0,
        "Net Income Including Noncontrolling Interests": -1561807.0,
        "Net Income Continuous Operations": -1561807.0,
        "Pretax Income": -1561807.0,
        "Other Income Expense": -12858.0,
        "Special Income Charges": 107.0,
        "Gain On Sale Of Business": 107.0,
        "Impairment Of Capital Assets": 0.0,
        "Restructuring And Mergern Acquisition": 0.0,
        "Gain On Sale Of Security": -12965.0,
        "Net Non Operating Interest Income Expense": 114470.0,
        "Interest Income Non Operating": 114470.0,
        "Operating Income": -1663419.0,
        "Operating Expense": 765886.0,
        "Research And Development": 233918.0,
        "Selling General And Administration": 531968.0,
        "Selling And Marketing Expense": 34717.0,
        "General And Administrative Expense": 497251.0,
        "Other Gand A": 497251.0,
        "Salaries And Wages": 897664.0,
        "Gross Profit": -897533.0,
        "Cost Of Revenue": 897664.0,
        "Total Revenue": 131.0,
        "Operating Revenue": 131.0
    },
    "2023-12-31": {
        "Tax Effect Of Unusual Items": NaN,
        "Tax Rate For Calcs": NaN,
        "Normalized EBITDA": NaN,
        "Total Unusual Items": NaN,
        "Total Unusual Items Excluding Goodwill": NaN,
        "Net Income From Continuing Operation Net Minority Interest": NaN,
        "Reconciled Depreciation": NaN,
        "Reconciled Cost Of Revenue": NaN,
        "EBITDA": NaN,
        "EBIT": NaN,
        "Net Interest Income": NaN,
        "Interest Income": NaN,
        "Normalized Income": NaN,
        "Net Income From Continuing And Discontinued Operation": NaN,
        "Total Expenses": NaN,
        "Total Operating Income As Reported": NaN,
        "Diluted Average Shares": NaN,
        "Basic Average Shares": NaN,
        "Diluted EPS": NaN,
        "Basic EPS": NaN,
        "Diluted NI Availto Com Stockholders": NaN,
        "Net Income Common Stockholders": NaN,
        "Net Income": NaN,
        "Minority Interests": NaN,
        "Net Income Including Noncontrolling Interests": NaN,
        "Net Income Continuous Operations": NaN,
        "Pretax Income": NaN,
        "Other Income Expense": 27963.0,
        "Special Income Charges": NaN,
        "Gain On Sale Of Business": NaN,
        "Impairment Of Capital Assets": 43671.0,
        "Restructuring And Mergern Acquisition": 63801.0,
        "Gain On Sale Of Security": 135435.0,
        "Net Non Operating Interest Income Expense": NaN,
        "Interest Income Non Operating": NaN,
        "Operating Income": NaN,
        "Operating Expense": NaN,
        "Research And Development": NaN,
        "Selling General And Administration": NaN,
        "Selling And Marketing Expense": NaN,
        "General And Administrative Expense": NaN,
        "Other Gand A": NaN,
        "Salaries And Wages": 583148.0,
        "Gross Profit": NaN,
        "Cost Of Revenue": NaN,
        "Total Revenue": NaN,
        "Operating Revenue": NaN
    },
    "2024-06-30": {
        "Tax Effect Of Unusual Items": 0.0,
        "Tax Rate For Calcs": 0.0,
        "Normalized EBITDA": -1243312.0,
        "Total Unusual Items": 0.0,
        "Total Unusual Items Excluding Goodwill": 0.0,
        "Net Income From Continuing Operation Net Minority Interest": -983247.0,
        "Reconciled Depreciation": 23791.0,
        "Reconciled Cost Of Revenue": 522596.0,
        "EBITDA": -1243312.0,
        "EBIT": -1267103.0,
        "Net Interest Income": 62995.0,
        "Interest Income": 62995.0,
        "Normalized Income": -983247.0,
        "Net Income From Continuing And Discontinued Operation": -983247.0,
        "Total Expenses": 1267254.0,
        "Total Operating Income As Reported": -1267103.0,
        "Diluted Average Shares": 3009329.0,
        "Basic Average Shares": 3009329.0,
        "Diluted EPS": -0.33,
        "Basic EPS": -0.33,
        "Diluted NI Availto Com Stockholders": -983247.0,
        "Net Income Common Stockholders": -983247.0,
        "Net Income": -983247.0,
        "Minority Interests": 220861.0,
        "Net Income Including Noncontrolling Interests": -1204108.0,
        "Net Income Continuous Operations": -1204108.0,
        "Pretax Income": -1204108.0,
        "Other Income Expense": NaN,
        "Special Income Charges": 0.0,
        "Gain On Sale Of Business": 0.0,
        "Impairment Of Capital Assets": 0.0,
        "Restructuring And Mergern Acquisition": 0.0,
        "Gain On Sale Of Security": NaN,
        "Net Non Operating Interest Income Expense": 62995.0,
        "Interest Income Non Operating": 62995.0,
        "Operating Income": -1267103.0,
        "Operating Expense": 744658.0,
        "Research And Development": 226058.0,
        "Selling General And Administration": 518600.0,
        "Selling And Marketing Expense": 32883.0,
        "General And Administrative Expense": 485717.0,
        "Other Gand A": 485717.0,
        "Salaries And Wages": 522596.0,
        "Gross Profit": -522445.0,
        "Cost Of Revenue": 522596.0,
        "Total Revenue": 151.0,
        "Operating Revenue": 151.0
    },
    "2024-09-30": {
        "Tax Effect Of Unusual Items": 0.0,
        "Tax Rate For Calcs": 0.0,
        "Normalized EBITDA": -1213468.0,
        "Total Unusual Items": 0.0,
        "Total Unusual Items Excluding Goodwill": 0.0,
        "Net Income From Continuing Operation Net Minority Interest": -1271801.0,
        "Reconciled Depreciation": 24716.0,
        "Reconciled Cost Of Revenue": 461422.0,
        "EBITDA": -1213468.0,
        "EBIT": -1238184.0,
        "Net Interest Income": 54726.0,
        "Interest Income": 54726.0,
        "Normalized Income": -1271801.0,
        "Net Income From Continuing And Discontinued Operation": -1271801.0,
        "Total Expenses": 1238246.0,
        "Total Operating Income As Reported": -1238184.0,
        "Diluted Average Shares": 3009329.0,
        "Basic Average Shares": 3009329.0,
        "Diluted EPS": -0.42,
        "Basic EPS": -0.42,
        "Diluted NI Availto Com Stockholders": -1271801.0,
        "Net Income Common Stockholders": -1271801.0,
        "Net Income": -1271801.0,
        "Minority Interests": -88343.0,
        "Net Income Including Noncontrolling Interests": -1183458.0,
        "Net Income Continuous Operations": -1183458.0,
        "Pretax Income": -1183458.0,
        "Other Income Expense": NaN,
        "Special Income Charges": 0.0,
        "Gain On Sale Of Business": 0.0,
        "Impairment Of Capital Assets": 0.0,
        "Restructuring And Mergern Acquisition": 0.0,
        "Gain On Sale Of Security": NaN,
        "Net Non Operating Interest Income Expense": 54726.0,
        "Interest Income Non Operating": 54726.0,
        "Operating Income": -1238184.0,
        "Operating Expense": 776824.0,
        "Research And Development": 363472.0,
        "Selling General And Administration": 413352.0,
        "Selling And Marketing Expense": 34134.0,
        "General And Administrative Expense": 379218.0,
        "Other Gand A": 379218.0,
        "Salaries And Wages": 461422.0,
        "Gross Profit": -461360.0,
        "Cost Of Revenue": 461422.0,
        "Total Revenue": 62.0,
        "Operating Revenue": 62.0
    },
    "2024-12-31": {
        "Tax Effect Of Unusual Items": 0.0,
        "Tax Rate For Calcs": 0.0,
        "Normalized EBITDA": -1086503.0,
        "Total Unusual Items": 0.0,
        "Total Unusual Items Excluding Goodwill": 0.0,
        "Net Income From Continuing Operation Net Minority Interest": -846300.0,
        "Reconciled Depreciation": 25694.0,
        "Reconciled Cost Of Revenue": 438445.0,
        "EBITDA": -1086503.0,
        "EBIT": -1112197.0,
        "Net Interest Income": 36563.0,
        "Interest Income": 36563.0,
        "Normalized Income": -846300.0,
        "Net Income From Continuing And Discontinued Operation": -846300.0,
        "Total Expenses": 1112289.0,
        "Total Operating Income As Reported": -1112197.0,
        "Diluted Average Shares": NaN,
        "Basic Average Shares": NaN,
        "Diluted EPS": NaN,
        "Basic EPS": NaN,
        "Diluted NI Availto Com Stockholders": -846300.0,
        "Net Income Common Stockholders": -846300.0,
        "Net Income": -846300.0,
        "Minority Interests": 229334.0,
        "Net Income Including Noncontrolling Interests": -1075634.0,
        "Net Income Continuous Operations": -1075634.0,
        "Pretax Income": -1075634.0,
        "Other Income Expense": 0.0,
        "Special Income Charges": 0.0,
        "Gain On Sale Of Business": 0.0,
        "Impairment Of Capital Assets": 0.0,
        "Restructuring And Mergern Acquisition": 0.0,
        "Gain On Sale Of Security": 0.0,
        "Net Non Operating Interest Income Expense": 36563.0,
        "Interest Income Non Operating": 36563.0,
        "Operating Income": -1112197.0,
        "Operating Expense": 673844.0,
        "Research And Development": 34220.0,
        "Selling General And Administration": 639624.0,
        "Selling And Marketing Expense": 26922.0,
        "General And Administrative Expense": 612702.0,
        "Other Gand A": 612702.0,
        "Salaries And Wages": 438445.0,
        "Gross Profit": -438353.0,
        "Cost Of Revenue": 438445.0,
        "Total Revenue": 92.0,
        "Operating Revenue": 92.0
    },
    "2025-03-31": {
        "Tax Effect Of Unusual Items": 0.0,
        "Tax Rate For Calcs": 0.0,
        "Normalized EBITDA": -1654905.0,
        "Total Unusual Items": 0.0,
        "Total Unusual Items Excluding Goodwill": 0.0,
        "Net Income From Continuing Operation Net Minority Interest": -1473196.0,
        "Reconciled Depreciation": 5541.0,
        "Reconciled Cost Of Revenue": 967280.0,
        "EBITDA": -1654905.0,
        "EBIT": -1660446.0,
        "Net Interest Income": 41336.0,
        "Interest Income": 41336.0,
        "Normalized Income": -1473196.0,
        "Net Income From Continuing And Discontinued Operation": -1473196.0,
        "Total Expenses": 1660529.0,
        "Total Operating Income As Reported": -1660446.0,
        "Diluted Average Shares": 4089329.0,
        "Basic Average Shares": 4089329.0,
        "Diluted EPS": -0.36,
        "Basic EPS": -0.36,
        "Diluted NI Availto Com Stockholders": -1473196.0,
        "Net Income Common Stockholders": -1473196.0,
        "Net Income": -1473196.0,
        "Minority Interests": 145914.0,
        "Net Income Including Noncontrolling Interests": -1619110.0,
        "Net Income Continuous Operations": -1619110.0,
        "Pretax Income": -1619110.0,
        "Other Income Expense": NaN,
        "Special Income Charges": 0.0,
        "Gain On Sale Of Business": 0.0,
        "Impairment Of Capital Assets": NaN,
        "Restructuring And Mergern Acquisition": NaN,
        "Gain On Sale Of Security": NaN,
        "Net Non Operating Interest Income Expense": 41336.0,
        "Interest Income Non Operating": 41336.0,
        "Operating Income": -1660446.0,
        "Operating Expense": 693249.0,
        "Research And Development": 6000.0,
        "Selling General And Administration": 687249.0,
        "Selling And Marketing Expense": 38262.0,
        "General And Administrative Expense": 648987.0,
        "Other Gand A": 648987.0,
        "Salaries And Wages": NaN,
        "Gross Profit": -967197.0,
        "Cost Of Revenue": 967280.0,
        "Total Revenue": 83.0,
        "Operating Revenue": 83.0
    }
}