{
    "2023-03-31": {
        "Tax Effect Of Unusual Items": NaN,
        "Tax Rate For Calcs": NaN,
        "Normalized EBITDA": NaN,
        "Total Unusual Items": NaN,
        "Total Unusual Items Excluding Goodwill": NaN,
        "Net Income From Continuing Operation Net Minority Interest": NaN,
        "Reconciled Depreciation": NaN,
        "Reconciled Cost Of Revenue": NaN,
        "EBITDA": NaN,
        "EBIT": NaN,
        "Normalized Income": NaN,
        "Net Income From Continuing And Discontinued Operation": NaN,
        "Total Expenses": NaN,
        "Total Operating Income As Reported": NaN,
        "Diluted Average Shares": NaN,
        "Basic Average Shares": NaN,
        "Diluted EPS": NaN,
        "Basic EPS": NaN,
        "Diluted NI Availto Com Stockholders": NaN,
        "Net Income Common Stockholders": NaN,
        "Net Income": NaN,
        "Net Income Including Noncontrolling Interests": NaN,
        "Net Income Continuous Operations": NaN,
        "Tax Provision": NaN,
        "Pretax Income": NaN,
        "Other Income Expense": NaN,
        "Other Non Operating Income Expenses": NaN,
        "Gain On Sale Of Security": NaN,
        "Operating Income": NaN,
        "Operating Expense": NaN,
        "Research And Development": NaN,
        "Selling General And Administration": NaN,
        "General And Administrative Expense": 18027000.0,
        "Other Gand A": 18027000.0,
        "Gross Profit": NaN,
        "Cost Of Revenue": NaN,
        "Total Revenue": NaN,
        "Operating Revenue": NaN
    },
    "2022-12-31": {
        "Tax Effect Of Unusual Items": NaN,
        "Tax Rate For Calcs": NaN,
        "Normalized EBITDA": NaN,
        "Total Unusual Items": NaN,
        "Total Unusual Items Excluding Goodwill": NaN,
        "Net Income From Continuing Operation Net Minority Interest": NaN,
        "Reconciled Depreciation": NaN,
        "Reconciled Cost Of Revenue": NaN,
        "EBITDA": NaN,
        "EBIT": NaN,
        "Net Interest Income": 2660000.0,
        "Normalized Income": NaN,
        "Net Income From Continuing And Discontinued Operation": NaN,
        "Total Expenses": NaN,
        "Total Operating Income As Reported": NaN,
        "Diluted Average Shares": NaN,
        "Basic Average Shares": NaN,
        "Diluted EPS": NaN,
        "Basic EPS": NaN,
        "Diluted NI Availto Com Stockholders": NaN,
        "Net Income Common Stockholders": NaN,
        "Otherunder Preferred Stock Dividend": 0.0,
        "Net Income": NaN,
        "Minority Interests": 0.0,
        "Net Income Including Noncontrolling Interests": NaN,
        "Net Income Continuous Operations": NaN,
        "Tax Provision": NaN,
        "Pretax Income": NaN,
        "Other Income Expense": NaN,
        "Other Non Operating Income Expenses": NaN,
        "Gain On Sale Of Security": NaN,
        "Net Non Operating Interest Income Expense": 2660000.0,
        "Operating Income": NaN,
        "Operating Expense": NaN,
        "Research And Development": NaN,
        "Selling General And Administration": NaN,
        "General And Administrative Expense": NaN,
        "Other Gand A": NaN,
        "Gross Profit": NaN,
        "Cost Of Revenue": NaN,
        "Total Revenue": NaN,
        "Operating Revenue": NaN
    },
    "2022-09-30": {
        "Tax Effect Of Unusual Items": NaN,
        "Tax Rate For Calcs": NaN,
        "Normalized EBITDA": NaN,
        "Total Unusual Items": NaN,
        "Total Unusual Items Excluding Goodwill": NaN,
        "Net Income From Continuing Operation Net Minority Interest": NaN,
        "Reconciled Depreciation": NaN,
        "EBITDA": NaN,
        "EBIT": NaN,
        "Net Interest Income": 1895000.0,
        "Interest Income": 1895000.0,
        "Normalized Income": NaN,
        "Net Income From Continuing And Discontinued Operation": NaN,
        "Total Expenses": NaN,
        "Total Operating Income As Reported": NaN,
        "Diluted Average Shares": 71008993.0,
        "Basic Average Shares": 71008993.0,
        "Diluted EPS": -0.53,
        "Basic EPS": -0.53,
        "Diluted NI Availto Com Stockholders": NaN,
        "Net Income Common Stockholders": NaN,
        "Otherunder Preferred Stock Dividend": 0.0,
        "Net Income": NaN,
        "Minority Interests": 0.0,
        "Net Income Including Noncontrolling Interests": NaN,
        "Net Income Continuous Operations": NaN,
        "Pretax Income": NaN,
        "Other Income Expense": NaN,
        "Other Non Operating Income Expenses": NaN,
        "Gain On Sale Of Security": NaN,
        "Net Non Operating Interest Income Expense": 1895000.0,
        "Interest Income Non Operating": 1895000.0,
        "Operating Income": NaN,
        "Operating Expense": NaN,
        "Research And Development": NaN,
        "Selling General And Administration": NaN,
        "General And Administrative Expense": NaN,
        "Other Gand A": NaN,
        "Total Revenue": NaN,
        "Operating Revenue": NaN
    },
    "2022-06-30": {
        "Tax Effect Of Unusual Items": 0.0,
        "Tax Rate For Calcs": 0.0,
        "Normalized EBITDA": -36586000.0,
        "Total Unusual Items": NaN,
        "Total Unusual Items Excluding Goodwill": NaN,
        "Net Income From Continuing Operation Net Minority Interest": -36530000.0,
        "Reconciled Depreciation": 133000.0,
        "EBITDA": -36586000.0,
        "EBIT": -36719000.0,
        "Net Interest Income": 189000.0,
        "Interest Income": NaN,
        "Normalized Income": -36530000.0,
        "Net Income From Continuing And Discontinued Operation": -36530000.0,
        "Total Expenses": 36719000.0,
        "Total Operating Income As Reported": -36719000.0,
        "Diluted Average Shares": 60760527.0,
        "Basic Average Shares": 60760527.0,
        "Diluted EPS": -0.6,
        "Basic EPS": -0.6,
        "Diluted NI Availto Com Stockholders": -36530000.0,
        "Net Income Common Stockholders": -36530000.0,
        "Otherunder Preferred Stock Dividend": 0.0,
        "Net Income": -36530000.0,
        "Minority Interests": 0.0,
        "Net Income Including Noncontrolling Interests": -36530000.0,
        "Net Income Continuous Operations": -36530000.0,
        "Pretax Income": -36530000.0,
        "Other Income Expense": NaN,
        "Other Non Operating Income Expenses": NaN,
        "Gain On Sale Of Security": NaN,
        "Net Non Operating Interest Income Expense": 189000.0,
        "Total Other Finance Cost": -189000.0,
        "Interest Income Non Operating": NaN,
        "Operating Income": -36719000.0,
        "Operating Expense": 36719000.0,
        "Research And Development": 22560000.0,
        "Selling General And Administration": 14159000.0,
        "General And Administrative Expense": 14159000.0,
        "Other Gand A": 14159000.0,
        "Total Revenue": 0.0,
        "Operating Revenue": 0.0
    },
    "2022-03-31": {
        "Diluted EPS": -0.48,
        "Total Revenue": NaN,
        "Gross Profit": NaN,
        "Operating Income": -28,
        "EBIT": -28,
        "Net Income": -28
    },
    "2021-12-31": {
        "Diluted EPS": 3.33,
        "Total Revenue": NaN,
        "Gross Profit": NaN,
        "Operating Income": -22,
        "EBIT": -22,
        "Net Income": -22
    },
    "2021-09-30": {
        "Diluted EPS": -0.33,
        "Total Revenue": NaN,
        "Gross Profit": NaN,
        "Operating Income": -19,
        "EBIT": -19,
        "Net Income": -19
    },
    "2021-06-30": {
        "Diluted EPS": -5.04,
        "Total Revenue": NaN,
        "Gross Profit": NaN,
        "Operating Income": -15,
        "EBIT": -15,
        "Net Income": -114
    },
    "2021-03-31": {
        "Diluted EPS": -2.58,
        "Total Revenue": NaN,
        "Gross Profit": NaN,
        "Operating Income": -16,
        "EBIT": -16,
        "Net Income": -15
    },
    "2020-12-31": {
        "Diluted EPS": -6.22,
        "Total Revenue": NaN,
        "Gross Profit": NaN,
        "Operating Income": -6,
        "EBIT": -6,
        "Net Income": -34
    },
    "2020-09-30": {
        "Diluted EPS": -0.5,
        "Total Revenue": NaN,
        "Gross Profit": NaN,
        "Operating Income": -4,
        "EBIT": -4,
        "Net Income": -3
    },
    "2020-06-30": {
        "Diluted EPS": -0.32,
        "Total Revenue": NaN,
        "Gross Profit": NaN,
        "Operating Income": -2,
        "EBIT": -2,
        "Net Income": -2
    },
    "2020-03-31": {
        "Diluted EPS": -0.29,
        "Total Revenue": NaN,
        "Gross Profit": NaN,
        "Operating Income": -2,
        "EBIT": -2,
        "Net Income": -2
    },
    "2019-12-31": {
        "Diluted EPS": 0.0,
        "Total Revenue": NaN,
        "Gross Profit": NaN,
        "Operating Income": NaN,
        "EBIT": NaN,
        "Net Income": NaN
    },
    "2023-06-30": {
        "Tax Effect Of Unusual Items": NaN,
        "Tax Rate For Calcs": NaN,
        "Normalized EBITDA": NaN,
        "Total Unusual Items": NaN,
        "Total Unusual Items Excluding Goodwill": NaN,
        "Net Income From Continuing Operation Net Minority Interest": NaN,
        "Reconciled Depreciation": NaN,
        "Reconciled Cost Of Revenue": 0.0,
        "EBITDA": NaN,
        "EBIT": NaN,
        "Normalized Income": NaN,
        "Net Income From Continuing And Discontinued Operation": NaN,
        "Total Expenses": NaN,
        "Total Operating Income As Reported": NaN,
        "Diluted Average Shares": 74964878.0,
        "Basic Average Shares": 74964878.0,
        "Diluted EPS": -0.61,
        "Basic EPS": -0.61,
        "Diluted NI Availto Com Stockholders": NaN,
        "Net Income Common Stockholders": NaN,
        "Net Income": NaN,
        "Net Income Including Noncontrolling Interests": NaN,
        "Net Income Continuous Operations": NaN,
        "Tax Provision": 0.0,
        "Pretax Income": NaN,
        "Other Income Expense": NaN,
        "Other Non Operating Income Expenses": NaN,
        "Gain On Sale Of Security": NaN,
        "Operating Income": NaN,
        "Operating Expense": NaN,
        "Research And Development": NaN,
        "Selling General And Administration": NaN,
        "General And Administrative Expense": 17072000.0,
        "Other Gand A": 17072000.0,
        "Gross Profit": 0.0,
        "Cost Of Revenue": 0.0,
        "Total Revenue": NaN,
        "Operating Revenue": NaN
    },
    "2023-09-30": {
        "Tax Effect Of Unusual Items": NaN,
        "Tax Rate For Calcs": NaN,
        "Normalized EBITDA": NaN,
        "Total Unusual Items": NaN,
        "Total Unusual Items Excluding Goodwill": NaN,
        "Net Income From Continuing Operation Net Minority Interest": NaN,
        "Reconciled Depreciation": NaN,
        "Reconciled Cost Of Revenue": NaN,
        "EBITDA": NaN,
        "EBIT": NaN,
        "Normalized Income": NaN,
        "Net Income From Continuing And Discontinued Operation": NaN,
        "Total Expenses": NaN,
        "Total Operating Income As Reported": NaN,
        "Diluted Average Shares": 85952501.0,
        "Basic Average Shares": 85952501.0,
        "Diluted EPS": -0.54,
        "Basic EPS": -0.54,
        "Diluted NI Availto Com Stockholders": NaN,
        "Net Income Common Stockholders": NaN,
        "Net Income": NaN,
        "Net Income Including Noncontrolling Interests": NaN,
        "Net Income Continuous Operations": NaN,
        "Tax Provision": NaN,
        "Pretax Income": NaN,
        "Other Income Expense": NaN,
        "Other Non Operating Income Expenses": NaN,
        "Gain On Sale Of Security": NaN,
        "Operating Income": NaN,
        "Operating Expense": NaN,
        "Research And Development": NaN,
        "Selling General And Administration": NaN,
        "General And Administrative Expense": 18275000.0,
        "Other Gand A": 18275000.0,
        "Gross Profit": NaN,
        "Cost Of Revenue": NaN,
        "Total Revenue": NaN,
        "Operating Revenue": NaN
    },
    "2023-12-31": {
        "Tax Effect Of Unusual Items": NaN,
        "Tax Rate For Calcs": NaN,
        "Normalized EBITDA": NaN,
        "Total Unusual Items": NaN,
        "Total Unusual Items Excluding Goodwill": NaN,
        "Net Income From Continuing Operation Net Minority Interest": NaN,
        "Reconciled Depreciation": NaN,
        "Reconciled Cost Of Revenue": NaN,
        "EBITDA": NaN,
        "EBIT": NaN,
        "Normalized Income": NaN,
        "Net Income From Continuing And Discontinued Operation": NaN,
        "Total Expenses": NaN,
        "Total Operating Income As Reported": NaN,
        "Diluted Average Shares": NaN,
        "Basic Average Shares": NaN,
        "Diluted EPS": NaN,
        "Basic EPS": NaN,
        "Diluted NI Availto Com Stockholders": NaN,
        "Net Income Common Stockholders": NaN,
        "Net Income": NaN,
        "Net Income Including Noncontrolling Interests": NaN,
        "Net Income Continuous Operations": NaN,
        "Tax Provision": NaN,
        "Pretax Income": NaN,
        "Other Income Expense": NaN,
        "Other Non Operating Income Expenses": NaN,
        "Gain On Sale Of Security": NaN,
        "Operating Income": NaN,
        "Operating Expense": NaN,
        "Research And Development": NaN,
        "Selling General And Administration": NaN,
        "General And Administrative Expense": 22169000.0,
        "Other Gand A": 22169000.0,
        "Gross Profit": NaN,
        "Cost Of Revenue": NaN,
        "Total Revenue": NaN,
        "Operating Revenue": NaN
    },
    "2024-03-31": {
        "Tax Effect Of Unusual Items": NaN,
        "Tax Rate For Calcs": NaN,
        "Normalized EBITDA": NaN,
        "Total Unusual Items": NaN,
        "Total Unusual Items Excluding Goodwill": NaN,
        "Net Income From Continuing Operation Net Minority Interest": NaN,
        "Reconciled Depreciation": NaN,
        "Reconciled Cost Of Revenue": NaN,
        "EBITDA": NaN,
        "EBIT": NaN,
        "Normalized Income": NaN,
        "Net Income From Continuing And Discontinued Operation": NaN,
        "Total Expenses": NaN,
        "Total Operating Income As Reported": NaN,
        "Diluted Average Shares": 86679282.0,
        "Basic Average Shares": 86679282.0,
        "Diluted EPS": -0.72,
        "Basic EPS": -0.72,
        "Diluted NI Availto Com Stockholders": NaN,
        "Net Income Common Stockholders": NaN,
        "Net Income": NaN,
        "Net Income Including Noncontrolling Interests": NaN,
        "Net Income Continuous Operations": NaN,
        "Tax Provision": NaN,
        "Pretax Income": NaN,
        "Other Income Expense": NaN,
        "Other Non Operating Income Expenses": NaN,
        "Gain On Sale Of Security": NaN,
        "Operating Income": NaN,
        "Operating Expense": NaN,
        "Research And Development": NaN,
        "Selling General And Administration": NaN,
        "General And Administrative Expense": 26557000.0,
        "Other Gand A": 26557000.0,
        "Gross Profit": NaN,
        "Cost Of Revenue": NaN,
        "Total Revenue": NaN,
        "Operating Revenue": NaN
    },
    "2024-06-30": {
        "Tax Effect Of Unusual Items": 832020.0,
        "Tax Rate For Calcs": 0.21,
        "Normalized EBITDA": -118361000.0,
        "Total Unusual Items": 3962000.0,
        "Total Unusual Items Excluding Goodwill": 3962000.0,
        "Net Income From Continuing Operation Net Minority Interest": -4407000.0,
        "Reconciled Depreciation": 408000.0,
        "Reconciled Cost Of Revenue": 707000.0,
        "EBITDA": -114399000.0,
        "EBIT": -114807000.0,
        "Normalized Income": -7536980.0,
        "Net Income From Continuing And Discontinued Operation": -4407000.0,
        "Total Expenses": 122999000.0,
        "Total Operating Income As Reported": -114807000.0,
        "Diluted Average Shares": 87121310.0,
        "Basic Average Shares": 87121310.0,
        "Diluted EPS": -0.05,
        "Basic EPS": -0.05,
        "Diluted NI Availto Com Stockholders": -4407000.0,
        "Net Income Common Stockholders": -4407000.0,
        "Net Income": -4407000.0,
        "Net Income Including Noncontrolling Interests": -4407000.0,
        "Net Income Continuous Operations": -4407000.0,
        "Tax Provision": 1552000.0,
        "Pretax Income": -2855000.0,
        "Other Income Expense": 111952000.0,
        "Other Non Operating Income Expenses": 107990000.0,
        "Gain On Sale Of Security": 3962000.0,
        "Operating Income": -114807000.0,
        "Operating Expense": 122292000.0,
        "Research And Development": 92106000.0,
        "Selling General And Administration": 30186000.0,
        "General And Administrative Expense": NaN,
        "Other Gand A": NaN,
        "Gross Profit": 7485000.0,
        "Cost Of Revenue": 707000.0,
        "Total Revenue": 8192000.0,
        "Operating Revenue": 8192000.0
    },
    "2024-09-30": {
        "Tax Effect Of Unusual Items": 1117620.0,
        "Tax Rate For Calcs": 0.21,
        "Normalized EBITDA": 25060000.0,
        "Total Unusual Items": 5322000.0,
        "Total Unusual Items Excluding Goodwill": 5322000.0,
        "Net Income From Continuing Operation Net Minority Interest": 37037000.0,
        "Reconciled Depreciation": 746000.0,
        "Reconciled Cost Of Revenue": 1590000.0,
        "EBITDA": 30382000.0,
        "EBIT": 29636000.0,
        "Normalized Income": 32832620.0,
        "Net Income From Continuing And Discontinued Operation": 37037000.0,
        "Total Expenses": 64125000.0,
        "Total Operating Income As Reported": 29636000.0,
        "Diluted Average Shares": 96937759.0,
        "Basic Average Shares": 96623123.0,
        "Diluted EPS": 0.38,
        "Basic EPS": 0.38,
        "Diluted NI Availto Com Stockholders": 37037000.0,
        "Net Income Common Stockholders": 37037000.0,
        "Net Income": 37037000.0,
        "Net Income Including Noncontrolling Interests": 37037000.0,
        "Net Income Continuous Operations": 37037000.0,
        "Tax Provision": -882000.0,
        "Pretax Income": 36155000.0,
        "Other Income Expense": 6519000.0,
        "Other Non Operating Income Expenses": 1197000.0,
        "Gain On Sale Of Security": 5322000.0,
        "Operating Income": 29636000.0,
        "Operating Expense": 62535000.0,
        "Research And Development": 33563000.0,
        "Selling General And Administration": 28972000.0,
        "General And Administrative Expense": NaN,
        "Other Gand A": NaN,
        "Gross Profit": 92171000.0,
        "Cost Of Revenue": 1590000.0,
        "Total Revenue": 93761000.0,
        "Operating Revenue": 93761000.0
    },
    "2024-12-31": {
        "Tax Effect Of Unusual Items": 1270920.0,
        "Tax Rate For Calcs": 0.21,
        "Normalized EBITDA": -70625000.0,
        "Total Unusual Items": 6052000.0,
        "Total Unusual Items Excluding Goodwill": 6052000.0,
        "Net Income From Continuing Operation Net Minority Interest": -65714000.0,
        "Reconciled Depreciation": 759000.0,
        "Reconciled Cost Of Revenue": 2982000.0,
        "EBITDA": -64573000.0,
        "EBIT": -65332000.0,
        "Normalized Income": -70495080.0,
        "Net Income From Continuing And Discontinued Operation": -65714000.0,
        "Total Expenses": 94540000.0,
        "Total Operating Income As Reported": -65332000.0,
        "Diluted Average Shares": NaN,
        "Basic Average Shares": NaN,
        "Diluted EPS": NaN,
        "Basic EPS": NaN,
        "Diluted NI Availto Com Stockholders": -65714000.0,
        "Net Income Common Stockholders": -65714000.0,
        "Net Income": -65714000.0,
        "Net Income Including Noncontrolling Interests": -65714000.0,
        "Net Income Continuous Operations": -65714000.0,
        "Tax Provision": 6474000.0,
        "Pretax Income": -59240000.0,
        "Other Income Expense": 6092000.0,
        "Other Non Operating Income Expenses": 40000.0,
        "Gain On Sale Of Security": 6052000.0,
        "Operating Income": -65332000.0,
        "Operating Expense": 91558000.0,
        "Research And Development": 61823000.0,
        "Selling General And Administration": 29735000.0,
        "General And Administrative Expense": NaN,
        "Other Gand A": NaN,
        "Gross Profit": 26226000.0,
        "Cost Of Revenue": 2982000.0,
        "Total Revenue": 29208000.0,
        "Operating Revenue": 29208000.0
    },
    "2025-03-31": {
        "Tax Effect Of Unusual Items": 0.0,
        "Tax Rate For Calcs": 0.0,
        "Normalized EBITDA": -45267000.0,
        "Total Unusual Items": 5094000.0,
        "Total Unusual Items Excluding Goodwill": 5094000.0,
        "Net Income From Continuing Operation Net Minority Interest": -35996000.0,
        "Reconciled Depreciation": 894000.0,
        "Reconciled Cost Of Revenue": 2884000.0,
        "EBITDA": -40173000.0,
        "EBIT": -41067000.0,
        "Normalized Income": -41090000.0,
        "Net Income From Continuing And Discontinued Operation": -35996000.0,
        "Total Expenses": 71828000.0,
        "Total Operating Income As Reported": -41067000.0,
        "Diluted Average Shares": 102710382.0,
        "Basic Average Shares": 102710382.0,
        "Diluted EPS": -0.35,
        "Basic EPS": -0.35,
        "Diluted NI Availto Com Stockholders": -35996000.0,
        "Net Income Common Stockholders": -35996000.0,
        "Net Income": -35996000.0,
        "Net Income Including Noncontrolling Interests": -35996000.0,
        "Net Income Continuous Operations": -35996000.0,
        "Tax Provision": 0.0,
        "Pretax Income": -35996000.0,
        "Other Income Expense": 5071000.0,
        "Other Non Operating Income Expenses": -23000.0,
        "Gain On Sale Of Security": 5094000.0,
        "Operating Income": -41067000.0,
        "Operating Expense": 68944000.0,
        "Research And Development": 39619000.0,
        "Selling General And Administration": 29325000.0,
        "General And Administrative Expense": 29325000.0,
        "Other Gand A": 29325000.0,
        "Gross Profit": 27877000.0,
        "Cost Of Revenue": 2884000.0,
        "Total Revenue": 30761000.0,
        "Operating Revenue": 30761000.0
    },
    "2025-06-30": {
        "Tax Effect Of Unusual Items": 0.0,
        "Tax Rate For Calcs": 0.0,
        "Normalized EBITDA": -38681000.0,
        "Total Unusual Items": 4671000.0,
        "Total Unusual Items Excluding Goodwill": 4671000.0,
        "Net Income From Continuing Operation Net Minority Interest": -30322000.0,
        "Reconciled Depreciation": 964000.0,
        "Reconciled Cost Of Revenue": 3765000.0,
        "EBITDA": -34010000.0,
        "EBIT": -34974000.0,
        "Normalized Income": -34993000.0,
        "Net Income From Continuing And Discontinued Operation": -30322000.0,
        "Total Expenses": 68882000.0,
        "Total Operating Income As Reported": -34974000.0,
        "Diluted Average Shares": 103069154.0,
        "Basic Average Shares": 103069154.0,
        "Diluted EPS": -0.29,
        "Basic EPS": -0.29,
        "Diluted NI Availto Com Stockholders": -30322000.0,
        "Net Income Common Stockholders": -30322000.0,
        "Net Income": -30322000.0,
        "Net Income Including Noncontrolling Interests": -30322000.0,
        "Net Income Continuous Operations": -30322000.0,
        "Tax Provision": 0.0,
        "Pretax Income": -30322000.0,
        "Other Income Expense": 4652000.0,
        "Other Non Operating Income Expenses": -19000.0,
        "Gain On Sale Of Security": 4671000.0,
        "Operating Income": -34974000.0,
        "Operating Expense": 65117000.0,
        "Research And Development": 36149000.0,
        "Selling General And Administration": 28968000.0,
        "General And Administrative Expense": NaN,
        "Other Gand A": NaN,
        "Gross Profit": 30143000.0,
        "Cost Of Revenue": 3765000.0,
        "Total Revenue": 33908000.0,
        "Operating Revenue": 33908000.0
    }
}