{
    "2023-09-30": {
        "Tax Effect Of Unusual Items": NaN,
        "Tax Rate For Calcs": NaN,
        "Normalized EBITDA": NaN,
        "Net Income From Continuing Operation Net Minority Interest": NaN,
        "Reconciled Depreciation": NaN,
        "Reconciled Cost Of Revenue": NaN,
        "EBITDA": NaN,
        "EBIT": NaN,
        "Net Interest Income": NaN,
        "Interest Expense": NaN,
        "Normalized Income": NaN,
        "Net Income From Continuing And Discontinued Operation": NaN,
        "Total Expenses": NaN,
        "Total Operating Income As Reported": NaN,
        "Diluted Average Shares": NaN,
        "Basic Average Shares": NaN,
        "Diluted EPS": NaN,
        "Basic EPS": NaN,
        "Diluted NI Availto Com Stockholders": NaN,
        "Net Income Common Stockholders": NaN,
        "Net Income": NaN,
        "Net Income Including Noncontrolling Interests": NaN,
        "Net Income Continuous Operations": NaN,
        "Tax Provision": NaN,
        "Pretax Income": NaN,
        "Other Income Expense": NaN,
        "Other Non Operating Income Expenses": NaN,
        "Net Non Operating Interest Income Expense": NaN,
        "Interest Expense Non Operating": NaN,
        "Operating Income": NaN,
        "Operating Expense": NaN,
        "Selling General And Administration": NaN,
        "Selling And Marketing Expense": 61800000.0,
        "General And Administrative Expense": 72200000.0,
        "Other Gand A": 72200000.0,
        "Gross Profit": NaN,
        "Cost Of Revenue": NaN,
        "Total Revenue": NaN,
        "Operating Revenue": NaN
    },
    "2023-06-30": {
        "Tax Effect Of Unusual Items": NaN,
        "Tax Rate For Calcs": NaN,
        "Normalized EBITDA": NaN,
        "Net Income From Continuing Operation Net Minority Interest": NaN,
        "Reconciled Depreciation": NaN,
        "Reconciled Cost Of Revenue": NaN,
        "EBITDA": NaN,
        "EBIT": NaN,
        "Net Interest Income": NaN,
        "Interest Expense": NaN,
        "Normalized Income": NaN,
        "Net Income From Continuing And Discontinued Operation": NaN,
        "Total Expenses": NaN,
        "Total Operating Income As Reported": NaN,
        "Diluted Average Shares": NaN,
        "Basic Average Shares": NaN,
        "Diluted EPS": NaN,
        "Basic EPS": NaN,
        "Diluted NI Availto Com Stockholders": NaN,
        "Net Income Common Stockholders": NaN,
        "Net Income": NaN,
        "Net Income Including Noncontrolling Interests": NaN,
        "Net Income Continuous Operations": NaN,
        "Tax Provision": NaN,
        "Pretax Income": NaN,
        "Other Income Expense": NaN,
        "Other Non Operating Income Expenses": NaN,
        "Net Non Operating Interest Income Expense": NaN,
        "Interest Expense Non Operating": NaN,
        "Operating Income": NaN,
        "Operating Expense": NaN,
        "Selling General And Administration": NaN,
        "Selling And Marketing Expense": 61500000.0,
        "General And Administrative Expense": 65000000.0,
        "Other Gand A": 65000000.0,
        "Gross Profit": NaN,
        "Cost Of Revenue": NaN,
        "Total Revenue": NaN,
        "Operating Revenue": NaN
    },
    "2023-03-31": {
        "Tax Effect Of Unusual Items": NaN,
        "Tax Rate For Calcs": NaN,
        "Normalized EBITDA": NaN,
        "Net Income From Continuing Operation Net Minority Interest": NaN,
        "Reconciled Depreciation": NaN,
        "Reconciled Cost Of Revenue": NaN,
        "EBITDA": NaN,
        "EBIT": NaN,
        "Net Interest Income": NaN,
        "Interest Expense": NaN,
        "Normalized Income": NaN,
        "Net Income From Continuing And Discontinued Operation": NaN,
        "Total Expenses": NaN,
        "Total Operating Income As Reported": NaN,
        "Diluted Average Shares": NaN,
        "Basic Average Shares": NaN,
        "Diluted EPS": NaN,
        "Basic EPS": NaN,
        "Diluted NI Availto Com Stockholders": NaN,
        "Net Income Common Stockholders": NaN,
        "Net Income": NaN,
        "Net Income Including Noncontrolling Interests": NaN,
        "Net Income Continuous Operations": NaN,
        "Tax Provision": NaN,
        "Pretax Income": NaN,
        "Other Income Expense": NaN,
        "Other Non Operating Income Expenses": NaN,
        "Net Non Operating Interest Income Expense": NaN,
        "Interest Expense Non Operating": NaN,
        "Operating Income": NaN,
        "Operating Expense": NaN,
        "Selling General And Administration": NaN,
        "Selling And Marketing Expense": 54200000.0,
        "General And Administrative Expense": 67700000.0,
        "Other Gand A": 67700000.0,
        "Gross Profit": NaN,
        "Cost Of Revenue": NaN,
        "Total Revenue": NaN,
        "Operating Revenue": NaN
    },
    "2022-12-31": {
        "Tax Effect Of Unusual Items": 0.0,
        "Tax Rate For Calcs": 0.21,
        "Normalized EBITDA": 30800000.0,
        "Net Income From Continuing Operation Net Minority Interest": -5200000.0,
        "Reconciled Depreciation": 24600000.0,
        "Reconciled Cost Of Revenue": 201000000.0,
        "EBITDA": 30800000.0,
        "EBIT": 6200000.0,
        "Net Interest Income": -8700000.0,
        "Interest Expense": 8700000.0,
        "Normalized Income": -5200000.0,
        "Net Income From Continuing And Discontinued Operation": -5200000.0,
        "Total Expenses": 332800000.0,
        "Total Operating Income As Reported": 3300000.0,
        "Diluted Average Shares": 153680044.0,
        "Basic Average Shares": 153680044.0,
        "Diluted EPS": -0.03,
        "Basic EPS": -0.03,
        "Diluted NI Availto Com Stockholders": -5200000.0,
        "Net Income Common Stockholders": -5200000.0,
        "Net Income": -5200000.0,
        "Net Income Including Noncontrolling Interests": -5200000.0,
        "Net Income Continuous Operations": -5200000.0,
        "Tax Provision": 2700000.0,
        "Pretax Income": -2500000.0,
        "Other Income Expense": 2900000.0,
        "Other Non Operating Income Expenses": 2900000.0,
        "Net Non Operating Interest Income Expense": -8700000.0,
        "Interest Expense Non Operating": 8700000.0,
        "Operating Income": 3300000.0,
        "Operating Expense": 131800000.0,
        "Selling General And Administration": 131800000.0,
        "Gross Profit": 135100000.0,
        "Cost Of Revenue": 201000000.0,
        "Total Revenue": 336100000.0,
        "Operating Revenue": 336100000.0
    },
    "2023-12-31": {
        "Tax Effect Of Unusual Items": 0.0,
        "Tax Rate For Calcs": 0.21,
        "Normalized EBITDA": 92800000.0,
        "Net Income From Continuing Operation Net Minority Interest": 45600000.0,
        "Reconciled Depreciation": 48400000.0,
        "Reconciled Cost Of Revenue": 229900000.0,
        "EBITDA": 92800000.0,
        "EBIT": 44400000.0,
        "Net Interest Income": -8900000.0,
        "Interest Expense": 8900000.0,
        "Normalized Income": 45600000.0,
        "Net Income From Continuing And Discontinued Operation": 45600000.0,
        "Total Expenses": 360900000.0,
        "Total Operating Income As Reported": 38800000.0,
        "Diluted Average Shares": 159200000.0,
        "Basic Average Shares": 156200000.0,
        "Diluted EPS": 0.29,
        "Basic EPS": 0.29,
        "Diluted NI Availto Com Stockholders": 45600000.0,
        "Net Income Common Stockholders": 45600000.0,
        "Net Income": 45600000.0,
        "Net Income Including Noncontrolling Interests": 45600000.0,
        "Net Income Continuous Operations": 45600000.0,
        "Tax Provision": -10100000.0,
        "Pretax Income": 35500000.0,
        "Other Income Expense": 5600000.0,
        "Other Non Operating Income Expenses": 5600000.0,
        "Net Non Operating Interest Income Expense": -8900000.0,
        "Interest Expense Non Operating": 8900000.0,
        "Operating Income": 38800000.0,
        "Operating Expense": 131000000.0,
        "Selling General And Administration": 131000000.0,
        "Selling And Marketing Expense": NaN,
        "General And Administrative Expense": NaN,
        "Other Gand A": NaN,
        "Gross Profit": 169800000.0,
        "Cost Of Revenue": 229900000.0,
        "Total Revenue": 399700000.0,
        "Operating Revenue": 399700000.0
    },
    "2024-03-31": {
        "Tax Effect Of Unusual Items": NaN,
        "Tax Rate For Calcs": NaN,
        "Normalized EBITDA": NaN,
        "Net Income From Continuing Operation Net Minority Interest": NaN,
        "Reconciled Depreciation": NaN,
        "Reconciled Cost Of Revenue": NaN,
        "EBITDA": NaN,
        "EBIT": NaN,
        "Net Interest Income": NaN,
        "Interest Expense": NaN,
        "Normalized Income": NaN,
        "Net Income From Continuing And Discontinued Operation": NaN,
        "Total Expenses": NaN,
        "Total Operating Income As Reported": NaN,
        "Diluted Average Shares": NaN,
        "Basic Average Shares": NaN,
        "Diluted EPS": NaN,
        "Basic EPS": NaN,
        "Diluted NI Availto Com Stockholders": NaN,
        "Net Income Common Stockholders": NaN,
        "Net Income": NaN,
        "Net Income Including Noncontrolling Interests": NaN,
        "Net Income Continuous Operations": NaN,
        "Tax Provision": NaN,
        "Pretax Income": NaN,
        "Other Income Expense": NaN,
        "Other Non Operating Income Expenses": NaN,
        "Net Non Operating Interest Income Expense": NaN,
        "Interest Expense Non Operating": NaN,
        "Operating Income": NaN,
        "Operating Expense": NaN,
        "Depreciation Amortization Depletion Income Statement": 48800000.0,
        "Depreciation And Amortization In Income Statement": 48800000.0,
        "Selling General And Administration": NaN,
        "Selling And Marketing Expense": NaN,
        "General And Administrative Expense": NaN,
        "Other Gand A": NaN,
        "Gross Profit": NaN,
        "Cost Of Revenue": NaN,
        "Total Revenue": NaN,
        "Operating Revenue": NaN
    },
    "2024-06-30": {
        "Tax Effect Of Unusual Items": NaN,
        "Tax Rate For Calcs": NaN,
        "Normalized EBITDA": NaN,
        "Net Income From Continuing Operation Net Minority Interest": NaN,
        "Reconciled Depreciation": NaN,
        "Reconciled Cost Of Revenue": NaN,
        "EBITDA": NaN,
        "EBIT": NaN,
        "Net Interest Income": NaN,
        "Interest Expense": NaN,
        "Normalized Income": NaN,
        "Net Income From Continuing And Discontinued Operation": NaN,
        "Total Expenses": NaN,
        "Total Operating Income As Reported": NaN,
        "Diluted Average Shares": NaN,
        "Basic Average Shares": NaN,
        "Diluted EPS": NaN,
        "Basic EPS": NaN,
        "Diluted NI Availto Com Stockholders": NaN,
        "Net Income Common Stockholders": NaN,
        "Net Income": NaN,
        "Net Income Including Noncontrolling Interests": NaN,
        "Net Income Continuous Operations": NaN,
        "Tax Provision": NaN,
        "Pretax Income": NaN,
        "Other Income Expense": NaN,
        "Other Non Operating Income Expenses": NaN,
        "Net Non Operating Interest Income Expense": NaN,
        "Interest Expense Non Operating": NaN,
        "Operating Income": NaN,
        "Operating Expense": NaN,
        "Depreciation Amortization Depletion Income Statement": 50600000.0,
        "Depreciation And Amortization In Income Statement": 50600000.0,
        "Selling General And Administration": NaN,
        "Selling And Marketing Expense": NaN,
        "General And Administrative Expense": NaN,
        "Other Gand A": NaN,
        "Gross Profit": NaN,
        "Cost Of Revenue": NaN,
        "Total Revenue": NaN,
        "Operating Revenue": NaN
    },
    "2024-09-30": {
        "Tax Effect Of Unusual Items": 0.0,
        "Tax Rate For Calcs": 0.21,
        "Normalized EBITDA": 79200000.0,
        "Net Income From Continuing Operation Net Minority Interest": 2000000.0,
        "Reconciled Depreciation": 52100000.0,
        "Reconciled Cost Of Revenue": 217900000.0,
        "EBITDA": 79200000.0,
        "EBIT": 27100000.0,
        "Net Interest Income": -8800000.0,
        "Interest Expense": 8800000.0,
        "Normalized Income": 2000000.0,
        "Net Income From Continuing And Discontinued Operation": 2000000.0,
        "Total Expenses": 419200000.0,
        "Total Operating Income As Reported": 20800000.0,
        "Diluted Average Shares": 159700000.0,
        "Basic Average Shares": 158100000.0,
        "Diluted EPS": 0.01,
        "Basic EPS": 0.01,
        "Diluted NI Availto Com Stockholders": 2000000.0,
        "Net Income Common Stockholders": 2000000.0,
        "Net Income": 2000000.0,
        "Net Income Including Noncontrolling Interests": 2000000.0,
        "Net Income Continuous Operations": 2000000.0,
        "Tax Provision": 16300000.0,
        "Pretax Income": 18300000.0,
        "Other Income Expense": 6300000.0,
        "Other Non Operating Income Expenses": 6300000.0,
        "Net Non Operating Interest Income Expense": -8800000.0,
        "Interest Expense Non Operating": 8800000.0,
        "Operating Income": 20800000.0,
        "Operating Expense": 201300000.0,
        "Depreciation Amortization Depletion Income Statement": NaN,
        "Depreciation And Amortization In Income Statement": NaN,
        "Selling General And Administration": 149200000.0,
        "Selling And Marketing Expense": 85800000.0,
        "General And Administrative Expense": 63400000.0,
        "Other Gand A": 63400000.0,
        "Gross Profit": 222100000.0,
        "Cost Of Revenue": 217900000.0,
        "Total Revenue": 440000000.0,
        "Operating Revenue": 440000000.0
    },
    "2024-12-31": {
        "Tax Effect Of Unusual Items": 0.0,
        "Tax Rate For Calcs": 0.21,
        "Normalized EBITDA": 66600000.0,
        "Net Income From Continuing Operation Net Minority Interest": 10800000.0,
        "Reconciled Depreciation": 58300000.0,
        "Reconciled Cost Of Revenue": 246600000.0,
        "EBITDA": 66600000.0,
        "EBIT": 8300000.0,
        "Net Interest Income": -7400000.0,
        "Interest Expense": 7400000.0,
        "Normalized Income": 10800000.0,
        "Net Income From Continuing And Discontinued Operation": 10800000.0,
        "Total Expenses": 436700000.0,
        "Total Operating Income As Reported": 28500000.0,
        "Diluted Average Shares": 161800000.0,
        "Basic Average Shares": 158300000.0,
        "Diluted EPS": 0.07,
        "Basic EPS": 0.07,
        "Diluted NI Availto Com Stockholders": 10800000.0,
        "Net Income Common Stockholders": 10800000.0,
        "Net Income": 10800000.0,
        "Net Income Including Noncontrolling Interests": 10800000.0,
        "Net Income Continuous Operations": 10800000.0,
        "Tax Provision": -9900000.0,
        "Pretax Income": 900000.0,
        "Other Income Expense": -20200000.0,
        "Other Non Operating Income Expenses": -20200000.0,
        "Net Non Operating Interest Income Expense": -7400000.0,
        "Interest Expense Non Operating": 7400000.0,
        "Operating Income": 28500000.0,
        "Operating Expense": 190100000.0,
        "Depreciation Amortization Depletion Income Statement": NaN,
        "Depreciation And Amortization In Income Statement": NaN,
        "Selling General And Administration": 190100000.0,
        "Selling And Marketing Expense": 93500000.0,
        "General And Administrative Expense": 96600000.0,
        "Other Gand A": 96600000.0,
        "Gross Profit": 218600000.0,
        "Cost Of Revenue": 246600000.0,
        "Total Revenue": 465200000.0,
        "Operating Revenue": 465200000.0
    },
    "2025-03-31": {
        "Tax Effect Of Unusual Items": 0.0,
        "Tax Rate For Calcs": 0.219895,
        "Normalized EBITDA": 80900000.0,
        "Net Income From Continuing Operation Net Minority Interest": 14900000.0,
        "Reconciled Depreciation": 53900000.0,
        "Reconciled Cost Of Revenue": 239000000.0,
        "EBITDA": 80900000.0,
        "EBIT": 27000000.0,
        "Net Interest Income": -7900000.0,
        "Interest Expense": 7900000.0,
        "Normalized Income": 14900000.0,
        "Net Income From Continuing And Discontinued Operation": 14900000.0,
        "Total Expenses": 450800000.0,
        "Total Operating Income As Reported": 31000000.0,
        "Diluted Average Shares": 161900000.0,
        "Basic Average Shares": 159400000.0,
        "Diluted EPS": 0.09,
        "Basic EPS": 0.09,
        "Diluted NI Availto Com Stockholders": 14900000.0,
        "Net Income Common Stockholders": 14900000.0,
        "Net Income": 14900000.0,
        "Net Income Including Noncontrolling Interests": 14900000.0,
        "Net Income Continuous Operations": 14900000.0,
        "Tax Provision": 4200000.0,
        "Pretax Income": 19100000.0,
        "Other Income Expense": -4000000.0,
        "Other Non Operating Income Expenses": -4000000.0,
        "Net Non Operating Interest Income Expense": -7900000.0,
        "Interest Expense Non Operating": 7900000.0,
        "Operating Income": 31000000.0,
        "Operating Expense": 211800000.0,
        "Depreciation Amortization Depletion Income Statement": 53900000.0,
        "Depreciation And Amortization In Income Statement": 53900000.0,
        "Selling General And Administration": 157900000.0,
        "Selling And Marketing Expense": 86800000.0,
        "General And Administrative Expense": 71100000.0,
        "Other Gand A": 71100000.0,
        "Gross Profit": 242800000.0,
        "Cost Of Revenue": 239000000.0,
        "Total Revenue": 481800000.0,
        "Operating Revenue": 481800000.0
    },
    "2025-06-30": {
        "Tax Effect Of Unusual Items": 0.0,
        "Tax Rate For Calcs": 0.21,
        "Normalized EBITDA": 98600000.0,
        "Net Income From Continuing Operation Net Minority Interest": 21300000.0,
        "Reconciled Depreciation": 53200000.0,
        "Reconciled Cost Of Revenue": 226600000.0,
        "EBITDA": 98600000.0,
        "EBIT": 45400000.0,
        "Net Interest Income": -7100000.0,
        "Interest Expense": 7100000.0,
        "Normalized Income": 21300000.0,
        "Net Income From Continuing And Discontinued Operation": 21300000.0,
        "Total Expenses": 422400000.0,
        "Total Operating Income As Reported": 42300000.0,
        "Diluted Average Shares": 161000000.0,
        "Basic Average Shares": 159900000.0,
        "Diluted EPS": 0.13,
        "Basic EPS": 0.13,
        "Diluted NI Availto Com Stockholders": 21300000.0,
        "Net Income Common Stockholders": 21300000.0,
        "Net Income": 21300000.0,
        "Net Income Including Noncontrolling Interests": 21300000.0,
        "Net Income Continuous Operations": 21300000.0,
        "Tax Provision": 17000000.0,
        "Pretax Income": 38300000.0,
        "Other Income Expense": 3100000.0,
        "Other Non Operating Income Expenses": 3100000.0,
        "Net Non Operating Interest Income Expense": -7100000.0,
        "Interest Expense Non Operating": 7100000.0,
        "Operating Income": 42300000.0,
        "Operating Expense": 195800000.0,
        "Depreciation Amortization Depletion Income Statement": 53200000.0,
        "Depreciation And Amortization In Income Statement": 53200000.0,
        "Selling General And Administration": 142600000.0,
        "Selling And Marketing Expense": 83700000.0,
        "General And Administrative Expense": 58900000.0,
        "Other Gand A": 58900000.0,
        "Gross Profit": 238100000.0,
        "Cost Of Revenue": 226600000.0,
        "Total Revenue": 464700000.0,
        "Operating Revenue": 464700000.0
    },
    "2025-09-30": {
        "Tax Effect Of Unusual Items": 0.0,
        "Tax Rate For Calcs": 0.21,
        "Normalized EBITDA": -101900000.0,
        "Net Income From Continuing Operation Net Minority Interest": -196800000.0,
        "Reconciled Depreciation": 44300000.0,
        "Reconciled Cost Of Revenue": 238800000.0,
        "EBITDA": -101900000.0,
        "EBIT": -146200000.0,
        "Net Interest Income": -6700000.0,
        "Interest Expense": 6700000.0,
        "Normalized Income": -196800000.0,
        "Net Income From Continuing And Discontinued Operation": -196800000.0,
        "Total Expenses": 451100000.0,
        "Total Operating Income As Reported": 30500000.0,
        "Diluted Average Shares": 159800000.0,
        "Basic Average Shares": 159800000.0,
        "Diluted EPS": -1.23,
        "Basic EPS": -1.23,
        "Diluted NI Availto Com Stockholders": -196800000.0,
        "Net Income Common Stockholders": -196800000.0,
        "Net Income": -196800000.0,
        "Net Income Including Noncontrolling Interests": -196800000.0,
        "Net Income Continuous Operations": -196800000.0,
        "Tax Provision": 43900000.0,
        "Pretax Income": -152900000.0,
        "Other Income Expense": -176700000.0,
        "Other Non Operating Income Expenses": -176700000.0,
        "Net Non Operating Interest Income Expense": -6700000.0,
        "Interest Expense Non Operating": 6700000.0,
        "Operating Income": 30500000.0,
        "Operating Expense": 212300000.0,
        "Depreciation Amortization Depletion Income Statement": 44300000.0,
        "Depreciation And Amortization In Income Statement": 44300000.0,
        "Selling General And Administration": 168000000.0,
        "Selling And Marketing Expense": 86800000.0,
        "General And Administrative Expense": 81200000.0,
        "Other Gand A": 81200000.0,
        "Gross Profit": 242800000.0,
        "Cost Of Revenue": 238800000.0,
        "Total Revenue": 481600000.0,
        "Operating Revenue": 481600000.0
    }
}