{
    "2023-03-31": {
        "Tax Effect Of Unusual Items": NaN,
        "Tax Rate For Calcs": NaN,
        "Normalized EBITDA": NaN,
        "Total Unusual Items": 0.0,
        "Total Unusual Items Excluding Goodwill": 0.0,
        "Net Income From Continuing Operation Net Minority Interest": NaN,
        "Reconciled Depreciation": NaN,
        "Reconciled Cost Of Revenue": NaN,
        "EBITDA": NaN,
        "EBIT": NaN,
        "Net Interest Income": NaN,
        "Interest Expense": NaN,
        "Normalized Income": NaN,
        "Net Income From Continuing And Discontinued Operation": NaN,
        "Total Expenses": NaN,
        "Total Operating Income As Reported": NaN,
        "Diluted Average Shares": 226814.0,
        "Basic Average Shares": 226814.0,
        "Diluted EPS": -27.48,
        "Basic EPS": -27.48,
        "Diluted NI Availto Com Stockholders": NaN,
        "Net Income Common Stockholders": NaN,
        "Net Income": NaN,
        "Net Income Including Noncontrolling Interests": NaN,
        "Net Income Discontinuous Operations": NaN,
        "Net Income Continuous Operations": NaN,
        "Tax Provision": NaN,
        "Pretax Income": NaN,
        "Other Income Expense": NaN,
        "Other Non Operating Income Expenses": NaN,
        "Special Income Charges": 0.0,
        "Gain On Sale Of Business": NaN,
        "Restructuring And Mergern Acquisition": 0.0,
        "Net Non Operating Interest Income Expense": NaN,
        "Interest Expense Non Operating": NaN,
        "Operating Income": NaN,
        "Operating Expense": NaN,
        "Selling General And Administration": NaN,
        "Selling And Marketing Expense": NaN,
        "General And Administrative Expense": NaN,
        "Other Gand A": NaN,
        "Gross Profit": NaN,
        "Cost Of Revenue": NaN,
        "Total Revenue": NaN,
        "Operating Revenue": NaN
    },
    "2022-12-31": {
        "Tax Effect Of Unusual Items": NaN,
        "Tax Rate For Calcs": NaN,
        "Normalized EBITDA": NaN,
        "Total Unusual Items": -9685280.0,
        "Total Unusual Items Excluding Goodwill": -9685280.0,
        "Net Income From Continuing Operation Net Minority Interest": NaN,
        "Reconciled Depreciation": NaN,
        "Reconciled Cost Of Revenue": NaN,
        "EBITDA": NaN,
        "EBIT": NaN,
        "Net Interest Income": NaN,
        "Interest Expense": NaN,
        "Normalized Income": NaN,
        "Net Income From Continuing And Discontinued Operation": NaN,
        "Total Expenses": NaN,
        "Total Operating Income As Reported": NaN,
        "Diluted Average Shares": 30851.0,
        "Basic Average Shares": 30851.0,
        "Diluted EPS": -511.5,
        "Basic EPS": -511.5,
        "Diluted NI Availto Com Stockholders": NaN,
        "Net Income Common Stockholders": NaN,
        "Net Income": NaN,
        "Net Income Including Noncontrolling Interests": NaN,
        "Net Income Discontinuous Operations": NaN,
        "Net Income Continuous Operations": NaN,
        "Tax Provision": NaN,
        "Pretax Income": NaN,
        "Other Income Expense": NaN,
        "Other Non Operating Income Expenses": NaN,
        "Special Income Charges": -9685280.0,
        "Gain On Sale Of Business": NaN,
        "Restructuring And Mergern Acquisition": -5854052.0,
        "Net Non Operating Interest Income Expense": NaN,
        "Interest Expense Non Operating": NaN,
        "Operating Income": NaN,
        "Operating Expense": NaN,
        "Selling General And Administration": NaN,
        "Selling And Marketing Expense": NaN,
        "General And Administrative Expense": NaN,
        "Other Gand A": NaN,
        "Gross Profit": NaN,
        "Cost Of Revenue": NaN,
        "Total Revenue": NaN,
        "Operating Revenue": NaN
    },
    "2022-09-30": {
        "Tax Effect Of Unusual Items": NaN,
        "Tax Rate For Calcs": NaN,
        "Normalized EBITDA": NaN,
        "Total Unusual Items": NaN,
        "Total Unusual Items Excluding Goodwill": NaN,
        "Net Income From Continuing Operation Net Minority Interest": NaN,
        "Reconciled Depreciation": NaN,
        "Reconciled Cost Of Revenue": NaN,
        "EBITDA": NaN,
        "EBIT": NaN,
        "Net Interest Income": NaN,
        "Interest Expense": NaN,
        "Normalized Income": NaN,
        "Net Income From Continuing And Discontinued Operation": NaN,
        "Total Expenses": NaN,
        "Total Operating Income As Reported": NaN,
        "Diluted Average Shares": 21150.0,
        "Basic Average Shares": 21150.0,
        "Diluted EPS": -223.83,
        "Basic EPS": -223.83,
        "Diluted NI Availto Com Stockholders": NaN,
        "Net Income Common Stockholders": NaN,
        "Net Income": NaN,
        "Net Income Including Noncontrolling Interests": NaN,
        "Net Income Discontinuous Operations": -160433.0,
        "Net Income Continuous Operations": NaN,
        "Tax Provision": NaN,
        "Pretax Income": NaN,
        "Other Income Expense": NaN,
        "Other Non Operating Income Expenses": NaN,
        "Special Income Charges": NaN,
        "Gain On Sale Of Business": NaN,
        "Restructuring And Mergern Acquisition": NaN,
        "Net Non Operating Interest Income Expense": NaN,
        "Interest Expense Non Operating": NaN,
        "Operating Income": NaN,
        "Operating Expense": NaN,
        "Selling General And Administration": NaN,
        "Selling And Marketing Expense": NaN,
        "General And Administrative Expense": NaN,
        "Other Gand A": NaN,
        "Gross Profit": NaN,
        "Cost Of Revenue": NaN,
        "Total Revenue": NaN,
        "Operating Revenue": NaN
    },
    "2022-06-30": {
        "Tax Effect Of Unusual Items": 0.0,
        "Tax Rate For Calcs": 0.0,
        "Normalized EBITDA": -848222.0,
        "Total Unusual Items": -5920919.0,
        "Total Unusual Items Excluding Goodwill": -5920919.0,
        "Net Income From Continuing Operation Net Minority Interest": -9533924.0,
        "Reconciled Depreciation": 561184.0,
        "Reconciled Cost Of Revenue": 1567922.0,
        "EBITDA": -6769141.0,
        "EBIT": -7330325.0,
        "Net Interest Income": -2203599.0,
        "Interest Expense": 2203599.0,
        "Normalized Income": -3613005.0,
        "Net Income From Continuing And Discontinued Operation": -9533924.0,
        "Total Expenses": 8485370.0,
        "Total Operating Income As Reported": -10667288.0,
        "Diluted Average Shares": 14328.0,
        "Basic Average Shares": 14328.0,
        "Diluted EPS": -661.75,
        "Basic EPS": -661.75,
        "Diluted NI Availto Com Stockholders": -9533924.0,
        "Net Income Common Stockholders": -9533924.0,
        "Net Income": -9533924.0,
        "Net Income Including Noncontrolling Interests": -9533924.0,
        "Net Income Discontinuous Operations": NaN,
        "Net Income Continuous Operations": -9533924.0,
        "Tax Provision": 0.0,
        "Pretax Income": -9533924.0,
        "Other Income Expense": -2583956.0,
        "Other Non Operating Income Expenses": 3336963.0,
        "Special Income Charges": -5920919.0,
        "Gain On Sale Of Business": NaN,
        "Impairment Of Capital Assets": NaN,
        "Restructuring And Mergern Acquisition": 5920919.0,
        "Net Non Operating Interest Income Expense": -2203599.0,
        "Interest Expense Non Operating": 2203599.0,
        "Operating Income": -4746369.0,
        "Operating Expense": 6917448.0,
        "Selling General And Administration": 6917448.0,
        "Selling And Marketing Expense": 1927216.0,
        "General And Administrative Expense": 4990232.0,
        "Other Gand A": 4990232.0,
        "Gross Profit": 2171079.0,
        "Cost Of Revenue": 1567922.0,
        "Total Revenue": 3739001.0,
        "Operating Revenue": 3739001.0
    },
    "2022-03-31": {
        "Diluted EPS": -59.18,
        "Total Revenue": 3,
        "Gross Profit": 1,
        "Operating Income": -6,
        "EBIT": -4,
        "Net Income": -8
    },
    "2021-12-31": {
        "Diluted EPS": 303.68,
        "Total Revenue": 4,
        "Gross Profit": 0,
        "Operating Income": -10,
        "EBIT": -6,
        "Net Income": -10
    },
    "2021-09-30": {
        "Diluted EPS": -75.83,
        "Total Revenue": 2,
        "Gross Profit": 1,
        "Operating Income": -8,
        "EBIT": -7,
        "Net Income": -9
    },
    "2021-06-30": {
        "Diluted EPS": -197.0,
        "Total Revenue": 1,
        "Gross Profit": 0,
        "Operating Income": -11,
        "EBIT": -10,
        "Net Income": -11
    },
    "2021-03-31": {
        "Diluted EPS": -455.0,
        "Total Revenue": 0,
        "Gross Profit": 0,
        "Operating Income": -2,
        "EBIT": -2,
        "Net Income": -3
    },
    "2020-12-31": {
        "Diluted EPS": -398.0,
        "Total Revenue": 1,
        "Gross Profit": 0,
        "Operating Income": -2,
        "EBIT": -2,
        "Net Income": -3
    },
    "2020-09-30": {
        "Diluted EPS": -589.0,
        "Total Revenue": 1,
        "Gross Profit": 0,
        "Operating Income": -3,
        "EBIT": -2,
        "Net Income": -4
    },
    "2020-06-30": {
        "Diluted EPS": -341.0,
        "Total Revenue": 1,
        "Gross Profit": 0,
        "Operating Income": -2,
        "EBIT": -2,
        "Net Income": -2
    },
    "2020-03-31": {
        "Diluted EPS": -287.0,
        "Total Revenue": 3,
        "Gross Profit": 1,
        "Operating Income": -2,
        "EBIT": -1,
        "Net Income": -2
    },
    "2023-06-30": {
        "Tax Effect Of Unusual Items": NaN,
        "Tax Rate For Calcs": NaN,
        "Normalized EBITDA": NaN,
        "Total Unusual Items": 10698475.0,
        "Total Unusual Items Excluding Goodwill": 10698475.0,
        "Net Income From Continuing Operation Net Minority Interest": NaN,
        "Reconciled Depreciation": NaN,
        "Reconciled Cost Of Revenue": NaN,
        "EBITDA": NaN,
        "EBIT": NaN,
        "Net Interest Income": NaN,
        "Interest Expense": NaN,
        "Normalized Income": NaN,
        "Net Income From Continuing And Discontinued Operation": NaN,
        "Total Expenses": NaN,
        "Total Operating Income As Reported": NaN,
        "Diluted Average Shares": 834604.0,
        "Basic Average Shares": 246809.0,
        "Diluted EPS": 7.75,
        "Basic EPS": 26.5,
        "Diluted NI Availto Com Stockholders": NaN,
        "Net Income Common Stockholders": NaN,
        "Net Income": NaN,
        "Net Income Including Noncontrolling Interests": NaN,
        "Net Income Discontinuous Operations": NaN,
        "Net Income Continuous Operations": NaN,
        "Tax Provision": NaN,
        "Pretax Income": NaN,
        "Other Income Expense": NaN,
        "Other Non Operating Income Expenses": NaN,
        "Special Income Charges": 10698475.0,
        "Gain On Sale Of Business": 0.0,
        "Impairment Of Capital Assets": NaN,
        "Restructuring And Mergern Acquisition": -10698475.0,
        "Net Non Operating Interest Income Expense": NaN,
        "Interest Expense Non Operating": NaN,
        "Operating Income": NaN,
        "Operating Expense": NaN,
        "Selling General And Administration": NaN,
        "Selling And Marketing Expense": NaN,
        "General And Administrative Expense": NaN,
        "Other Gand A": NaN,
        "Gross Profit": NaN,
        "Cost Of Revenue": NaN,
        "Total Revenue": NaN,
        "Operating Revenue": NaN
    },
    "2023-09-30": {
        "Tax Effect Of Unusual Items": 0.0,
        "Tax Rate For Calcs": 0.0,
        "Normalized EBITDA": -2760367.0,
        "Total Unusual Items": 0.0,
        "Total Unusual Items Excluding Goodwill": 0.0,
        "Net Income From Continuing Operation Net Minority Interest": -5435994.0,
        "Reconciled Depreciation": 719547.0,
        "Reconciled Cost Of Revenue": 1554044.0,
        "EBITDA": -2760367.0,
        "EBIT": -3479914.0,
        "Net Interest Income": -1956080.0,
        "Interest Expense": 1956080.0,
        "Normalized Income": -5435994.0,
        "Net Income From Continuing And Discontinued Operation": -5435994.0,
        "Total Expenses": 6679494.0,
        "Total Operating Income As Reported": -3422162.0,
        "Diluted Average Shares": 373498.0,
        "Basic Average Shares": 373498.0,
        "Diluted EPS": -14.55,
        "Basic EPS": -14.55,
        "Diluted NI Availto Com Stockholders": -5435994.0,
        "Net Income Common Stockholders": -5435994.0,
        "Net Income": -5435994.0,
        "Net Income Including Noncontrolling Interests": -5435994.0,
        "Net Income Discontinuous Operations": 0.0,
        "Net Income Continuous Operations": -5435994.0,
        "Tax Provision": 0.0,
        "Pretax Income": -5435994.0,
        "Other Income Expense": -57752.0,
        "Other Non Operating Income Expenses": -57752.0,
        "Special Income Charges": 0.0,
        "Gain On Sale Of Business": NaN,
        "Impairment Of Capital Assets": 0.0,
        "Restructuring And Mergern Acquisition": 0.0,
        "Net Non Operating Interest Income Expense": -1956080.0,
        "Interest Expense Non Operating": 1956080.0,
        "Operating Income": -3422162.0,
        "Operating Expense": 5125450.0,
        "Selling General And Administration": 5125450.0,
        "Selling And Marketing Expense": 1389923.0,
        "General And Administrative Expense": 3735527.0,
        "Other Gand A": 3735527.0,
        "Gross Profit": 1703288.0,
        "Cost Of Revenue": 1554044.0,
        "Total Revenue": 3257332.0,
        "Operating Revenue": 3257332.0
    },
    "2023-12-31": {
        "Tax Effect Of Unusual Items": 0.0,
        "Tax Rate For Calcs": 0.21,
        "Normalized EBITDA": -1977438.0,
        "Total Unusual Items": 0.0,
        "Total Unusual Items Excluding Goodwill": 0.0,
        "Net Income From Continuing Operation Net Minority Interest": -3719051.0,
        "Reconciled Depreciation": 764028.0,
        "Reconciled Cost Of Revenue": 2278110.0,
        "EBITDA": -1977438.0,
        "EBIT": -2741466.0,
        "Net Interest Income": -609551.0,
        "Interest Expense": 609551.0,
        "Normalized Income": -3719051.0,
        "Net Income From Continuing And Discontinued Operation": -3719051.0,
        "Total Expenses": 5561088.0,
        "Total Operating Income As Reported": -2771801.0,
        "Diluted Average Shares": NaN,
        "Basic Average Shares": NaN,
        "Diluted EPS": NaN,
        "Basic EPS": NaN,
        "Diluted NI Availto Com Stockholders": -3719051.0,
        "Net Income Common Stockholders": -3719051.0,
        "Net Income": -3719051.0,
        "Net Income Including Noncontrolling Interests": -3719051.0,
        "Net Income Discontinuous Operations": 0.0,
        "Net Income Continuous Operations": -3719051.0,
        "Tax Provision": 368034.0,
        "Pretax Income": -3351017.0,
        "Other Income Expense": 30335.0,
        "Other Non Operating Income Expenses": 30335.0,
        "Special Income Charges": 0.0,
        "Gain On Sale Of Business": NaN,
        "Impairment Of Capital Assets": NaN,
        "Restructuring And Mergern Acquisition": 0.0,
        "Net Non Operating Interest Income Expense": -609551.0,
        "Interest Expense Non Operating": 609551.0,
        "Operating Income": -2771801.0,
        "Operating Expense": 3282978.0,
        "Selling General And Administration": 3282978.0,
        "Selling And Marketing Expense": 1099179.0,
        "General And Administrative Expense": 2183799.0,
        "Other Gand A": 2183799.0,
        "Gross Profit": 511177.0,
        "Cost Of Revenue": 2278110.0,
        "Total Revenue": 2789287.0,
        "Operating Revenue": 2789287.0
    },
    "2024-03-31": {
        "Tax Effect Of Unusual Items": 0.0,
        "Tax Rate For Calcs": 0.0,
        "Normalized EBITDA": 540803.0,
        "Total Unusual Items": NaN,
        "Total Unusual Items Excluding Goodwill": NaN,
        "Net Income From Continuing Operation Net Minority Interest": -683735.0,
        "Reconciled Depreciation": 719547.0,
        "Reconciled Cost Of Revenue": 1855851.0,
        "EBITDA": 540803.0,
        "EBIT": -178744.0,
        "Net Interest Income": -504991.0,
        "Interest Expense": 504991.0,
        "Normalized Income": -683735.0,
        "Net Income From Continuing And Discontinued Operation": -683735.0,
        "Total Expenses": 3801232.0,
        "Total Operating Income As Reported": -224645.0,
        "Diluted Average Shares": 1485210.0,
        "Basic Average Shares": 1485210.0,
        "Diluted EPS": -0.46,
        "Basic EPS": -0.46,
        "Diluted NI Availto Com Stockholders": -683735.0,
        "Net Income Common Stockholders": -683735.0,
        "Net Income": -683735.0,
        "Net Income Including Noncontrolling Interests": -683735.0,
        "Net Income Discontinuous Operations": 0.0,
        "Net Income Continuous Operations": -683735.0,
        "Tax Provision": 0.0,
        "Pretax Income": -683735.0,
        "Other Income Expense": 45901.0,
        "Other Non Operating Income Expenses": 45901.0,
        "Special Income Charges": NaN,
        "Gain On Sale Of Business": NaN,
        "Impairment Of Capital Assets": NaN,
        "Restructuring And Mergern Acquisition": NaN,
        "Net Non Operating Interest Income Expense": -504991.0,
        "Interest Expense Non Operating": 504991.0,
        "Operating Income": -224645.0,
        "Operating Expense": 1945381.0,
        "Selling General And Administration": 1945381.0,
        "Selling And Marketing Expense": 973649.0,
        "General And Administrative Expense": 971732.0,
        "Other Gand A": 971732.0,
        "Gross Profit": 1720736.0,
        "Cost Of Revenue": 1855851.0,
        "Total Revenue": 3576587.0,
        "Operating Revenue": 3576587.0
    },
    "2024-06-30": {
        "Tax Effect Of Unusual Items": 0.0,
        "Tax Rate For Calcs": 0.0,
        "Normalized EBITDA": -1551309.0,
        "Total Unusual Items": 0.0,
        "Total Unusual Items Excluding Goodwill": 0.0,
        "Net Income From Continuing Operation Net Minority Interest": -3510480.0,
        "Reconciled Depreciation": 719547.0,
        "Reconciled Cost Of Revenue": 1837392.0,
        "EBITDA": -1551309.0,
        "EBIT": -2270856.0,
        "Net Interest Income": -1239624.0,
        "Interest Expense": 1239624.0,
        "Normalized Income": -3510480.0,
        "Net Income From Continuing And Discontinued Operation": -3510480.0,
        "Total Expenses": 5698304.0,
        "Total Operating Income As Reported": -2302235.0,
        "Diluted Average Shares": 1684801.0,
        "Basic Average Shares": 1684801.0,
        "Diluted EPS": -2.08,
        "Basic EPS": -2.08,
        "Diluted NI Availto Com Stockholders": -3510480.0,
        "Net Income Common Stockholders": -3510480.0,
        "Net Income": -3510480.0,
        "Net Income Including Noncontrolling Interests": -3510480.0,
        "Net Income Discontinuous Operations": 0.0,
        "Net Income Continuous Operations": -3510480.0,
        "Tax Provision": 0.0,
        "Pretax Income": -3510480.0,
        "Other Income Expense": 31379.0,
        "Other Non Operating Income Expenses": 31379.0,
        "Special Income Charges": 0.0,
        "Gain On Sale Of Business": NaN,
        "Impairment Of Capital Assets": NaN,
        "Restructuring And Mergern Acquisition": 0.0,
        "Net Non Operating Interest Income Expense": -1239624.0,
        "Interest Expense Non Operating": 1239624.0,
        "Operating Income": -2302235.0,
        "Operating Expense": 3860912.0,
        "Selling General And Administration": 3860912.0,
        "Selling And Marketing Expense": 914224.0,
        "General And Administrative Expense": 2946688.0,
        "Other Gand A": 2946688.0,
        "Gross Profit": 1558677.0,
        "Cost Of Revenue": 1837392.0,
        "Total Revenue": 3396069.0,
        "Operating Revenue": 3396069.0
    },
    "2024-09-30": {
        "Tax Effect Of Unusual Items": 0.0,
        "Tax Rate For Calcs": 0.0,
        "Normalized EBITDA": -1580136.0,
        "Total Unusual Items": -600000.0,
        "Total Unusual Items Excluding Goodwill": -600000.0,
        "Net Income From Continuing Operation Net Minority Interest": -3541237.0,
        "Reconciled Depreciation": 618544.0,
        "Reconciled Cost Of Revenue": 1319214.0,
        "EBITDA": -2180136.0,
        "EBIT": -2798680.0,
        "Net Interest Income": -742557.0,
        "Interest Expense": 742557.0,
        "Normalized Income": -2941237.0,
        "Net Income From Continuing And Discontinued Operation": -3541237.0,
        "Total Expenses": 4584966.0,
        "Total Operating Income As Reported": -2744165.0,
        "Diluted Average Shares": 2171823.0,
        "Basic Average Shares": 2171823.0,
        "Diluted EPS": -1.63,
        "Basic EPS": -1.63,
        "Diluted NI Availto Com Stockholders": -3541237.0,
        "Net Income Common Stockholders": -3541237.0,
        "Net Income": -3541237.0,
        "Net Income Including Noncontrolling Interests": -3541237.0,
        "Net Income Discontinuous Operations": 0.0,
        "Net Income Continuous Operations": -3541237.0,
        "Tax Provision": 0.0,
        "Pretax Income": -3541237.0,
        "Other Income Expense": -654515.0,
        "Other Non Operating Income Expenses": -54515.0,
        "Special Income Charges": -600000.0,
        "Gain On Sale Of Business": NaN,
        "Impairment Of Capital Assets": 600000.0,
        "Restructuring And Mergern Acquisition": 0.0,
        "Net Non Operating Interest Income Expense": -742557.0,
        "Interest Expense Non Operating": 742557.0,
        "Operating Income": -2144165.0,
        "Operating Expense": 3265752.0,
        "Selling General And Administration": 3265752.0,
        "Selling And Marketing Expense": 836712.0,
        "General And Administrative Expense": 2429040.0,
        "Other Gand A": 2429040.0,
        "Gross Profit": 1121587.0,
        "Cost Of Revenue": 1319214.0,
        "Total Revenue": 2440801.0,
        "Operating Revenue": 2440801.0
    }
}