{
    "2023-03-31": {
        "Tax Effect Of Unusual Items": 0.0,
        "Tax Rate For Calcs": 0.4,
        "Normalized EBITDA": -13781000.0,
        "Net Income From Continuing Operation Net Minority Interest": -13304000.0,
        "Reconciled Depreciation": 340000.0,
        "EBITDA": -13781000.0,
        "EBIT": -14121000.0,
        "Net Interest Income": 878000.0,
        "Interest Income": 878000.0,
        "Normalized Income": -13304000.0,
        "Net Income From Continuing And Discontinued Operation": -13304000.0,
        "Total Expenses": 14121000.0,
        "Total Operating Income As Reported": -14121000.0,
        "Diluted Average Shares": 24989259.0,
        "Basic Average Shares": 24989259.0,
        "Diluted EPS": -0.53,
        "Basic EPS": -0.53,
        "Diluted NI Availto Com Stockholders": -13304000.0,
        "Net Income Common Stockholders": -13304000.0,
        "Net Income": -13304000.0,
        "Net Income Including Noncontrolling Interests": -13304000.0,
        "Net Income Continuous Operations": -13304000.0,
        "Tax Provision": 61000.0,
        "Pretax Income": -13243000.0,
        "Net Non Operating Interest Income Expense": 878000.0,
        "Interest Income Non Operating": 878000.0,
        "Operating Income": -14121000.0,
        "Operating Expense": 14121000.0,
        "Research And Development": 7934000.0,
        "Selling General And Administration": 6187000.0,
        "General And Administrative Expense": 6187000.0,
        "Other Gand A": 6187000.0,
        "Salaries And Wages": NaN,
        "Total Revenue": 0.0,
        "Operating Revenue": 0.0
    },
    "2022-12-31": {
        "Tax Effect Of Unusual Items": 0.0,
        "Tax Rate For Calcs": 0.4,
        "Normalized EBITDA": -16112000.0,
        "Net Income From Continuing Operation Net Minority Interest": -15938000.0,
        "Reconciled Depreciation": 374000.0,
        "EBITDA": -16112000.0,
        "EBIT": -16486000.0,
        "Net Interest Income": 660000.0,
        "Interest Income": 660000.0,
        "Normalized Income": -15938000.0,
        "Net Income From Continuing And Discontinued Operation": -15938000.0,
        "Total Expenses": 16486000.0,
        "Total Operating Income As Reported": -16486000.0,
        "Diluted Average Shares": 24964241.0,
        "Basic Average Shares": 24964241.0,
        "Diluted EPS": -0.63,
        "Basic EPS": -0.63,
        "Diluted NI Availto Com Stockholders": -15938000.0,
        "Net Income Common Stockholders": -15938000.0,
        "Net Income": -15938000.0,
        "Net Income Including Noncontrolling Interests": -15938000.0,
        "Net Income Continuous Operations": -15938000.0,
        "Tax Provision": 112000.0,
        "Pretax Income": -15826000.0,
        "Net Non Operating Interest Income Expense": 660000.0,
        "Interest Income Non Operating": 660000.0,
        "Operating Income": -16486000.0,
        "Operating Expense": 16486000.0,
        "Research And Development": 11593000.0,
        "Selling General And Administration": 4893000.0,
        "General And Administrative Expense": 4893000.0,
        "Other Gand A": 4893000.0,
        "Salaries And Wages": NaN,
        "Total Revenue": 0.0,
        "Operating Revenue": 0.0
    },
    "2022-09-30": {
        "Tax Effect Of Unusual Items": 0.0,
        "Tax Rate For Calcs": 0.4,
        "Normalized EBITDA": -15990000.0,
        "Net Income From Continuing Operation Net Minority Interest": -16005000.0,
        "Reconciled Depreciation": 359000.0,
        "EBITDA": -15990000.0,
        "EBIT": -16349000.0,
        "Net Interest Income": 374000.0,
        "Interest Income": 374000.0,
        "Normalized Income": -16005000.0,
        "Net Income From Continuing And Discontinued Operation": -16005000.0,
        "Total Expenses": 16349000.0,
        "Total Operating Income As Reported": -16349000.0,
        "Diluted Average Shares": 24961873.0,
        "Basic Average Shares": 24961873.0,
        "Diluted EPS": -0.64,
        "Basic EPS": -0.64,
        "Diluted NI Availto Com Stockholders": -16005000.0,
        "Net Income Common Stockholders": -16005000.0,
        "Net Income": -16005000.0,
        "Net Income Including Noncontrolling Interests": -16005000.0,
        "Net Income Continuous Operations": -16005000.0,
        "Tax Provision": 30000.0,
        "Pretax Income": -15975000.0,
        "Net Non Operating Interest Income Expense": 374000.0,
        "Interest Income Non Operating": 374000.0,
        "Operating Income": -16349000.0,
        "Operating Expense": 16349000.0,
        "Research And Development": 10030000.0,
        "Selling General And Administration": 6319000.0,
        "General And Administrative Expense": 6319000.0,
        "Other Gand A": 6319000.0,
        "Salaries And Wages": NaN,
        "Total Revenue": 0.0,
        "Operating Revenue": 0.0
    },
    "2022-06-30": {
        "Tax Effect Of Unusual Items": 0.0,
        "Tax Rate For Calcs": 0.4,
        "Normalized EBITDA": -16741000.0,
        "Net Income From Continuing Operation Net Minority Interest": -17046000.0,
        "Reconciled Depreciation": 362000.0,
        "EBITDA": -16741000.0,
        "EBIT": -17103000.0,
        "Net Interest Income": 95000.0,
        "Interest Income": 95000.0,
        "Normalized Income": -17046000.0,
        "Net Income From Continuing And Discontinued Operation": -17046000.0,
        "Total Expenses": 17103000.0,
        "Total Operating Income As Reported": -17103000.0,
        "Diluted Average Shares": 24958678.0,
        "Basic Average Shares": 24958678.0,
        "Diluted EPS": -0.68,
        "Basic EPS": -0.68,
        "Diluted NI Availto Com Stockholders": -17046000.0,
        "Net Income Common Stockholders": -17046000.0,
        "Net Income": -17046000.0,
        "Net Income Including Noncontrolling Interests": -17046000.0,
        "Net Income Continuous Operations": -17046000.0,
        "Tax Provision": 38000.0,
        "Pretax Income": -17008000.0,
        "Net Non Operating Interest Income Expense": 95000.0,
        "Interest Income Non Operating": 95000.0,
        "Operating Income": -17103000.0,
        "Operating Expense": 17103000.0,
        "Research And Development": 11241000.0,
        "Selling General And Administration": 5862000.0,
        "General And Administrative Expense": 5862000.0,
        "Other Gand A": 5862000.0,
        "Salaries And Wages": NaN,
        "Total Revenue": 0.0,
        "Operating Revenue": 0.0
    },
    "2022-03-31": {
        "Diluted EPS": -0.56,
        "Total Revenue": NaN,
        "Gross Profit": NaN,
        "Operating Income": -14,
        "EBIT": -14,
        "Net Income": -14
    },
    "2021-12-31": {
        "Diluted EPS": -0.27,
        "Total Revenue": NaN,
        "Gross Profit": NaN,
        "Operating Income": -13,
        "EBIT": -13,
        "Net Income": -13
    },
    "2021-09-30": {
        "Diluted EPS": -0.66,
        "Total Revenue": NaN,
        "Gross Profit": NaN,
        "Operating Income": -15,
        "EBIT": -14,
        "Net Income": -16
    },
    "2021-06-30": {
        "Diluted EPS": -0.47,
        "Total Revenue": NaN,
        "Gross Profit": NaN,
        "Operating Income": -12,
        "EBIT": -11,
        "Net Income": -12
    },
    "2021-03-31": {
        "Diluted EPS": -1.09,
        "Total Revenue": NaN,
        "Gross Profit": NaN,
        "Operating Income": -11,
        "EBIT": -10,
        "Net Income": -13
    },
    "2020-12-31": {
        "Diluted EPS": 54.96,
        "Total Revenue": NaN,
        "Gross Profit": NaN,
        "Operating Income": -13,
        "EBIT": -13,
        "Net Income": -13
    },
    "2020-09-30": {
        "Diluted EPS": -20.28,
        "Total Revenue": NaN,
        "Gross Profit": NaN,
        "Operating Income": -7,
        "EBIT": -7,
        "Net Income": -10
    },
    "2020-06-30": {
        "Diluted EPS": -22.49,
        "Total Revenue": NaN,
        "Gross Profit": NaN,
        "Operating Income": -8,
        "EBIT": -7,
        "Net Income": -11
    },
    "2020-03-31": {
        "Diluted EPS": -31.84,
        "Total Revenue": NaN,
        "Gross Profit": NaN,
        "Operating Income": -12,
        "EBIT": -11,
        "Net Income": -14
    },
    "2019-12-31": {
        "Diluted EPS": 0.0,
        "Total Revenue": NaN,
        "Gross Profit": NaN,
        "Operating Income": NaN,
        "EBIT": NaN,
        "Net Income": NaN
    },
    "2023-06-30": {
        "Tax Effect Of Unusual Items": 0.0,
        "Tax Rate For Calcs": 0.4,
        "Normalized EBITDA": -18718000.0,
        "Net Income From Continuing Operation Net Minority Interest": -18145000.0,
        "Reconciled Depreciation": 323000.0,
        "EBITDA": -18718000.0,
        "EBIT": -19041000.0,
        "Net Interest Income": 976000.0,
        "Interest Income": 976000.0,
        "Normalized Income": -18145000.0,
        "Net Income From Continuing And Discontinued Operation": -18145000.0,
        "Total Expenses": 19041000.0,
        "Total Operating Income As Reported": -19041000.0,
        "Diluted Average Shares": 25017851.0,
        "Basic Average Shares": 25017851.0,
        "Diluted EPS": -0.73,
        "Basic EPS": -0.73,
        "Diluted NI Availto Com Stockholders": -18145000.0,
        "Net Income Common Stockholders": -18145000.0,
        "Net Income": -18145000.0,
        "Net Income Including Noncontrolling Interests": -18145000.0,
        "Net Income Continuous Operations": -18145000.0,
        "Tax Provision": 80000.0,
        "Pretax Income": -18065000.0,
        "Net Non Operating Interest Income Expense": 976000.0,
        "Interest Income Non Operating": 976000.0,
        "Operating Income": -19041000.0,
        "Operating Expense": 19041000.0,
        "Research And Development": 12828000.0,
        "Selling General And Administration": 6213000.0,
        "General And Administrative Expense": 6213000.0,
        "Other Gand A": 5448000.0,
        "Salaries And Wages": 765000.0,
        "Total Revenue": 0.0,
        "Operating Revenue": 0.0
    }
}