{
    "2023-12-31": {
        "Tax Effect Of Unusual Items": -651.205925,
        "Tax Rate For Calcs": 0.040161,
        "Normalized EBITDA": -9341860.0,
        "Total Unusual Items": -16215.0,
        "Total Unusual Items Excluding Goodwill": -16215.0,
        "Net Income From Continuing Operation Net Minority Interest": -8817746.0,
        "Reconciled Depreciation": 64729.0,
        "EBITDA": -9358075.0,
        "EBIT": -9422804.0,
        "Net Interest Income": 252329.0,
        "Interest Expense": NaN,
        "Interest Income": 252329.0,
        "Normalized Income": -8802182.205925,
        "Net Income From Continuing And Discontinued Operation": -8817746.0,
        "Total Expenses": 9422804.0,
        "Total Operating Income As Reported": -9422804.0,
        "Diluted Average Shares": NaN,
        "Basic Average Shares": NaN,
        "Diluted EPS": NaN,
        "Basic EPS": NaN,
        "Diluted NI Availto Com Stockholders": -8817746.0,
        "Net Income Common Stockholders": -8817746.0,
        "Net Income": -8817746.0,
        "Minority Interests": NaN,
        "Net Income Including Noncontrolling Interests": -8817746.0,
        "Net Income Continuous Operations": -8817746.0,
        "Tax Provision": -368944.0,
        "Pretax Income": -9186690.0,
        "Other Income Expense": -16215.0,
        "Gain On Sale Of Security": -16215.0,
        "Net Non Operating Interest Income Expense": 252329.0,
        "Interest Expense Non Operating": NaN,
        "Interest Income Non Operating": 252329.0,
        "Operating Income": -9422804.0,
        "Operating Expense": 9422804.0,
        "Other Operating Expenses": 6963608.0,
        "Selling General And Administration": 2459196.0,
        "General And Administrative Expense": 2459196.0,
        "Other Gand A": 2459196.0,
        "Total Revenue": 0.0,
        "Operating Revenue": 0.0
    },
    "2023-09-30": {
        "Tax Effect Of Unusual Items": NaN,
        "Tax Rate For Calcs": NaN,
        "Normalized EBITDA": NaN,
        "Total Unusual Items": NaN,
        "Total Unusual Items Excluding Goodwill": NaN,
        "Net Income From Continuing Operation Net Minority Interest": NaN,
        "Reconciled Depreciation": NaN,
        "EBITDA": NaN,
        "EBIT": NaN,
        "Net Interest Income": NaN,
        "Interest Expense": NaN,
        "Interest Income": NaN,
        "Normalized Income": NaN,
        "Net Income From Continuing And Discontinued Operation": NaN,
        "Total Expenses": NaN,
        "Total Operating Income As Reported": NaN,
        "Diluted Average Shares": 78076879.0,
        "Basic Average Shares": 78076879.0,
        "Diluted EPS": -0.11,
        "Basic EPS": -0.11,
        "Diluted NI Availto Com Stockholders": NaN,
        "Net Income Common Stockholders": NaN,
        "Net Income": NaN,
        "Minority Interests": 0.0,
        "Net Income Including Noncontrolling Interests": NaN,
        "Net Income Continuous Operations": NaN,
        "Tax Provision": NaN,
        "Pretax Income": NaN,
        "Other Income Expense": NaN,
        "Gain On Sale Of Security": NaN,
        "Net Non Operating Interest Income Expense": NaN,
        "Interest Expense Non Operating": NaN,
        "Interest Income Non Operating": NaN,
        "Operating Income": NaN,
        "Operating Expense": NaN,
        "Other Operating Expenses": NaN,
        "Selling General And Administration": NaN,
        "General And Administrative Expense": NaN,
        "Other Gand A": NaN,
        "Total Revenue": NaN,
        "Operating Revenue": NaN
    },
    "2023-06-30": {
        "Tax Effect Of Unusual Items": NaN,
        "Tax Rate For Calcs": NaN,
        "Normalized EBITDA": NaN,
        "Total Unusual Items": NaN,
        "Total Unusual Items Excluding Goodwill": NaN,
        "Net Income From Continuing Operation Net Minority Interest": NaN,
        "Reconciled Depreciation": NaN,
        "EBITDA": NaN,
        "EBIT": NaN,
        "Net Interest Income": NaN,
        "Interest Expense": NaN,
        "Interest Income": NaN,
        "Normalized Income": NaN,
        "Net Income From Continuing And Discontinued Operation": NaN,
        "Total Expenses": NaN,
        "Total Operating Income As Reported": NaN,
        "Diluted Average Shares": 75942827.0,
        "Basic Average Shares": 75942827.0,
        "Diluted EPS": -0.13,
        "Basic EPS": -0.13,
        "Diluted NI Availto Com Stockholders": NaN,
        "Net Income Common Stockholders": NaN,
        "Net Income": NaN,
        "Minority Interests": 0.0,
        "Net Income Including Noncontrolling Interests": NaN,
        "Net Income Continuous Operations": NaN,
        "Tax Provision": NaN,
        "Pretax Income": NaN,
        "Other Income Expense": NaN,
        "Gain On Sale Of Security": NaN,
        "Net Non Operating Interest Income Expense": NaN,
        "Interest Expense Non Operating": NaN,
        "Interest Income Non Operating": NaN,
        "Operating Income": NaN,
        "Operating Expense": NaN,
        "Other Operating Expenses": NaN,
        "Selling General And Administration": NaN,
        "General And Administrative Expense": NaN,
        "Other Gand A": NaN,
        "Total Revenue": NaN,
        "Operating Revenue": NaN
    },
    "2023-03-31": {
        "Tax Effect Of Unusual Items": NaN,
        "Tax Rate For Calcs": NaN,
        "Normalized EBITDA": NaN,
        "Total Unusual Items": NaN,
        "Total Unusual Items Excluding Goodwill": NaN,
        "Net Income From Continuing Operation Net Minority Interest": NaN,
        "Reconciled Depreciation": NaN,
        "EBITDA": NaN,
        "EBIT": NaN,
        "Net Interest Income": NaN,
        "Interest Expense": NaN,
        "Interest Income": NaN,
        "Normalized Income": NaN,
        "Net Income From Continuing And Discontinued Operation": NaN,
        "Total Expenses": NaN,
        "Total Operating Income As Reported": NaN,
        "Diluted Average Shares": NaN,
        "Basic Average Shares": NaN,
        "Diluted EPS": NaN,
        "Basic EPS": NaN,
        "Diluted NI Availto Com Stockholders": NaN,
        "Net Income Common Stockholders": NaN,
        "Net Income": NaN,
        "Minority Interests": 0.0,
        "Net Income Including Noncontrolling Interests": NaN,
        "Net Income Continuous Operations": NaN,
        "Tax Provision": NaN,
        "Pretax Income": NaN,
        "Other Income Expense": NaN,
        "Gain On Sale Of Security": NaN,
        "Net Non Operating Interest Income Expense": NaN,
        "Interest Expense Non Operating": NaN,
        "Interest Income Non Operating": NaN,
        "Operating Income": NaN,
        "Operating Expense": NaN,
        "Other Operating Expenses": NaN,
        "Selling General And Administration": NaN,
        "General And Administrative Expense": NaN,
        "Other Gand A": NaN,
        "Total Revenue": NaN,
        "Operating Revenue": NaN
    },
    "2024-03-31": {
        "Tax Effect Of Unusual Items": NaN,
        "Tax Rate For Calcs": NaN,
        "Normalized EBITDA": NaN,
        "Total Unusual Items": NaN,
        "Total Unusual Items Excluding Goodwill": NaN,
        "Net Income From Continuing Operation Net Minority Interest": NaN,
        "Reconciled Depreciation": NaN,
        "EBITDA": NaN,
        "EBIT": NaN,
        "Net Interest Income": NaN,
        "Interest Expense": NaN,
        "Interest Income": NaN,
        "Normalized Income": NaN,
        "Net Income From Continuing And Discontinued Operation": NaN,
        "Total Expenses": NaN,
        "Total Operating Income As Reported": NaN,
        "Diluted Average Shares": 87402924.0,
        "Basic Average Shares": 87402924.0,
        "Diluted EPS": -0.1,
        "Basic EPS": -0.1,
        "Diluted NI Availto Com Stockholders": NaN,
        "Net Income Common Stockholders": NaN,
        "Net Income": NaN,
        "Net Income Including Noncontrolling Interests": NaN,
        "Net Income Continuous Operations": NaN,
        "Tax Provision": NaN,
        "Pretax Income": NaN,
        "Other Income Expense": NaN,
        "Gain On Sale Of Security": NaN,
        "Net Non Operating Interest Income Expense": NaN,
        "Interest Expense Non Operating": NaN,
        "Interest Income Non Operating": NaN,
        "Operating Income": NaN,
        "Operating Expense": NaN,
        "Other Operating Expenses": NaN,
        "Selling General And Administration": NaN,
        "General And Administrative Expense": NaN,
        "Other Gand A": NaN,
        "Total Revenue": NaN,
        "Operating Revenue": NaN
    },
    "2024-06-30": {
        "Tax Effect Of Unusual Items": NaN,
        "Tax Rate For Calcs": NaN,
        "Normalized EBITDA": NaN,
        "Total Unusual Items": NaN,
        "Total Unusual Items Excluding Goodwill": NaN,
        "Net Income From Continuing Operation Net Minority Interest": NaN,
        "Reconciled Depreciation": NaN,
        "EBITDA": NaN,
        "EBIT": NaN,
        "Net Interest Income": NaN,
        "Interest Expense": NaN,
        "Interest Income": NaN,
        "Normalized Income": NaN,
        "Net Income From Continuing And Discontinued Operation": NaN,
        "Total Expenses": NaN,
        "Total Operating Income As Reported": NaN,
        "Diluted Average Shares": 87891166.0,
        "Basic Average Shares": 87891166.0,
        "Diluted EPS": -0.1,
        "Basic EPS": -0.1,
        "Diluted NI Availto Com Stockholders": NaN,
        "Net Income Common Stockholders": NaN,
        "Net Income": NaN,
        "Net Income Including Noncontrolling Interests": NaN,
        "Net Income Continuous Operations": NaN,
        "Tax Provision": NaN,
        "Pretax Income": NaN,
        "Other Income Expense": NaN,
        "Gain On Sale Of Security": NaN,
        "Net Non Operating Interest Income Expense": NaN,
        "Interest Expense Non Operating": NaN,
        "Interest Income Non Operating": NaN,
        "Operating Income": NaN,
        "Operating Expense": NaN,
        "Other Operating Expenses": NaN,
        "Selling General And Administration": NaN,
        "General And Administrative Expense": NaN,
        "Other Gand A": NaN,
        "Total Revenue": NaN,
        "Operating Revenue": NaN
    },
    "2024-09-30": {
        "Tax Effect Of Unusual Items": 2.159984,
        "Tax Rate For Calcs": 0.001581,
        "Normalized EBITDA": -9993420.0,
        "Total Unusual Items": 1366.0,
        "Total Unusual Items Excluding Goodwill": 1366.0,
        "Net Income From Continuing Operation Net Minority Interest": -10093122.0,
        "Reconciled Depreciation": 61390.0,
        "EBITDA": -9992054.0,
        "EBIT": -10053444.0,
        "Net Interest Income": 118361.0,
        "Interest Expense": 55663.0,
        "Interest Income": 174024.0,
        "Normalized Income": -10094485.840016,
        "Net Income From Continuing And Discontinued Operation": -10093122.0,
        "Total Expenses": 10228834.0,
        "Total Operating Income As Reported": -10228834.0,
        "Diluted Average Shares": 93599139.0,
        "Basic Average Shares": 93599139.0,
        "Diluted EPS": -0.11,
        "Basic EPS": -0.11,
        "Diluted NI Availto Com Stockholders": -10093122.0,
        "Net Income Common Stockholders": -10093122.0,
        "Net Income": -10093122.0,
        "Net Income Including Noncontrolling Interests": -10093122.0,
        "Net Income Continuous Operations": -10093122.0,
        "Tax Provision": -15985.0,
        "Pretax Income": -10109107.0,
        "Other Income Expense": 1366.0,
        "Gain On Sale Of Security": 1366.0,
        "Net Non Operating Interest Income Expense": 118361.0,
        "Interest Expense Non Operating": 55663.0,
        "Interest Income Non Operating": 174024.0,
        "Operating Income": -10228834.0,
        "Operating Expense": 10228834.0,
        "Other Operating Expenses": 7802543.0,
        "Selling General And Administration": 2426291.0,
        "General And Administrative Expense": 2426291.0,
        "Other Gand A": 2426291.0,
        "Total Revenue": 0.0,
        "Operating Revenue": 0.0
    },
    "2024-12-31": {
        "Tax Effect Of Unusual Items": -3192.21,
        "Tax Rate For Calcs": 0.21,
        "Normalized EBITDA": -5934427.0,
        "Total Unusual Items": -15201.0,
        "Total Unusual Items Excluding Goodwill": -15201.0,
        "Net Income From Continuing Operation Net Minority Interest": -6044023.0,
        "Reconciled Depreciation": 59495.0,
        "EBITDA": -5949628.0,
        "EBIT": -6009123.0,
        "Net Interest Income": 92058.0,
        "Interest Expense": -1289.0,
        "Interest Income": 90769.0,
        "Normalized Income": -6032014.21,
        "Net Income From Continuing And Discontinued Operation": -6044023.0,
        "Total Expenses": 6084691.0,
        "Total Operating Income As Reported": -6084691.0,
        "Diluted Average Shares": NaN,
        "Basic Average Shares": NaN,
        "Diluted EPS": NaN,
        "Basic EPS": NaN,
        "Diluted NI Availto Com Stockholders": -6044023.0,
        "Net Income Common Stockholders": -6044023.0,
        "Net Income": -6044023.0,
        "Net Income Including Noncontrolling Interests": -6044023.0,
        "Net Income Continuous Operations": -6044023.0,
        "Tax Provision": 36189.0,
        "Pretax Income": -6007834.0,
        "Other Income Expense": -15201.0,
        "Gain On Sale Of Security": -15201.0,
        "Net Non Operating Interest Income Expense": 92058.0,
        "Interest Expense Non Operating": -1289.0,
        "Interest Income Non Operating": 90769.0,
        "Operating Income": -6084691.0,
        "Operating Expense": 6084691.0,
        "Other Operating Expenses": 2930267.0,
        "Selling General And Administration": 3154424.0,
        "General And Administrative Expense": 3154424.0,
        "Other Gand A": 3154424.0,
        "Total Revenue": 0.0,
        "Operating Revenue": 0.0
    },
    "2025-03-31": {
        "Tax Effect Of Unusual Items": -1784.37,
        "Tax Rate For Calcs": 0.21,
        "Normalized EBITDA": -3682789.0,
        "Total Unusual Items": -8497.0,
        "Total Unusual Items Excluding Goodwill": -8497.0,
        "Net Income From Continuing Operation Net Minority Interest": -3745543.0,
        "Reconciled Depreciation": 48230.0,
        "EBITDA": -3691286.0,
        "EBIT": -3739516.0,
        "Net Interest Income": 83078.0,
        "Interest Expense": 0.0,
        "Interest Income": 83078.0,
        "Normalized Income": -3738830.37,
        "Net Income From Continuing And Discontinued Operation": -3745543.0,
        "Total Expenses": 3814097.0,
        "Total Operating Income As Reported": -3814097.0,
        "Diluted Average Shares": 97561821.0,
        "Basic Average Shares": 97561821.0,
        "Diluted EPS": -0.04,
        "Basic EPS": -0.04,
        "Diluted NI Availto Com Stockholders": -3745543.0,
        "Net Income Common Stockholders": -3745543.0,
        "Net Income": -3745543.0,
        "Net Income Including Noncontrolling Interests": -3745543.0,
        "Net Income Continuous Operations": -3745543.0,
        "Tax Provision": 6027.0,
        "Pretax Income": -3739516.0,
        "Other Income Expense": -8497.0,
        "Gain On Sale Of Security": -8497.0,
        "Net Non Operating Interest Income Expense": 83078.0,
        "Interest Expense Non Operating": 0.0,
        "Interest Income Non Operating": 83078.0,
        "Operating Income": -3814097.0,
        "Operating Expense": 3814097.0,
        "Other Operating Expenses": 1913229.0,
        "Selling General And Administration": 1900868.0,
        "General And Administrative Expense": 1900868.0,
        "Other Gand A": 1900868.0,
        "Total Revenue": 0.0,
        "Operating Revenue": 0.0
    },
    "2025-06-30": {
        "Tax Effect Of Unusual Items": -109.41,
        "Tax Rate For Calcs": 0.21,
        "Normalized EBITDA": -6412088.0,
        "Total Unusual Items": -521.0,
        "Total Unusual Items Excluding Goodwill": -521.0,
        "Net Income From Continuing Operation Net Minority Interest": -6466008.0,
        "Reconciled Depreciation": 46941.0,
        "EBITDA": -6412609.0,
        "EBIT": -6459550.0,
        "Net Interest Income": 414797.0,
        "Interest Expense": 0.0,
        "Interest Income": 414797.0,
        "Normalized Income": -6465596.41,
        "Net Income From Continuing And Discontinued Operation": -6466008.0,
        "Total Expenses": 6873826.0,
        "Total Operating Income As Reported": -6873826.0,
        "Diluted Average Shares": 112038980.0,
        "Basic Average Shares": 112038980.0,
        "Diluted EPS": -0.06,
        "Basic EPS": -0.06,
        "Diluted NI Availto Com Stockholders": -6466008.0,
        "Net Income Common Stockholders": -6466008.0,
        "Net Income": -6466008.0,
        "Net Income Including Noncontrolling Interests": -6466008.0,
        "Net Income Continuous Operations": -6466008.0,
        "Tax Provision": 6458.0,
        "Pretax Income": -6459550.0,
        "Other Income Expense": -521.0,
        "Gain On Sale Of Security": -521.0,
        "Net Non Operating Interest Income Expense": 414797.0,
        "Interest Expense Non Operating": 0.0,
        "Interest Income Non Operating": 414797.0,
        "Operating Income": -6873826.0,
        "Operating Expense": 6873826.0,
        "Other Operating Expenses": 5018606.0,
        "Selling General And Administration": 1855220.0,
        "General And Administrative Expense": 1855220.0,
        "Other Gand A": 1855220.0,
        "Total Revenue": 0.0,
        "Operating Revenue": 0.0
    },
    "2025-09-30": {
        "Tax Effect Of Unusual Items": -2498.79,
        "Tax Rate For Calcs": 0.21,
        "Normalized EBITDA": -10415814.0,
        "Total Unusual Items": -11899.0,
        "Total Unusual Items Excluding Goodwill": -11899.0,
        "Net Income From Continuing Operation Net Minority Interest": -10492837.0,
        "Reconciled Depreciation": 46572.0,
        "EBITDA": -10427713.0,
        "EBIT": -10474285.0,
        "Net Interest Income": 397814.0,
        "Interest Expense": 0.0,
        "Interest Income": 397814.0,
        "Normalized Income": -10483436.79,
        "Net Income From Continuing And Discontinued Operation": -10492837.0,
        "Total Expenses": 10860200.0,
        "Total Operating Income As Reported": -10860200.0,
        "Diluted Average Shares": 112421247.0,
        "Basic Average Shares": 112421247.0,
        "Diluted EPS": -0.09,
        "Basic EPS": -0.09,
        "Diluted NI Availto Com Stockholders": -10492837.0,
        "Net Income Common Stockholders": -10492837.0,
        "Net Income": -10492837.0,
        "Net Income Including Noncontrolling Interests": -10492837.0,
        "Net Income Continuous Operations": -10492837.0,
        "Tax Provision": 18552.0,
        "Pretax Income": -10474285.0,
        "Other Income Expense": -11899.0,
        "Gain On Sale Of Security": -11899.0,
        "Net Non Operating Interest Income Expense": 397814.0,
        "Interest Expense Non Operating": 0.0,
        "Interest Income Non Operating": 397814.0,
        "Operating Income": -10860200.0,
        "Operating Expense": 10860200.0,
        "Other Operating Expenses": 7688571.0,
        "Selling General And Administration": 3171629.0,
        "General And Administrative Expense": 3171629.0,
        "Other Gand A": 3171629.0,
        "Total Revenue": 0.0,
        "Operating Revenue": 0.0
    }
}