{
    "2023-03-31": {
        "Tax Effect Of Unusual Items": NaN,
        "Tax Rate For Calcs": NaN,
        "Normalized EBITDA": NaN,
        "Total Unusual Items": NaN,
        "Total Unusual Items Excluding Goodwill": NaN,
        "Net Income From Continuing Operation Net Minority Interest": NaN,
        "Reconciled Depreciation": NaN,
        "Reconciled Cost Of Revenue": NaN,
        "EBITDA": NaN,
        "EBIT": NaN,
        "Net Interest Income": NaN,
        "Interest Expense": NaN,
        "Interest Income": 809172.0,
        "Normalized Income": NaN,
        "Net Income From Continuing And Discontinued Operation": NaN,
        "Total Expenses": NaN,
        "Total Operating Income As Reported": NaN,
        "Diluted Average Shares": NaN,
        "Basic Average Shares": NaN,
        "Diluted EPS": NaN,
        "Basic EPS": NaN,
        "Diluted NI Availto Com Stockholders": NaN,
        "Net Income Common Stockholders": NaN,
        "Net Income": NaN,
        "Minority Interests": NaN,
        "Net Income Including Noncontrolling Interests": NaN,
        "Net Income Continuous Operations": NaN,
        "Tax Provision": NaN,
        "Pretax Income": NaN,
        "Other Income Expense": NaN,
        "Other Non Operating Income Expenses": NaN,
        "Special Income Charges": NaN,
        "Gain On Sale Of Ppe": NaN,
        "Restructuring And Mergern Acquisition": NaN,
        "Earnings From Equity Interest": NaN,
        "Net Non Operating Interest Income Expense": NaN,
        "Total Other Finance Cost": -809172.0,
        "Interest Expense Non Operating": NaN,
        "Interest Income Non Operating": 809172.0,
        "Operating Income": NaN,
        "Operating Expense": NaN,
        "Depreciation Amortization Depletion Income Statement": NaN,
        "Depreciation And Amortization In Income Statement": NaN,
        "Research And Development": NaN,
        "Selling General And Administration": NaN,
        "Selling And Marketing Expense": NaN,
        "General And Administrative Expense": NaN,
        "Other Gand A": NaN,
        "Gross Profit": NaN,
        "Cost Of Revenue": NaN,
        "Total Revenue": NaN,
        "Operating Revenue": NaN
    },
    "2022-12-31": {
        "Tax Effect Of Unusual Items": NaN,
        "Tax Rate For Calcs": NaN,
        "Normalized EBITDA": NaN,
        "Total Unusual Items": NaN,
        "Total Unusual Items Excluding Goodwill": NaN,
        "Net Income From Continuing Operation Net Minority Interest": NaN,
        "Reconciled Depreciation": NaN,
        "Reconciled Cost Of Revenue": NaN,
        "EBITDA": NaN,
        "EBIT": NaN,
        "Net Interest Income": NaN,
        "Interest Expense": NaN,
        "Interest Income": NaN,
        "Normalized Income": NaN,
        "Net Income From Continuing And Discontinued Operation": NaN,
        "Total Expenses": NaN,
        "Total Operating Income As Reported": NaN,
        "Diluted Average Shares": NaN,
        "Basic Average Shares": NaN,
        "Diluted EPS": NaN,
        "Basic EPS": NaN,
        "Diluted NI Availto Com Stockholders": NaN,
        "Net Income Common Stockholders": NaN,
        "Net Income": NaN,
        "Minority Interests": NaN,
        "Net Income Including Noncontrolling Interests": NaN,
        "Net Income Continuous Operations": NaN,
        "Tax Provision": NaN,
        "Pretax Income": NaN,
        "Other Income Expense": NaN,
        "Other Non Operating Income Expenses": NaN,
        "Special Income Charges": NaN,
        "Gain On Sale Of Ppe": NaN,
        "Restructuring And Mergern Acquisition": NaN,
        "Earnings From Equity Interest": NaN,
        "Gain On Sale Of Security": -9682.0,
        "Net Non Operating Interest Income Expense": NaN,
        "Total Other Finance Cost": -465794.0,
        "Interest Expense Non Operating": NaN,
        "Interest Income Non Operating": NaN,
        "Operating Income": NaN,
        "Operating Expense": NaN,
        "Depreciation Amortization Depletion Income Statement": NaN,
        "Depreciation And Amortization In Income Statement": NaN,
        "Research And Development": NaN,
        "Selling General And Administration": NaN,
        "Selling And Marketing Expense": NaN,
        "General And Administrative Expense": NaN,
        "Other Gand A": NaN,
        "Gross Profit": NaN,
        "Cost Of Revenue": NaN,
        "Total Revenue": NaN,
        "Operating Revenue": NaN
    },
    "2022-09-30": {
        "Tax Effect Of Unusual Items": NaN,
        "Tax Rate For Calcs": NaN,
        "Normalized EBITDA": NaN,
        "Total Unusual Items": NaN,
        "Total Unusual Items Excluding Goodwill": NaN,
        "Net Income From Continuing Operation Net Minority Interest": NaN,
        "Reconciled Depreciation": NaN,
        "Reconciled Cost Of Revenue": NaN,
        "EBITDA": NaN,
        "EBIT": NaN,
        "Net Interest Income": NaN,
        "Interest Expense": NaN,
        "Interest Income": 334221.0,
        "Normalized Income": NaN,
        "Net Income From Continuing And Discontinued Operation": NaN,
        "Total Expenses": NaN,
        "Total Operating Income As Reported": NaN,
        "Diluted Average Shares": NaN,
        "Basic Average Shares": NaN,
        "Diluted EPS": NaN,
        "Basic EPS": NaN,
        "Diluted NI Availto Com Stockholders": NaN,
        "Net Income Common Stockholders": NaN,
        "Net Income": NaN,
        "Minority Interests": NaN,
        "Net Income Including Noncontrolling Interests": NaN,
        "Net Income Continuous Operations": NaN,
        "Tax Provision": NaN,
        "Pretax Income": NaN,
        "Other Income Expense": NaN,
        "Other Non Operating Income Expenses": NaN,
        "Special Income Charges": NaN,
        "Gain On Sale Of Ppe": NaN,
        "Restructuring And Mergern Acquisition": 0.0,
        "Earnings From Equity Interest": NaN,
        "Gain On Sale Of Security": -1831947.0,
        "Net Non Operating Interest Income Expense": NaN,
        "Total Other Finance Cost": -334221.0,
        "Interest Expense Non Operating": NaN,
        "Interest Income Non Operating": 334221.0,
        "Operating Income": NaN,
        "Operating Expense": NaN,
        "Depreciation Amortization Depletion Income Statement": NaN,
        "Depreciation And Amortization In Income Statement": NaN,
        "Research And Development": NaN,
        "Selling General And Administration": NaN,
        "Selling And Marketing Expense": NaN,
        "General And Administrative Expense": NaN,
        "Other Gand A": NaN,
        "Gross Profit": NaN,
        "Cost Of Revenue": NaN,
        "Total Revenue": NaN,
        "Operating Revenue": NaN
    },
    "2022-06-30": {
        "Tax Effect Of Unusual Items": 80638.330575,
        "Tax Rate For Calcs": 0.026633,
        "Normalized EBITDA": 6467762.0,
        "Total Unusual Items": 3027766.0,
        "Total Unusual Items Excluding Goodwill": 3027766.0,
        "Net Income From Continuing Operation Net Minority Interest": 12735653.0,
        "Reconciled Depreciation": 2037771.0,
        "Reconciled Cost Of Revenue": 70176462.0,
        "EBITDA": 9495528.0,
        "EBIT": 7457757.0,
        "Net Interest Income": 98276.0,
        "Normalized Income": 9788525.330575,
        "Net Income From Continuing And Discontinued Operation": 12735653.0,
        "Total Expenses": 102061547.0,
        "Total Operating Income As Reported": 7457757.0,
        "Diluted Average Shares": 115279676.0,
        "Basic Average Shares": 99303948.0,
        "Diluted EPS": 0.11,
        "Basic EPS": 0.13,
        "Diluted NI Availto Com Stockholders": 12735653.0,
        "Net Income Common Stockholders": 12735653.0,
        "Net Income": 12735653.0,
        "Minority Interests": 979791.0,
        "Net Income Including Noncontrolling Interests": 11755862.0,
        "Net Income Continuous Operations": 11755862.0,
        "Tax Provision": 321660.0,
        "Pretax Income": 12077522.0,
        "Other Income Expense": 4521489.0,
        "Other Non Operating Income Expenses": 1403913.0,
        "Special Income Charges": 0.0,
        "Gain On Sale Of Ppe": 0.0,
        "Earnings From Equity Interest": 89810.0,
        "Gain On Sale Of Security": 3027766.0,
        "Net Non Operating Interest Income Expense": 98276.0,
        "Total Other Finance Cost": -98276.0,
        "Operating Income": 7457757.0,
        "Operating Expense": 31885085.0,
        "Depreciation Amortization Depletion Income Statement": 2037771.0,
        "Depreciation And Amortization In Income Statement": 2037771.0,
        "Research And Development": 1148320.0,
        "Selling General And Administration": 28698994.0,
        "Selling And Marketing Expense": 1000100.0,
        "General And Administrative Expense": 27698894.0,
        "Other Gand A": 27698894.0,
        "Gross Profit": 39342842.0,
        "Cost Of Revenue": 70176462.0,
        "Total Revenue": 109519304.0,
        "Operating Revenue": 109519304.0
    },
    "2022-03-31": {
        "Diluted EPS": 0.09,
        "Total Revenue": 118,
        "Gross Profit": 40,
        "Operating Income": 10,
        "EBIT": 12,
        "Net Income": 11
    },
    "2021-12-31": {
        "Diluted EPS": 18.43,
        "Total Revenue": 121,
        "Gross Profit": 49,
        "Operating Income": 15,
        "EBIT": 17,
        "Net Income": 24
    },
    "2021-09-30": {
        "Diluted EPS": 0.04,
        "Total Revenue": 86,
        "Gross Profit": 26,
        "Operating Income": 2,
        "EBIT": 4,
        "Net Income": 4
    },
    "2021-06-30": {
        "Diluted EPS": -18.19,
        "Total Revenue": 62,
        "Gross Profit": 21,
        "Operating Income": 0,
        "EBIT": 2,
        "Net Income": -2
    },
    "2021-03-31": {
        "Diluted EPS": -0.03,
        "Total Revenue": 50,
        "Gross Profit": 14,
        "Operating Income": -2,
        "EBIT": 0,
        "Net Income": -2
    },
    "2020-12-31": {
        "Diluted EPS": 0.0,
        "Total Revenue": NaN,
        "Gross Profit": NaN,
        "Operating Income": NaN,
        "EBIT": NaN,
        "Net Income": NaN
    },
    "2020-09-30": {
        "Diluted EPS": 0.0,
        "Total Revenue": NaN,
        "Gross Profit": NaN,
        "Operating Income": 0,
        "EBIT": 0,
        "Net Income": 0
    },
    "2023-06-30": {
        "Tax Effect Of Unusual Items": NaN,
        "Tax Rate For Calcs": NaN,
        "Normalized EBITDA": NaN,
        "Total Unusual Items": NaN,
        "Total Unusual Items Excluding Goodwill": NaN,
        "Net Income From Continuing Operation Net Minority Interest": NaN,
        "Reconciled Depreciation": NaN,
        "Reconciled Cost Of Revenue": NaN,
        "EBITDA": NaN,
        "EBIT": NaN,
        "Net Interest Income": NaN,
        "Interest Expense": NaN,
        "Interest Income": 521872.0,
        "Normalized Income": NaN,
        "Net Income From Continuing And Discontinued Operation": NaN,
        "Total Expenses": NaN,
        "Total Operating Income As Reported": NaN,
        "Diluted Average Shares": NaN,
        "Basic Average Shares": NaN,
        "Diluted EPS": NaN,
        "Basic EPS": NaN,
        "Diluted NI Availto Com Stockholders": NaN,
        "Net Income Common Stockholders": NaN,
        "Net Income": NaN,
        "Minority Interests": NaN,
        "Net Income Including Noncontrolling Interests": NaN,
        "Net Income Continuous Operations": NaN,
        "Tax Provision": NaN,
        "Pretax Income": NaN,
        "Other Income Expense": NaN,
        "Other Non Operating Income Expenses": NaN,
        "Special Income Charges": NaN,
        "Gain On Sale Of Ppe": NaN,
        "Restructuring And Mergern Acquisition": NaN,
        "Earnings From Equity Interest": NaN,
        "Net Non Operating Interest Income Expense": NaN,
        "Total Other Finance Cost": -521872.0,
        "Interest Expense Non Operating": NaN,
        "Interest Income Non Operating": 521872.0,
        "Operating Income": NaN,
        "Operating Expense": NaN,
        "Depreciation Amortization Depletion Income Statement": NaN,
        "Depreciation And Amortization In Income Statement": NaN,
        "Research And Development": NaN,
        "Selling General And Administration": NaN,
        "Selling And Marketing Expense": NaN,
        "General And Administrative Expense": NaN,
        "Other Gand A": NaN,
        "Gross Profit": NaN,
        "Cost Of Revenue": NaN,
        "Total Revenue": NaN,
        "Operating Revenue": NaN
    },
    "2023-09-30": {
        "Tax Effect Of Unusual Items": NaN,
        "Tax Rate For Calcs": NaN,
        "Normalized EBITDA": NaN,
        "Total Unusual Items": NaN,
        "Total Unusual Items Excluding Goodwill": NaN,
        "Net Income From Continuing Operation Net Minority Interest": NaN,
        "Reconciled Depreciation": NaN,
        "Reconciled Cost Of Revenue": NaN,
        "EBITDA": NaN,
        "EBIT": NaN,
        "Net Interest Income": NaN,
        "Interest Expense": NaN,
        "Interest Income": 346376.0,
        "Normalized Income": NaN,
        "Net Income From Continuing And Discontinued Operation": NaN,
        "Total Expenses": NaN,
        "Total Operating Income As Reported": NaN,
        "Diluted Average Shares": NaN,
        "Basic Average Shares": NaN,
        "Diluted EPS": NaN,
        "Basic EPS": NaN,
        "Diluted NI Availto Com Stockholders": NaN,
        "Net Income Common Stockholders": NaN,
        "Net Income": NaN,
        "Minority Interests": NaN,
        "Net Income Including Noncontrolling Interests": NaN,
        "Net Income Continuous Operations": NaN,
        "Tax Provision": NaN,
        "Pretax Income": NaN,
        "Other Income Expense": NaN,
        "Other Non Operating Income Expenses": NaN,
        "Special Income Charges": NaN,
        "Gain On Sale Of Ppe": NaN,
        "Restructuring And Mergern Acquisition": NaN,
        "Earnings From Equity Interest": NaN,
        "Net Non Operating Interest Income Expense": NaN,
        "Total Other Finance Cost": -346376.0,
        "Interest Expense Non Operating": NaN,
        "Interest Income Non Operating": 346376.0,
        "Operating Income": NaN,
        "Operating Expense": NaN,
        "Depreciation Amortization Depletion Income Statement": NaN,
        "Depreciation And Amortization In Income Statement": NaN,
        "Research And Development": NaN,
        "Selling General And Administration": NaN,
        "Selling And Marketing Expense": NaN,
        "General And Administrative Expense": NaN,
        "Other Gand A": NaN,
        "Gross Profit": NaN,
        "Cost Of Revenue": NaN,
        "Total Revenue": NaN,
        "Operating Revenue": NaN
    },
    "2023-12-31": {
        "Tax Effect Of Unusual Items": NaN,
        "Tax Rate For Calcs": NaN,
        "Normalized EBITDA": NaN,
        "Total Unusual Items": NaN,
        "Total Unusual Items Excluding Goodwill": NaN,
        "Net Income From Continuing Operation Net Minority Interest": NaN,
        "Reconciled Depreciation": NaN,
        "Reconciled Cost Of Revenue": NaN,
        "EBITDA": NaN,
        "EBIT": NaN,
        "Net Interest Income": NaN,
        "Interest Expense": NaN,
        "Interest Income": 6979.0,
        "Normalized Income": NaN,
        "Net Income From Continuing And Discontinued Operation": NaN,
        "Total Expenses": NaN,
        "Total Operating Income As Reported": NaN,
        "Diluted Average Shares": NaN,
        "Basic Average Shares": NaN,
        "Diluted EPS": NaN,
        "Basic EPS": NaN,
        "Diluted NI Availto Com Stockholders": NaN,
        "Net Income Common Stockholders": NaN,
        "Net Income": NaN,
        "Minority Interests": NaN,
        "Net Income Including Noncontrolling Interests": NaN,
        "Net Income Continuous Operations": NaN,
        "Tax Provision": NaN,
        "Pretax Income": NaN,
        "Other Income Expense": NaN,
        "Other Non Operating Income Expenses": NaN,
        "Special Income Charges": NaN,
        "Gain On Sale Of Ppe": NaN,
        "Restructuring And Mergern Acquisition": NaN,
        "Earnings From Equity Interest": NaN,
        "Net Non Operating Interest Income Expense": NaN,
        "Total Other Finance Cost": NaN,
        "Interest Expense Non Operating": NaN,
        "Interest Income Non Operating": 6979.0,
        "Operating Income": NaN,
        "Operating Expense": NaN,
        "Depreciation Amortization Depletion Income Statement": NaN,
        "Depreciation And Amortization In Income Statement": NaN,
        "Research And Development": NaN,
        "Selling General And Administration": NaN,
        "Selling And Marketing Expense": NaN,
        "General And Administrative Expense": NaN,
        "Other Gand A": NaN,
        "Gross Profit": NaN,
        "Cost Of Revenue": NaN,
        "Total Revenue": NaN,
        "Operating Revenue": NaN
    },
    "2024-03-31": {
        "Tax Effect Of Unusual Items": NaN,
        "Tax Rate For Calcs": NaN,
        "Normalized EBITDA": NaN,
        "Total Unusual Items": NaN,
        "Total Unusual Items Excluding Goodwill": NaN,
        "Net Income From Continuing Operation Net Minority Interest": NaN,
        "Reconciled Depreciation": NaN,
        "Reconciled Cost Of Revenue": NaN,
        "EBITDA": NaN,
        "EBIT": NaN,
        "Net Interest Income": NaN,
        "Interest Expense": 369008.0,
        "Normalized Income": NaN,
        "Net Income From Continuing And Discontinued Operation": NaN,
        "Total Expenses": NaN,
        "Total Operating Income As Reported": NaN,
        "Diluted Average Shares": NaN,
        "Basic Average Shares": NaN,
        "Diluted EPS": NaN,
        "Basic EPS": NaN,
        "Diluted NI Availto Com Stockholders": NaN,
        "Net Income Common Stockholders": NaN,
        "Net Income": NaN,
        "Minority Interests": NaN,
        "Net Income Including Noncontrolling Interests": NaN,
        "Net Income Continuous Operations": NaN,
        "Tax Provision": NaN,
        "Pretax Income": NaN,
        "Other Income Expense": NaN,
        "Other Non Operating Income Expenses": NaN,
        "Special Income Charges": NaN,
        "Gain On Sale Of Ppe": NaN,
        "Impairment Of Capital Assets": NaN,
        "Restructuring And Mergern Acquisition": NaN,
        "Earnings From Equity Interest": NaN,
        "Net Non Operating Interest Income Expense": NaN,
        "Total Other Finance Cost": NaN,
        "Interest Expense Non Operating": 369008.0,
        "Operating Income": NaN,
        "Operating Expense": NaN,
        "Depreciation Amortization Depletion Income Statement": NaN,
        "Depreciation And Amortization In Income Statement": NaN,
        "Research And Development": NaN,
        "Selling General And Administration": NaN,
        "Selling And Marketing Expense": NaN,
        "General And Administrative Expense": NaN,
        "Other Gand A": NaN,
        "Gross Profit": NaN,
        "Cost Of Revenue": NaN,
        "Total Revenue": NaN,
        "Operating Revenue": NaN
    },
    "2024-06-30": {
        "Tax Effect Of Unusual Items": NaN,
        "Tax Rate For Calcs": NaN,
        "Normalized EBITDA": NaN,
        "Total Unusual Items": NaN,
        "Total Unusual Items Excluding Goodwill": NaN,
        "Net Income From Continuing Operation Net Minority Interest": NaN,
        "Reconciled Depreciation": NaN,
        "Reconciled Cost Of Revenue": NaN,
        "EBITDA": NaN,
        "EBIT": NaN,
        "Net Interest Income": NaN,
        "Interest Expense": 513650.0,
        "Normalized Income": NaN,
        "Net Income From Continuing And Discontinued Operation": NaN,
        "Total Expenses": NaN,
        "Total Operating Income As Reported": NaN,
        "Diluted Average Shares": NaN,
        "Basic Average Shares": NaN,
        "Diluted EPS": 0.06,
        "Basic EPS": 0.06,
        "Diluted NI Availto Com Stockholders": NaN,
        "Net Income Common Stockholders": NaN,
        "Net Income": NaN,
        "Minority Interests": NaN,
        "Net Income Including Noncontrolling Interests": NaN,
        "Net Income Continuous Operations": NaN,
        "Tax Provision": NaN,
        "Pretax Income": NaN,
        "Other Income Expense": NaN,
        "Other Non Operating Income Expenses": NaN,
        "Special Income Charges": NaN,
        "Gain On Sale Of Ppe": NaN,
        "Impairment Of Capital Assets": NaN,
        "Restructuring And Mergern Acquisition": NaN,
        "Earnings From Equity Interest": NaN,
        "Net Non Operating Interest Income Expense": NaN,
        "Total Other Finance Cost": NaN,
        "Interest Expense Non Operating": 513650.0,
        "Operating Income": NaN,
        "Operating Expense": NaN,
        "Depreciation Amortization Depletion Income Statement": NaN,
        "Depreciation And Amortization In Income Statement": NaN,
        "Research And Development": NaN,
        "Selling General And Administration": NaN,
        "Selling And Marketing Expense": NaN,
        "General And Administrative Expense": NaN,
        "Other Gand A": NaN,
        "Gross Profit": NaN,
        "Cost Of Revenue": NaN,
        "Total Revenue": NaN,
        "Operating Revenue": NaN
    },
    "2024-09-30": {
        "Tax Effect Of Unusual Items": -15372.21,
        "Tax Rate For Calcs": 0.21,
        "Normalized EBITDA": 14388132.0,
        "Total Unusual Items": -73201.0,
        "Total Unusual Items Excluding Goodwill": -73201.0,
        "Net Income From Continuing Operation Net Minority Interest": 5497901.0,
        "Reconciled Depreciation": 4177534.0,
        "Reconciled Cost Of Revenue": 88764282.0,
        "EBITDA": 14314931.0,
        "EBIT": 10137397.0,
        "Net Interest Income": -505085.0,
        "Interest Expense": NaN,
        "Normalized Income": 5555729.79,
        "Net Income From Continuing And Discontinued Operation": 5497901.0,
        "Total Expenses": 128547417.0,
        "Total Operating Income As Reported": 10137397.0,
        "Diluted Average Shares": 106290929.0,
        "Basic Average Shares": 102067579.0,
        "Diluted EPS": 0.05,
        "Basic EPS": 0.05,
        "Diluted NI Availto Com Stockholders": 5497901.0,
        "Net Income Common Stockholders": 5497901.0,
        "Net Income": 5497901.0,
        "Minority Interests": 952348.0,
        "Net Income Including Noncontrolling Interests": 4545553.0,
        "Net Income Continuous Operations": 4545553.0,
        "Tax Provision": 4488828.0,
        "Pretax Income": 9034381.0,
        "Other Income Expense": -597931.0,
        "Other Non Operating Income Expenses": -441988.0,
        "Special Income Charges": -73201.0,
        "Gain On Sale Of Ppe": -28681.0,
        "Impairment Of Capital Assets": 0.0,
        "Restructuring And Mergern Acquisition": 44520.0,
        "Earnings From Equity Interest": -82742.0,
        "Net Non Operating Interest Income Expense": -505085.0,
        "Total Other Finance Cost": 505085.0,
        "Interest Expense Non Operating": NaN,
        "Operating Income": 10137397.0,
        "Operating Expense": 39783135.0,
        "Depreciation Amortization Depletion Income Statement": 4177534.0,
        "Depreciation And Amortization In Income Statement": 4177534.0,
        "Research And Development": 3145834.0,
        "Selling General And Administration": 32459767.0,
        "Selling And Marketing Expense": 379778.0,
        "General And Administrative Expense": 32079989.0,
        "Other Gand A": 32079989.0,
        "Gross Profit": 49920532.0,
        "Cost Of Revenue": 88764282.0,
        "Total Revenue": 138684814.0,
        "Operating Revenue": 138684814.0
    },
    "2024-12-31": {
        "Tax Effect Of Unusual Items": 303075.99,
        "Tax Rate For Calcs": 0.21,
        "Normalized EBITDA": -4603998.0,
        "Total Unusual Items": 1443219.0,
        "Total Unusual Items Excluding Goodwill": 1443219.0,
        "Net Income From Continuing Operation Net Minority Interest": -3262810.0,
        "Reconciled Depreciation": 3322925.0,
        "Reconciled Cost Of Revenue": 80334624.0,
        "EBITDA": -3160779.0,
        "EBIT": -6483704.0,
        "Net Interest Income": -541464.0,
        "Interest Expense": NaN,
        "Normalized Income": -4402953.01,
        "Net Income From Continuing And Discontinued Operation": -3262810.0,
        "Total Expenses": 128306260.0,
        "Total Operating Income As Reported": -7473187.0,
        "Diluted Average Shares": 101910883.0,
        "Basic Average Shares": 101910883.0,
        "Diluted EPS": NaN,
        "Basic EPS": NaN,
        "Diluted NI Availto Com Stockholders": -3262810.0,
        "Net Income Common Stockholders": -3262810.0,
        "Net Income": -3262810.0,
        "Minority Interests": 4384116.0,
        "Net Income Including Noncontrolling Interests": -7646926.0,
        "Net Income Continuous Operations": -7646926.0,
        "Tax Provision": 1071670.0,
        "Pretax Income": -6575256.0,
        "Other Income Expense": 1439395.0,
        "Other Non Operating Income Expenses": 82297.0,
        "Special Income Charges": 1443219.0,
        "Gain On Sale Of Ppe": -13035.0,
        "Impairment Of Capital Assets": NaN,
        "Restructuring And Mergern Acquisition": -9762845.0,
        "Earnings From Equity Interest": -86121.0,
        "Net Non Operating Interest Income Expense": -541464.0,
        "Total Other Finance Cost": NaN,
        "Interest Expense Non Operating": NaN,
        "Operating Income": -7473187.0,
        "Operating Expense": 47971636.0,
        "Depreciation Amortization Depletion Income Statement": 3322925.0,
        "Depreciation And Amortization In Income Statement": 3322925.0,
        "Research And Development": 3685650.0,
        "Selling General And Administration": 40963061.0,
        "Selling And Marketing Expense": 396828.0,
        "General And Administrative Expense": 40566233.0,
        "Other Gand A": 40566233.0,
        "Gross Profit": 40498449.0,
        "Cost Of Revenue": 80334624.0,
        "Total Revenue": 120833073.0,
        "Operating Revenue": 120833073.0
    },
    "2025-03-31": {
        "Tax Effect Of Unusual Items": 3808.210971,
        "Tax Rate For Calcs": 0.25155,
        "Normalized EBITDA": -10630451.0,
        "Total Unusual Items": 15139.0,
        "Total Unusual Items Excluding Goodwill": 15139.0,
        "Net Income From Continuing Operation Net Minority Interest": -9405315.0,
        "Reconciled Depreciation": 3761391.0,
        "Reconciled Cost Of Revenue": 65185060.0,
        "EBITDA": -10615312.0,
        "EBIT": -14376703.0,
        "Net Interest Income": -426284.0,
        "Interest Expense": 426284.0,
        "Normalized Income": -9416645.789029,
        "Net Income From Continuing And Discontinued Operation": -9405315.0,
        "Total Expenses": 110030493.0,
        "Total Operating Income As Reported": -13997438.0,
        "Diluted Average Shares": 101594579.0,
        "Basic Average Shares": 101594579.0,
        "Diluted EPS": -0.09,
        "Basic EPS": -0.09,
        "Diluted NI Availto Com Stockholders": -9405315.0,
        "Net Income Common Stockholders": -9405315.0,
        "Net Income": -9405315.0,
        "Minority Interests": 1673985.0,
        "Net Income Including Noncontrolling Interests": -11079300.0,
        "Net Income Continuous Operations": -11079300.0,
        "Tax Provision": -3723687.0,
        "Pretax Income": -14802987.0,
        "Other Income Expense": -379265.0,
        "Other Non Operating Income Expenses": -353706.0,
        "Special Income Charges": 15139.0,
        "Gain On Sale Of Ppe": 15139.0,
        "Impairment Of Capital Assets": NaN,
        "Restructuring And Mergern Acquisition": 0.0,
        "Earnings From Equity Interest": -40698.0,
        "Net Non Operating Interest Income Expense": -426284.0,
        "Total Other Finance Cost": NaN,
        "Interest Expense Non Operating": 426284.0,
        "Operating Income": -13997438.0,
        "Operating Expense": 44845433.0,
        "Depreciation Amortization Depletion Income Statement": 3761391.0,
        "Depreciation And Amortization In Income Statement": 3761391.0,
        "Research And Development": 3639444.0,
        "Selling General And Administration": 37444598.0,
        "Selling And Marketing Expense": 331705.0,
        "General And Administrative Expense": 37112893.0,
        "Other Gand A": 37112893.0,
        "Gross Profit": 30847995.0,
        "Cost Of Revenue": 65185060.0,
        "Total Revenue": 96033055.0,
        "Operating Revenue": 96033055.0
    },
    "2025-06-30": {
        "Tax Effect Of Unusual Items": -12486.808503,
        "Tax Rate For Calcs": 0.258237,
        "Normalized EBITDA": -13443614.0,
        "Total Unusual Items": -48354.0,
        "Total Unusual Items Excluding Goodwill": -48354.0,
        "Net Income From Continuing Operation Net Minority Interest": -11155246.0,
        "Reconciled Depreciation": 3981008.0,
        "Reconciled Cost Of Revenue": 54998524.0,
        "EBITDA": -13491968.0,
        "EBIT": -17472976.0,
        "Net Interest Income": -443662.0,
        "Interest Expense": 443662.0,
        "Normalized Income": -11119378.808503,
        "Net Income From Continuing And Discontinued Operation": -11155246.0,
        "Total Expenses": 97897866.0,
        "Total Operating Income As Reported": -17480244.0,
        "Diluted Average Shares": 98931293.0,
        "Basic Average Shares": 98931293.0,
        "Diluted EPS": -0.11,
        "Basic EPS": -0.11,
        "Diluted NI Availto Com Stockholders": -11155246.0,
        "Net Income Common Stockholders": -11155246.0,
        "Net Income": -11155246.0,
        "Minority Interests": 2134647.0,
        "Net Income Including Noncontrolling Interests": -13289893.0,
        "Net Income Continuous Operations": -13289893.0,
        "Tax Provision": -4626745.0,
        "Pretax Income": -17916638.0,
        "Other Income Expense": 7268.0,
        "Other Non Operating Income Expenses": 94439.0,
        "Special Income Charges": -48354.0,
        "Gain On Sale Of Ppe": -48354.0,
        "Impairment Of Capital Assets": NaN,
        "Restructuring And Mergern Acquisition": 0.0,
        "Earnings From Equity Interest": -38817.0,
        "Net Non Operating Interest Income Expense": -443662.0,
        "Total Other Finance Cost": NaN,
        "Interest Expense Non Operating": 443662.0,
        "Operating Income": -17480244.0,
        "Operating Expense": 42899342.0,
        "Depreciation Amortization Depletion Income Statement": 3981008.0,
        "Depreciation And Amortization In Income Statement": 3981008.0,
        "Research And Development": 2957203.0,
        "Selling General And Administration": 35961131.0,
        "Selling And Marketing Expense": 368214.0,
        "General And Administrative Expense": 35592917.0,
        "Other Gand A": 35592917.0,
        "Gross Profit": 25419098.0,
        "Cost Of Revenue": 54998524.0,
        "Total Revenue": 80417622.0,
        "Operating Revenue": 80417622.0
    },
    "2025-09-30": {
        "Tax Effect Of Unusual Items": -5571731.030161,
        "Tax Rate For Calcs": 0.312991,
        "Normalized EBITDA": -3464748.0,
        "Total Unusual Items": -17801588.0,
        "Total Unusual Items Excluding Goodwill": -17801588.0,
        "Net Income From Continuing Operation Net Minority Interest": -27768386.0,
        "Reconciled Depreciation": 3971232.0,
        "Reconciled Cost Of Revenue": 52683525.0,
        "EBITDA": -21266336.0,
        "EBIT": -25237568.0,
        "Net Interest Income": -219861.0,
        "Interest Expense": NaN,
        "Normalized Income": -15538529.030161,
        "Net Income From Continuing And Discontinued Operation": -27768386.0,
        "Total Expenses": 96047203.0,
        "Total Operating Income As Reported": -41976309.0,
        "Diluted Average Shares": 97808976.0,
        "Basic Average Shares": 97808976.0,
        "Diluted EPS": -0.28,
        "Basic EPS": -0.28,
        "Diluted NI Availto Com Stockholders": -27768386.0,
        "Net Income Common Stockholders": -27768386.0,
        "Net Income": -27768386.0,
        "Minority Interests": 1888976.0,
        "Net Income Including Noncontrolling Interests": -29657362.0,
        "Net Income Continuous Operations": -29657362.0,
        "Tax Provision": -13511429.0,
        "Pretax Income": -43168791.0,
        "Other Income Expense": -17711362.0,
        "Other Non Operating Income Expenses": 117261.0,
        "Special Income Charges": -17801588.0,
        "Gain On Sale Of Ppe": -10453.0,
        "Impairment Of Capital Assets": 16738741.0,
        "Restructuring And Mergern Acquisition": 1052394.0,
        "Earnings From Equity Interest": -27035.0,
        "Net Non Operating Interest Income Expense": -219861.0,
        "Total Other Finance Cost": 219861.0,
        "Interest Expense Non Operating": NaN,
        "Operating Income": -25237568.0,
        "Operating Expense": 43363678.0,
        "Depreciation Amortization Depletion Income Statement": 3971232.0,
        "Depreciation And Amortization In Income Statement": 3971232.0,
        "Research And Development": 3193480.0,
        "Selling General And Administration": 36198966.0,
        "Selling And Marketing Expense": 380172.0,
        "General And Administrative Expense": 35818794.0,
        "Other Gand A": 35818794.0,
        "Gross Profit": 18126110.0,
        "Cost Of Revenue": 52683525.0,
        "Total Revenue": 70809635.0,
        "Operating Revenue": 70809635.0
    }
}