{
    "2023-03-31": {
        "Tax Effect Of Unusual Items": NaN,
        "Tax Rate For Calcs": NaN,
        "Normalized EBITDA": NaN,
        "Total Unusual Items": NaN,
        "Total Unusual Items Excluding Goodwill": NaN,
        "Net Income From Continuing Operation Net Minority Interest": NaN,
        "Reconciled Depreciation": NaN,
        "Reconciled Cost Of Revenue": NaN,
        "EBITDA": NaN,
        "EBIT": NaN,
        "Net Interest Income": NaN,
        "Interest Expense": NaN,
        "Normalized Income": NaN,
        "Net Income From Continuing And Discontinued Operation": NaN,
        "Total Expenses": NaN,
        "Total Operating Income As Reported": NaN,
        "Diluted Average Shares": 11622384.0,
        "Basic Average Shares": 11622384.0,
        "Diluted EPS": -0.77,
        "Basic EPS": -0.77,
        "Diluted NI Availto Com Stockholders": NaN,
        "Net Income Common Stockholders": NaN,
        "Net Income": NaN,
        "Net Income Including Noncontrolling Interests": NaN,
        "Net Income Continuous Operations": NaN,
        "Pretax Income": NaN,
        "Other Income Expense": NaN,
        "Other Non Operating Income Expenses": NaN,
        "Gain On Sale Of Security": NaN,
        "Net Non Operating Interest Income Expense": NaN,
        "Interest Expense Non Operating": NaN,
        "Operating Income": NaN,
        "Operating Expense": NaN,
        "Research And Development": NaN,
        "Selling General And Administration": NaN,
        "Gross Profit": NaN,
        "Cost Of Revenue": NaN,
        "Total Revenue": NaN,
        "Operating Revenue": NaN
    },
    "2022-12-31": {
        "Tax Effect Of Unusual Items": 0.0,
        "Tax Rate For Calcs": 0.0,
        "Normalized EBITDA": -9464000.0,
        "Total Unusual Items": NaN,
        "Total Unusual Items Excluding Goodwill": NaN,
        "Net Income From Continuing Operation Net Minority Interest": -10143000.0,
        "Reconciled Depreciation": 34000.0,
        "Reconciled Cost Of Revenue": 237000.0,
        "EBITDA": -9464000.0,
        "EBIT": -9498000.0,
        "Net Interest Income": -645000.0,
        "Interest Expense": 645000.0,
        "Normalized Income": -10143000.0,
        "Net Income From Continuing And Discontinued Operation": -10143000.0,
        "Total Expenses": 10165000.0,
        "Total Operating Income As Reported": -9526000.0,
        "Diluted Average Shares": NaN,
        "Basic Average Shares": NaN,
        "Diluted EPS": NaN,
        "Basic EPS": NaN,
        "Diluted NI Availto Com Stockholders": -10143000.0,
        "Net Income Common Stockholders": -10143000.0,
        "Net Income": -10143000.0,
        "Net Income Including Noncontrolling Interests": -10143000.0,
        "Net Income Continuous Operations": -10143000.0,
        "Pretax Income": -10143000.0,
        "Other Income Expense": 28000.0,
        "Other Non Operating Income Expenses": 28000.0,
        "Gain On Sale Of Security": NaN,
        "Net Non Operating Interest Income Expense": -645000.0,
        "Interest Expense Non Operating": 645000.0,
        "Operating Income": -9526000.0,
        "Operating Expense": 9928000.0,
        "Research And Development": 4934000.0,
        "Selling General And Administration": 4994000.0,
        "Gross Profit": 402000.0,
        "Cost Of Revenue": 237000.0,
        "Total Revenue": 639000.0,
        "Operating Revenue": 639000.0
    },
    "2022-09-30": {
        "Tax Effect Of Unusual Items": NaN,
        "Tax Rate For Calcs": NaN,
        "Normalized EBITDA": NaN,
        "Total Unusual Items": NaN,
        "Total Unusual Items Excluding Goodwill": NaN,
        "Net Income From Continuing Operation Net Minority Interest": NaN,
        "Reconciled Depreciation": NaN,
        "Reconciled Cost Of Revenue": NaN,
        "EBITDA": NaN,
        "EBIT": NaN,
        "Net Interest Income": NaN,
        "Interest Expense": NaN,
        "Normalized Income": NaN,
        "Net Income From Continuing And Discontinued Operation": NaN,
        "Total Expenses": NaN,
        "Total Operating Income As Reported": NaN,
        "Diluted Average Shares": 9215786.0,
        "Basic Average Shares": 9215786.0,
        "Diluted EPS": -0.96,
        "Basic EPS": -0.96,
        "Diluted NI Availto Com Stockholders": NaN,
        "Net Income Common Stockholders": NaN,
        "Net Income": NaN,
        "Net Income Including Noncontrolling Interests": NaN,
        "Net Income Continuous Operations": NaN,
        "Pretax Income": NaN,
        "Other Income Expense": NaN,
        "Other Non Operating Income Expenses": NaN,
        "Gain On Sale Of Security": NaN,
        "Net Non Operating Interest Income Expense": NaN,
        "Interest Expense Non Operating": NaN,
        "Operating Income": NaN,
        "Operating Expense": NaN,
        "Research And Development": NaN,
        "Selling General And Administration": NaN,
        "Gross Profit": NaN,
        "Cost Of Revenue": NaN,
        "Total Revenue": NaN,
        "Operating Revenue": NaN
    },
    "2022-06-30": {
        "Tax Effect Of Unusual Items": 0.0,
        "Tax Rate For Calcs": 0.0,
        "Normalized EBITDA": -8992000.0,
        "Total Unusual Items": NaN,
        "Total Unusual Items Excluding Goodwill": NaN,
        "Net Income From Continuing Operation Net Minority Interest": -9657000.0,
        "Reconciled Depreciation": 0.0,
        "Reconciled Cost Of Revenue": 180000.0,
        "EBITDA": -8992000.0,
        "EBIT": -8992000.0,
        "Net Interest Income": -665000.0,
        "Interest Expense": 665000.0,
        "Normalized Income": -9657000.0,
        "Net Income From Continuing And Discontinued Operation": -9657000.0,
        "Total Expenses": 9781000.0,
        "Total Operating Income As Reported": -8984000.0,
        "Diluted Average Shares": 8190483.0,
        "Basic Average Shares": 8190483.0,
        "Diluted EPS": -1.24,
        "Basic EPS": -1.24,
        "Diluted NI Availto Com Stockholders": -9657000.0,
        "Net Income Common Stockholders": -9657000.0,
        "Net Income": -9657000.0,
        "Net Income Including Noncontrolling Interests": -9657000.0,
        "Net Income Continuous Operations": -9657000.0,
        "Pretax Income": -9657000.0,
        "Other Income Expense": -8000.0,
        "Other Non Operating Income Expenses": -8000.0,
        "Gain On Sale Of Security": NaN,
        "Net Non Operating Interest Income Expense": -665000.0,
        "Interest Expense Non Operating": 665000.0,
        "Operating Income": -8984000.0,
        "Operating Expense": 9601000.0,
        "Research And Development": 5456000.0,
        "Selling General And Administration": 4145000.0,
        "Gross Profit": 617000.0,
        "Cost Of Revenue": 180000.0,
        "Total Revenue": 797000.0,
        "Operating Revenue": 797000.0
    },
    "2022-03-31": {
        "Diluted EPS": -1.1,
        "Total Revenue": 0,
        "Gross Profit": 0,
        "Operating Income": -8,
        "EBIT": -8,
        "Net Income": -9
    },
    "2021-12-31": {
        "Diluted EPS": -0.65,
        "Total Revenue": 2,
        "Gross Profit": 2,
        "Operating Income": -5,
        "EBIT": -4,
        "Net Income": -5
    },
    "2021-09-30": {
        "Diluted EPS": -0.94,
        "Total Revenue": 1,
        "Gross Profit": 0,
        "Operating Income": -7,
        "EBIT": -7,
        "Net Income": -7
    },
    "2021-06-30": {
        "Diluted EPS": -0.96,
        "Total Revenue": 1,
        "Gross Profit": 0,
        "Operating Income": -6,
        "EBIT": -6,
        "Net Income": -6
    },
    "2021-03-31": {
        "Diluted EPS": -1.04,
        "Total Revenue": 0,
        "Gross Profit": 0,
        "Operating Income": -7,
        "EBIT": -7,
        "Net Income": -7
    },
    "2020-12-31": {
        "Diluted EPS": 102.78,
        "Total Revenue": 1,
        "Gross Profit": 0,
        "Operating Income": -7,
        "EBIT": -7,
        "Net Income": -7
    },
    "2020-09-30": {
        "Diluted EPS": -1.16,
        "Total Revenue": 0,
        "Gross Profit": 0,
        "Operating Income": -5,
        "EBIT": -5,
        "Net Income": -5
    },
    "2020-06-30": {
        "Diluted EPS": -1.9,
        "Total Revenue": 0,
        "Gross Profit": 0,
        "Operating Income": -4,
        "EBIT": -4,
        "Net Income": -4
    },
    "2020-03-31": {
        "Diluted EPS": -108.07,
        "Total Revenue": 0,
        "Gross Profit": 0,
        "Operating Income": -5,
        "EBIT": -5,
        "Net Income": -8
    },
    "2019-12-31": {
        "Diluted EPS": -135.4,
        "Total Revenue": 1,
        "Gross Profit": 0,
        "Operating Income": -5,
        "EBIT": -6,
        "Net Income": 12
    },
    "2019-09-30": {
        "Diluted EPS": -73.82,
        "Total Revenue": 0,
        "Gross Profit": 0,
        "Operating Income": -6,
        "EBIT": -4,
        "Net Income": -8
    },
    "2019-06-30": {
        "Diluted EPS": -58.5,
        "Total Revenue": 0,
        "Gross Profit": 0,
        "Operating Income": -4,
        "EBIT": -2,
        "Net Income": -6
    },
    "2019-03-31": {
        "Diluted EPS": -75.11,
        "Total Revenue": 0,
        "Gross Profit": 0,
        "Operating Income": -6,
        "EBIT": -3,
        "Net Income": -8
    },
    "2018-12-31": {
        "Diluted EPS": NaN,
        "Total Revenue": 1,
        "Gross Profit": 1,
        "Operating Income": -8,
        "EBIT": -8,
        "Net Income": -11
    },
    "2018-09-30": {
        "Diluted EPS": -178.57,
        "Total Revenue": 1,
        "Gross Profit": 1,
        "Operating Income": -6,
        "EBIT": -3,
        "Net Income": -9
    },
    "2018-06-30": {
        "Diluted EPS": NaN,
        "Total Revenue": 1,
        "Gross Profit": 1,
        "Operating Income": -6,
        "EBIT": -6,
        "Net Income": -7
    },
    "2018-03-31": {
        "Diluted EPS": NaN,
        "Total Revenue": 1,
        "Gross Profit": 1,
        "Operating Income": -8,
        "EBIT": -7,
        "Net Income": 7
    },
    "2017-12-31": {
        "Diluted EPS": NaN,
        "Total Revenue": 1,
        "Gross Profit": 1,
        "Operating Income": -5,
        "EBIT": -3,
        "Net Income": -20
    },
    "2017-09-30": {
        "Diluted EPS": NaN,
        "Total Revenue": 1,
        "Gross Profit": 1,
        "Operating Income": -5,
        "EBIT": 0,
        "Net Income": -13
    },
    "2017-06-30": {
        "Diluted EPS": NaN,
        "Total Revenue": 1,
        "Gross Profit": 0,
        "Operating Income": -5,
        "EBIT": 2,
        "Net Income": -2
    },
    "2017-03-31": {
        "Diluted EPS": NaN,
        "Total Revenue": 1,
        "Gross Profit": 1,
        "Operating Income": -4,
        "EBIT": 4,
        "Net Income": -11
    },
    "2016-12-31": {
        "Diluted EPS": NaN,
        "Total Revenue": 1,
        "Gross Profit": 0,
        "Operating Income": -4,
        "EBIT": 3,
        "Net Income": -8
    },
    "2016-09-30": {
        "Diluted EPS": -230.99,
        "Total Revenue": 0,
        "Gross Profit": 0,
        "Operating Income": -5,
        "EBIT": 0,
        "Net Income": -1
    },
    "2016-06-30": {
        "Diluted EPS": -4.41,
        "Total Revenue": 1,
        "Gross Profit": 0,
        "Operating Income": -4,
        "EBIT": -2,
        "Net Income": -7
    },
    "2016-03-31": {
        "Diluted EPS": -1.25,
        "Total Revenue": 0,
        "Gross Profit": 0,
        "Operating Income": -3,
        "EBIT": -3,
        "Net Income": -2
    },
    "2015-12-31": {
        "Diluted EPS": NaN,
        "Total Revenue": 0,
        "Gross Profit": 0,
        "Operating Income": -4,
        "EBIT": -4,
        "Net Income": -5
    },
    "2015-09-30": {
        "Diluted EPS": -1.96,
        "Total Revenue": 0,
        "Gross Profit": 0,
        "Operating Income": -4,
        "EBIT": -4,
        "Net Income": -2
    },
    "2015-06-30": {
        "Diluted EPS": -4.84,
        "Total Revenue": 0,
        "Gross Profit": 0,
        "Operating Income": -4,
        "EBIT": -3,
        "Net Income": -4
    },
    "2015-03-31": {
        "Diluted EPS": -0.32,
        "Total Revenue": 0,
        "Gross Profit": 0,
        "Operating Income": -4,
        "EBIT": -4,
        "Net Income": -3
    },
    "2014-12-31": {
        "Diluted EPS": -0.27,
        "Total Revenue": 0,
        "Gross Profit": 0,
        "Operating Income": -3,
        "EBIT": -3,
        "Net Income": -3
    },
    "2014-09-30": {
        "Diluted EPS": -0.48,
        "Total Revenue": 0,
        "Gross Profit": 0,
        "Operating Income": -5,
        "EBIT": -5,
        "Net Income": -5
    },
    "2014-06-30": {
        "Diluted EPS": -0.52,
        "Total Revenue": 0,
        "Gross Profit": 0,
        "Operating Income": -6,
        "EBIT": -6,
        "Net Income": -5
    },
    "2014-03-31": {
        "Diluted EPS": -0.57,
        "Total Revenue": 0,
        "Gross Profit": 0,
        "Operating Income": -5,
        "EBIT": -5,
        "Net Income": -5
    },
    "2013-12-31": {
        "Diluted EPS": -0.64,
        "Total Revenue": 0,
        "Gross Profit": 0,
        "Operating Income": -6,
        "EBIT": -5,
        "Net Income": -5
    },
    "2013-09-30": {
        "Diluted EPS": -1.15,
        "Total Revenue": 0,
        "Gross Profit": 0,
        "Operating Income": -7,
        "EBIT": -6,
        "Net Income": -7
    },
    "2013-06-30": {
        "Diluted EPS": -0.91,
        "Total Revenue": NaN,
        "Gross Profit": 0,
        "Operating Income": -11,
        "EBIT": -10,
        "Net Income": -5
    },
    "2013-03-31": {
        "Diluted EPS": -2.4,
        "Total Revenue": 0,
        "Gross Profit": 0,
        "Operating Income": -10,
        "EBIT": -10,
        "Net Income": -13
    },
    "2012-12-31": {
        "Diluted EPS": -12.79,
        "Total Revenue": 0,
        "Gross Profit": 0,
        "Operating Income": -12,
        "EBIT": -12,
        "Net Income": -11
    },
    "2012-09-30": {
        "Diluted EPS": -0.18,
        "Total Revenue": 0,
        "Gross Profit": 0,
        "Operating Income": -12,
        "EBIT": -12,
        "Net Income": -12
    },
    "2012-06-30": {
        "Diluted EPS": -0.26,
        "Total Revenue": 0,
        "Gross Profit": 0,
        "Operating Income": -15,
        "EBIT": -15,
        "Net Income": -15
    },
    "2012-03-31": {
        "Diluted EPS": -0.31,
        "Total Revenue": NaN,
        "Gross Profit": NaN,
        "Operating Income": -15,
        "EBIT": -14,
        "Net Income": -15
    },
    "2011-12-31": {
        "Diluted EPS": -0.33,
        "Total Revenue": NaN,
        "Gross Profit": NaN,
        "Operating Income": -16,
        "EBIT": -16,
        "Net Income": -15
    },
    "2011-09-30": {
        "Diluted EPS": -0.18,
        "Total Revenue": NaN,
        "Gross Profit": NaN,
        "Operating Income": -12,
        "EBIT": -12,
        "Net Income": -8
    },
    "2011-06-30": {
        "Diluted EPS": -0.13,
        "Total Revenue": NaN,
        "Gross Profit": NaN,
        "Operating Income": -10,
        "EBIT": -10,
        "Net Income": -5
    },
    "2011-03-31": {
        "Diluted EPS": -0.04,
        "Total Revenue": NaN,
        "Gross Profit": NaN,
        "Operating Income": -8,
        "EBIT": -8,
        "Net Income": -2
    },
    "2010-12-31": {
        "Diluted EPS": -0.36,
        "Total Revenue": NaN,
        "Gross Profit": NaN,
        "Operating Income": -10,
        "EBIT": -9,
        "Net Income": -15
    },
    "2010-09-30": {
        "Diluted EPS": -0.24,
        "Total Revenue": NaN,
        "Gross Profit": NaN,
        "Operating Income": -7,
        "EBIT": -7,
        "Net Income": -10
    },
    "2010-06-30": {
        "Diluted EPS": -0.21,
        "Total Revenue": NaN,
        "Gross Profit": NaN,
        "Operating Income": -8,
        "EBIT": -8,
        "Net Income": -8
    },
    "2010-03-31": {
        "Diluted EPS": -0.39,
        "Total Revenue": NaN,
        "Gross Profit": NaN,
        "Operating Income": -5,
        "EBIT": -5,
        "Net Income": -14
    },
    "2009-12-31": {
        "Diluted EPS": -0.18,
        "Total Revenue": NaN,
        "Gross Profit": NaN,
        "Operating Income": -5,
        "EBIT": -5,
        "Net Income": -6
    },
    "2009-09-30": {
        "Diluted EPS": -0.29,
        "Total Revenue": NaN,
        "Gross Profit": NaN,
        "Operating Income": -4,
        "EBIT": -4,
        "Net Income": -8
    },
    "2009-06-30": {
        "Diluted EPS": -0.25,
        "Total Revenue": NaN,
        "Gross Profit": NaN,
        "Operating Income": -2,
        "EBIT": -2,
        "Net Income": -6
    },
    "2009-03-31": {
        "Diluted EPS": -0.1,
        "Total Revenue": NaN,
        "Gross Profit": NaN,
        "Operating Income": -2,
        "EBIT": -2,
        "Net Income": -2
    },
    "2023-06-30": {
        "Tax Effect Of Unusual Items": NaN,
        "Tax Rate For Calcs": NaN,
        "Normalized EBITDA": NaN,
        "Total Unusual Items": NaN,
        "Total Unusual Items Excluding Goodwill": NaN,
        "Net Income From Continuing Operation Net Minority Interest": NaN,
        "Reconciled Depreciation": NaN,
        "Reconciled Cost Of Revenue": NaN,
        "EBITDA": NaN,
        "EBIT": NaN,
        "Net Interest Income": NaN,
        "Interest Expense": 371000.0,
        "Interest Income": NaN,
        "Normalized Income": NaN,
        "Net Income From Continuing And Discontinued Operation": NaN,
        "Total Expenses": NaN,
        "Total Operating Income As Reported": NaN,
        "Diluted Average Shares": NaN,
        "Basic Average Shares": NaN,
        "Diluted EPS": NaN,
        "Basic EPS": NaN,
        "Diluted NI Availto Com Stockholders": NaN,
        "Net Income Common Stockholders": NaN,
        "Net Income": NaN,
        "Net Income Including Noncontrolling Interests": NaN,
        "Net Income Continuous Operations": NaN,
        "Pretax Income": NaN,
        "Other Income Expense": NaN,
        "Other Non Operating Income Expenses": NaN,
        "Gain On Sale Of Security": NaN,
        "Net Non Operating Interest Income Expense": NaN,
        "Interest Expense Non Operating": 371000.0,
        "Interest Income Non Operating": NaN,
        "Operating Income": NaN,
        "Operating Expense": NaN,
        "Research And Development": NaN,
        "Selling General And Administration": NaN,
        "Gross Profit": NaN,
        "Cost Of Revenue": NaN,
        "Total Revenue": NaN,
        "Operating Revenue": NaN
    },
    "2023-09-30": {
        "Tax Effect Of Unusual Items": NaN,
        "Tax Rate For Calcs": NaN,
        "Normalized EBITDA": NaN,
        "Total Unusual Items": NaN,
        "Total Unusual Items Excluding Goodwill": NaN,
        "Net Income From Continuing Operation Net Minority Interest": NaN,
        "Reconciled Depreciation": NaN,
        "Reconciled Cost Of Revenue": NaN,
        "EBITDA": NaN,
        "EBIT": NaN,
        "Net Interest Income": NaN,
        "Interest Expense": 395000.0,
        "Interest Income": NaN,
        "Normalized Income": NaN,
        "Net Income From Continuing And Discontinued Operation": NaN,
        "Total Expenses": NaN,
        "Total Operating Income As Reported": NaN,
        "Diluted Average Shares": NaN,
        "Basic Average Shares": NaN,
        "Diluted EPS": NaN,
        "Basic EPS": NaN,
        "Diluted NI Availto Com Stockholders": NaN,
        "Net Income Common Stockholders": NaN,
        "Net Income": NaN,
        "Net Income Including Noncontrolling Interests": NaN,
        "Net Income Continuous Operations": NaN,
        "Tax Provision": NaN,
        "Pretax Income": NaN,
        "Other Income Expense": NaN,
        "Other Non Operating Income Expenses": NaN,
        "Gain On Sale Of Security": NaN,
        "Net Non Operating Interest Income Expense": NaN,
        "Total Other Finance Cost": NaN,
        "Interest Expense Non Operating": 395000.0,
        "Interest Income Non Operating": NaN,
        "Operating Income": NaN,
        "Operating Expense": NaN,
        "Research And Development": NaN,
        "Selling General And Administration": NaN,
        "Gross Profit": NaN,
        "Cost Of Revenue": NaN,
        "Total Revenue": NaN,
        "Operating Revenue": NaN
    },
    "2023-12-31": {
        "Tax Effect Of Unusual Items": NaN,
        "Tax Rate For Calcs": NaN,
        "Normalized EBITDA": NaN,
        "Total Unusual Items": 226000.0,
        "Total Unusual Items Excluding Goodwill": 226000.0,
        "Net Income From Continuing Operation Net Minority Interest": NaN,
        "Reconciled Depreciation": NaN,
        "Reconciled Cost Of Revenue": NaN,
        "EBITDA": NaN,
        "EBIT": NaN,
        "Net Interest Income": NaN,
        "Interest Expense": -15000.0,
        "Interest Income": NaN,
        "Normalized Income": NaN,
        "Net Income From Continuing And Discontinued Operation": NaN,
        "Total Expenses": NaN,
        "Total Operating Income As Reported": NaN,
        "Diluted Average Shares": NaN,
        "Basic Average Shares": NaN,
        "Diluted EPS": NaN,
        "Basic EPS": NaN,
        "Diluted NI Availto Com Stockholders": NaN,
        "Net Income Common Stockholders": NaN,
        "Net Income": NaN,
        "Net Income Including Noncontrolling Interests": NaN,
        "Net Income Continuous Operations": NaN,
        "Tax Provision": NaN,
        "Pretax Income": NaN,
        "Other Income Expense": NaN,
        "Other Non Operating Income Expenses": NaN,
        "Gain On Sale Of Security": 226000.0,
        "Net Non Operating Interest Income Expense": NaN,
        "Total Other Finance Cost": NaN,
        "Interest Expense Non Operating": -15000.0,
        "Interest Income Non Operating": NaN,
        "Operating Income": NaN,
        "Operating Expense": NaN,
        "Research And Development": NaN,
        "Selling General And Administration": NaN,
        "Gross Profit": NaN,
        "Cost Of Revenue": NaN,
        "Total Revenue": NaN,
        "Operating Revenue": NaN
    },
    "2024-03-31": {
        "Tax Effect Of Unusual Items": NaN,
        "Tax Rate For Calcs": NaN,
        "Normalized EBITDA": NaN,
        "Total Unusual Items": -612000.0,
        "Total Unusual Items Excluding Goodwill": -612000.0,
        "Net Income From Continuing Operation Net Minority Interest": NaN,
        "Reconciled Depreciation": NaN,
        "Reconciled Cost Of Revenue": NaN,
        "EBITDA": NaN,
        "EBIT": NaN,
        "Net Interest Income": NaN,
        "Interest Expense": 199000.0,
        "Interest Income": NaN,
        "Normalized Income": NaN,
        "Net Income From Continuing And Discontinued Operation": NaN,
        "Total Expenses": NaN,
        "Total Operating Income As Reported": NaN,
        "Diluted Average Shares": NaN,
        "Basic Average Shares": NaN,
        "Diluted EPS": NaN,
        "Basic EPS": NaN,
        "Diluted NI Availto Com Stockholders": NaN,
        "Net Income Common Stockholders": NaN,
        "Net Income": NaN,
        "Net Income Including Noncontrolling Interests": NaN,
        "Net Income Continuous Operations": NaN,
        "Tax Provision": NaN,
        "Pretax Income": NaN,
        "Other Income Expense": NaN,
        "Other Non Operating Income Expenses": NaN,
        "Gain On Sale Of Security": -612000.0,
        "Net Non Operating Interest Income Expense": NaN,
        "Total Other Finance Cost": 199000.0,
        "Interest Expense Non Operating": 199000.0,
        "Interest Income Non Operating": NaN,
        "Operating Income": NaN,
        "Operating Expense": NaN,
        "Research And Development": NaN,
        "Selling General And Administration": NaN,
        "Gross Profit": NaN,
        "Cost Of Revenue": NaN,
        "Total Revenue": NaN,
        "Operating Revenue": NaN
    },
    "2024-06-30": {
        "Tax Effect Of Unusual Items": 0.0,
        "Tax Rate For Calcs": 0.0,
        "Normalized EBITDA": 5863000.0,
        "Total Unusual Items": -9755000.0,
        "Total Unusual Items Excluding Goodwill": -9755000.0,
        "Net Income From Continuing Operation Net Minority Interest": -13741000.0,
        "Reconciled Depreciation": 20000.0,
        "Reconciled Cost Of Revenue": 1519000.0,
        "EBITDA": -3892000.0,
        "EBIT": -3912000.0,
        "Net Interest Income": -84000.0,
        "Interest Expense": 84000.0,
        "Interest Income": NaN,
        "Normalized Income": -3986000.0,
        "Net Income From Continuing And Discontinued Operation": -13741000.0,
        "Total Expenses": 11678000.0,
        "Total Operating Income As Reported": -3912000.0,
        "Diluted Average Shares": 28364731.0,
        "Basic Average Shares": 28364731.0,
        "Diluted EPS": -0.48,
        "Basic EPS": -0.48,
        "Diluted NI Availto Com Stockholders": -13741000.0,
        "Net Income Common Stockholders": -13741000.0,
        "Net Income": -13741000.0,
        "Net Income Including Noncontrolling Interests": -13741000.0,
        "Net Income Continuous Operations": -13741000.0,
        "Tax Provision": 0.0,
        "Pretax Income": -13741000.0,
        "Other Income Expense": -9745000.0,
        "Other Non Operating Income Expenses": 10000.0,
        "Gain On Sale Of Security": -9755000.0,
        "Net Non Operating Interest Income Expense": -84000.0,
        "Total Other Finance Cost": 84000.0,
        "Interest Expense Non Operating": 84000.0,
        "Interest Income Non Operating": NaN,
        "Operating Income": -3912000.0,
        "Operating Expense": 10159000.0,
        "Research And Development": 3394000.0,
        "Selling General And Administration": 6765000.0,
        "Gross Profit": 6247000.0,
        "Cost Of Revenue": 1519000.0,
        "Total Revenue": 7766000.0,
        "Operating Revenue": 7766000.0
    },
    "2024-09-30": {
        "Tax Effect Of Unusual Items": 624750.0,
        "Tax Rate For Calcs": 0.21,
        "Normalized EBITDA": -4136000.0,
        "Total Unusual Items": 2975000.0,
        "Total Unusual Items Excluding Goodwill": 2975000.0,
        "Net Income From Continuing Operation Net Minority Interest": 1864000.0,
        "Reconciled Depreciation": 98000.0,
        "Reconciled Cost Of Revenue": 1640000.0,
        "EBITDA": -1161000.0,
        "EBIT": -1259000.0,
        "Net Interest Income": 113000.0,
        "Interest Expense": NaN,
        "Interest Income": 113000.0,
        "Normalized Income": -486250.0,
        "Net Income From Continuing And Discontinued Operation": 1864000.0,
        "Total Expenses": 12459000.0,
        "Total Operating Income As Reported": -1259000.0,
        "Diluted Average Shares": 32345672.0,
        "Basic Average Shares": 28738307.0,
        "Diluted EPS": 0.06,
        "Basic EPS": 0.06,
        "Diluted NI Availto Com Stockholders": 1864000.0,
        "Net Income Common Stockholders": 1864000.0,
        "Net Income": 1864000.0,
        "Net Income Including Noncontrolling Interests": 1864000.0,
        "Net Income Continuous Operations": 1864000.0,
        "Tax Provision": NaN,
        "Pretax Income": 1864000.0,
        "Other Income Expense": 3010000.0,
        "Other Non Operating Income Expenses": 35000.0,
        "Gain On Sale Of Security": 2975000.0,
        "Net Non Operating Interest Income Expense": 113000.0,
        "Total Other Finance Cost": NaN,
        "Interest Expense Non Operating": NaN,
        "Interest Income Non Operating": 113000.0,
        "Operating Income": -1259000.0,
        "Operating Expense": 10819000.0,
        "Research And Development": 3866000.0,
        "Selling General And Administration": 6953000.0,
        "Gross Profit": 9560000.0,
        "Cost Of Revenue": 1640000.0,
        "Total Revenue": 11200000.0,
        "Operating Revenue": 11200000.0
    },
    "2024-12-31": {
        "Tax Effect Of Unusual Items": 0.0,
        "Tax Rate For Calcs": 0.0,
        "Normalized EBITDA": 17156000.0,
        "Total Unusual Items": -6679000.0,
        "Total Unusual Items Excluding Goodwill": -6679000.0,
        "Net Income From Continuing Operation Net Minority Interest": -3398000.0,
        "Reconciled Depreciation": 69000.0,
        "Reconciled Cost Of Revenue": 2126000.0,
        "EBITDA": 10477000.0,
        "EBIT": 10408000.0,
        "Net Interest Income": 295000.0,
        "Interest Expense": NaN,
        "Interest Income": NaN,
        "Normalized Income": 3281000.0,
        "Net Income From Continuing And Discontinued Operation": -3398000.0,
        "Total Expenses": 12061000.0,
        "Total Operating Income As Reported": 3039000.0,
        "Diluted Average Shares": 32014365.0,
        "Basic Average Shares": 32014365.0,
        "Diluted EPS": -0.11,
        "Basic EPS": -0.11,
        "Diluted NI Availto Com Stockholders": -3398000.0,
        "Net Income Common Stockholders": -3398000.0,
        "Net Income": -3398000.0,
        "Net Income Including Noncontrolling Interests": -3398000.0,
        "Net Income Continuous Operations": -3398000.0,
        "Tax Provision": NaN,
        "Pretax Income": -3398000.0,
        "Other Income Expense": -6732000.0,
        "Other Non Operating Income Expenses": -53000.0,
        "Gain On Sale Of Security": -6679000.0,
        "Net Non Operating Interest Income Expense": 295000.0,
        "Total Other Finance Cost": NaN,
        "Interest Expense Non Operating": NaN,
        "Interest Income Non Operating": NaN,
        "Operating Income": 3039000.0,
        "Operating Expense": 9935000.0,
        "Research And Development": 2914000.0,
        "Selling General And Administration": 7021000.0,
        "Gross Profit": 12974000.0,
        "Cost Of Revenue": 2126000.0,
        "Total Revenue": 15100000.0,
        "Operating Revenue": 15100000.0
    },
    "2025-03-31": {
        "Tax Effect Of Unusual Items": 0.0,
        "Tax Rate For Calcs": 0.154272,
        "Normalized EBITDA": 709000.0,
        "Total Unusual Items": NaN,
        "Total Unusual Items Excluding Goodwill": NaN,
        "Net Income From Continuing Operation Net Minority Interest": 1069000.0,
        "Reconciled Depreciation": 67000.0,
        "Reconciled Cost Of Revenue": 2845000.0,
        "EBITDA": 709000.0,
        "EBIT": 642000.0,
        "Net Interest Income": 618000.0,
        "Interest Expense": NaN,
        "Interest Income": NaN,
        "Normalized Income": 1069000.0,
        "Net Income From Continuing And Discontinued Operation": 1069000.0,
        "Total Expenses": 19142000.0,
        "Total Operating Income As Reported": 642000.0,
        "Diluted Average Shares": 39511120.0,
        "Basic Average Shares": 34642641.0,
        "Diluted EPS": 0.03,
        "Basic EPS": 0.03,
        "Diluted NI Availto Com Stockholders": 1069000.0,
        "Net Income Common Stockholders": 1069000.0,
        "Net Income": 1069000.0,
        "Net Income Including Noncontrolling Interests": 1069000.0,
        "Net Income Continuous Operations": 1069000.0,
        "Tax Provision": 195000.0,
        "Pretax Income": 1264000.0,
        "Other Income Expense": 4000.0,
        "Other Non Operating Income Expenses": 4000.0,
        "Gain On Sale Of Security": NaN,
        "Net Non Operating Interest Income Expense": 618000.0,
        "Total Other Finance Cost": -618000.0,
        "Interest Expense Non Operating": NaN,
        "Interest Income Non Operating": NaN,
        "Operating Income": 642000.0,
        "Operating Expense": 16297000.0,
        "Research And Development": 5007000.0,
        "Selling General And Administration": 11290000.0,
        "Gross Profit": 16939000.0,
        "Cost Of Revenue": 2845000.0,
        "Total Revenue": 19784000.0,
        "Operating Revenue": 19784000.0
    },
    "2025-06-30": {
        "Tax Effect Of Unusual Items": 0.0,
        "Tax Rate For Calcs": 0.158502,
        "Normalized EBITDA": 2617000.0,
        "Total Unusual Items": NaN,
        "Total Unusual Items Excluding Goodwill": NaN,
        "Net Income From Continuing Operation Net Minority Interest": 2697000.0,
        "Reconciled Depreciation": 27000.0,
        "Reconciled Cost Of Revenue": 3318000.0,
        "EBITDA": 2617000.0,
        "EBIT": 2590000.0,
        "Net Interest Income": 649000.0,
        "Interest Expense": NaN,
        "Interest Income": NaN,
        "Normalized Income": 2697000.0,
        "Net Income From Continuing And Discontinued Operation": 2697000.0,
        "Total Expenses": 21566000.0,
        "Total Operating Income As Reported": 2590000.0,
        "Diluted Average Shares": 40262764.0,
        "Basic Average Shares": 35786813.0,
        "Diluted EPS": 0.07,
        "Basic EPS": 0.08,
        "Diluted NI Availto Com Stockholders": 2697000.0,
        "Net Income Common Stockholders": 2697000.0,
        "Net Income": 2697000.0,
        "Net Income Including Noncontrolling Interests": 2697000.0,
        "Net Income Continuous Operations": 2697000.0,
        "Tax Provision": 508000.0,
        "Pretax Income": 3205000.0,
        "Other Income Expense": -34000.0,
        "Other Non Operating Income Expenses": -34000.0,
        "Gain On Sale Of Security": NaN,
        "Net Non Operating Interest Income Expense": 649000.0,
        "Total Other Finance Cost": -649000.0,
        "Interest Expense Non Operating": NaN,
        "Interest Income Non Operating": NaN,
        "Operating Income": 2590000.0,
        "Operating Expense": 18248000.0,
        "Research And Development": 6882000.0,
        "Selling General And Administration": 11366000.0,
        "Gross Profit": 20838000.0,
        "Cost Of Revenue": 3318000.0,
        "Total Revenue": 24156000.0,
        "Operating Revenue": 24156000.0
    }
}