{
    "2023-03-31": {
        "Tax Effect Of Unusual Items": NaN,
        "Tax Rate For Calcs": NaN,
        "Normalized EBITDA": NaN,
        "Total Unusual Items": NaN,
        "Total Unusual Items Excluding Goodwill": NaN,
        "Net Income From Continuing Operation Net Minority Interest": NaN,
        "Reconciled Depreciation": NaN,
        "Reconciled Cost Of Revenue": NaN,
        "EBITDA": NaN,
        "EBIT": NaN,
        "Net Interest Income": NaN,
        "Interest Expense": NaN,
        "Interest Income": NaN,
        "Normalized Income": NaN,
        "Net Income From Continuing And Discontinued Operation": NaN,
        "Total Expenses": NaN,
        "Diluted Average Shares": NaN,
        "Basic Average Shares": NaN,
        "Diluted EPS": NaN,
        "Basic EPS": NaN,
        "Diluted NI Availto Com Stockholders": NaN,
        "Net Income Common Stockholders": NaN,
        "Net Income": NaN,
        "Minority Interests": NaN,
        "Net Income Including Noncontrolling Interests": NaN,
        "Net Income Discontinuous Operations": NaN,
        "Net Income Continuous Operations": NaN,
        "Tax Provision": NaN,
        "Pretax Income": NaN,
        "Other Income Expense": NaN,
        "Other Non Operating Income Expenses": NaN,
        "Special Income Charges": NaN,
        "Gain On Sale Of Business": NaN,
        "Other Special Charges": NaN,
        "Write Off": 14000000.0,
        "Restructuring And Mergern Acquisition": NaN,
        "Earnings From Equity Interest": NaN,
        "Gain On Sale Of Security": NaN,
        "Net Non Operating Interest Income Expense": NaN,
        "Interest Expense Non Operating": NaN,
        "Interest Income Non Operating": NaN,
        "Operating Income": NaN,
        "Operating Expense": NaN,
        "Depreciation Amortization Depletion Income Statement": NaN,
        "Depreciation And Amortization In Income Statement": NaN,
        "Amortization": NaN,
        "Amortization Of Intangibles Income Statement": NaN,
        "Research And Development": NaN,
        "Selling General And Administration": NaN,
        "General And Administrative Expense": 342000000.0,
        "Other Gand A": 340000000.0,
        "Salaries And Wages": 2000000.0,
        "Gross Profit": NaN,
        "Cost Of Revenue": NaN,
        "Total Revenue": NaN,
        "Operating Revenue": NaN
    },
    "2022-12-31": {
        "Tax Effect Of Unusual Items": -44100000.0,
        "Tax Rate For Calcs": 0.21,
        "Normalized EBITDA": 799000000.0,
        "Total Unusual Items": -210000000.0,
        "Total Unusual Items Excluding Goodwill": -210000000.0,
        "Net Income From Continuing Operation Net Minority Interest": 93000000.0,
        "Reconciled Depreciation": 274000000.0,
        "Reconciled Cost Of Revenue": 1917000000.0,
        "EBITDA": 589000000.0,
        "EBIT": 315000000.0,
        "Net Interest Income": -80000000.0,
        "Interest Expense": 122000000.0,
        "Interest Income": 42000000.0,
        "Normalized Income": 258900000.0,
        "Net Income From Continuing And Discontinued Operation": 4226000000.0,
        "Total Expenses": 2651000000.0,
        "Diluted Average Shares": 478400000.0,
        "Basic Average Shares": 477300000.0,
        "Diluted EPS": 8.69,
        "Basic EPS": 8.71,
        "Diluted NI Availto Com Stockholders": 4226000000.0,
        "Net Income Common Stockholders": 4226000000.0,
        "Net Income": 4226000000.0,
        "Minority Interests": -12000000.0,
        "Net Income Including Noncontrolling Interests": 4238000000.0,
        "Net Income Discontinuous Operations": 4133000000.0,
        "Net Income Continuous Operations": 105000000.0,
        "Tax Provision": 88000000.0,
        "Pretax Income": 193000000.0,
        "Other Income Expense": -180000000.0,
        "Other Non Operating Income Expenses": 17000000.0,
        "Special Income Charges": -216000000.0,
        "Gain On Sale Of Business": 3000000.0,
        "Restructuring And Mergern Acquisition": 313000000.0,
        "Earnings From Equity Interest": 13000000.0,
        "Gain On Sale Of Security": 6000000.0,
        "Net Non Operating Interest Income Expense": -80000000.0,
        "Interest Expense Non Operating": 122000000.0,
        "Interest Income Non Operating": 42000000.0,
        "Operating Income": 453000000.0,
        "Operating Expense": 603000000.0,
        "Depreciation Amortization Depletion Income Statement": 143000000.0,
        "Depreciation And Amortization In Income Statement": 143000000.0,
        "Amortization": 143000000.0,
        "Amortization Of Intangibles Income Statement": 143000000.0,
        "Research And Development": 123000000.0,
        "Selling General And Administration": 337000000.0,
        "Gross Profit": 1056000000.0,
        "Cost Of Revenue": 2048000000.0,
        "Total Revenue": 3104000000.0,
        "Operating Revenue": 3104000000.0
    },
    "2022-09-30": {
        "Tax Effect Of Unusual Items": 1116000.0,
        "Tax Rate For Calcs": 0.279,
        "Normalized EBITDA": 905000000.0,
        "Total Unusual Items": 4000000.0,
        "Total Unusual Items Excluding Goodwill": 4000000.0,
        "Net Income From Continuing Operation Net Minority Interest": 350000000.0,
        "Reconciled Depreciation": 283000000.0,
        "Reconciled Cost Of Revenue": 1958000000.0,
        "EBITDA": 909000000.0,
        "EBIT": 626000000.0,
        "Net Interest Income": -123000000.0,
        "Interest Expense": 128000000.0,
        "Interest Income": 5000000.0,
        "Normalized Income": 347116000.0,
        "Net Income From Continuing And Discontinued Operation": 367000000.0,
        "Total Expenses": 2726000000.0,
        "Diluted Average Shares": 500400000.0,
        "Basic Average Shares": 499400000.0,
        "Diluted EPS": 0.73,
        "Basic EPS": 0.73,
        "Diluted NI Availto Com Stockholders": 367000000.0,
        "Net Income Common Stockholders": 367000000.0,
        "Net Income": 367000000.0,
        "Minority Interests": -9000000.0,
        "Net Income Including Noncontrolling Interests": 376000000.0,
        "Net Income Discontinuous Operations": 17000000.0,
        "Net Income Continuous Operations": 359000000.0,
        "Tax Provision": 139000000.0,
        "Pretax Income": 498000000.0,
        "Other Income Expense": 30000000.0,
        "Other Non Operating Income Expenses": 10000000.0,
        "Special Income Charges": -1000000.0,
        "Gain On Sale Of Business": 6000000.0,
        "Restructuring And Mergern Acquisition": 7000000.0,
        "Earnings From Equity Interest": 16000000.0,
        "Gain On Sale Of Security": 5000000.0,
        "Net Non Operating Interest Income Expense": -123000000.0,
        "Interest Expense Non Operating": 128000000.0,
        "Interest Income Non Operating": 5000000.0,
        "Operating Income": 591000000.0,
        "Operating Expense": 631000000.0,
        "Depreciation Amortization Depletion Income Statement": 146000000.0,
        "Depreciation And Amortization In Income Statement": 146000000.0,
        "Amortization": 146000000.0,
        "Amortization Of Intangibles Income Statement": 146000000.0,
        "Research And Development": 129000000.0,
        "Selling General And Administration": 356000000.0,
        "Gross Profit": 1222000000.0,
        "Cost Of Revenue": 2095000000.0,
        "Total Revenue": 3317000000.0,
        "Operating Revenue": 3317000000.0
    },
    "2022-06-30": {
        "Tax Effect Of Unusual Items": -3073221.757322,
        "Tax Rate For Calcs": 0.236402,
        "Normalized EBITDA": 894000000.0,
        "Total Unusual Items": -13000000.0,
        "Total Unusual Items Excluding Goodwill": -13000000.0,
        "Net Income From Continuing Operation Net Minority Interest": 357000000.0,
        "Reconciled Depreciation": 281000000.0,
        "Reconciled Cost Of Revenue": 2016000000.0,
        "EBITDA": 881000000.0,
        "EBIT": 600000000.0,
        "Net Interest Income": -122000000.0,
        "Interest Expense": 122000000.0,
        "Interest Income": 2000000.0,
        "Normalized Income": 366926778.242678,
        "Net Income From Continuing And Discontinued Operation": 787000000.0,
        "Total Expenses": 2823000000.0,
        "Diluted Average Shares": 506300000.0,
        "Basic Average Shares": 505400000.0,
        "Diluted EPS": 1.55,
        "Basic EPS": 1.56,
        "Diluted NI Availto Com Stockholders": 787000000.0,
        "Net Income Common Stockholders": 787000000.0,
        "Net Income": 787000000.0,
        "Minority Interests": -8000000.0,
        "Net Income Including Noncontrolling Interests": 795000000.0,
        "Net Income Discontinuous Operations": 430000000.0,
        "Net Income Continuous Operations": 365000000.0,
        "Tax Provision": 113000000.0,
        "Pretax Income": 478000000.0,
        "Other Income Expense": 101000000.0,
        "Other Non Operating Income Expenses": 94000000.0,
        "Special Income Charges": -13000000.0,
        "Gain On Sale Of Business": 70000000.0,
        "Restructuring And Mergern Acquisition": 13000000.0,
        "Earnings From Equity Interest": 20000000.0,
        "Gain On Sale Of Security": 9000000.0,
        "Net Non Operating Interest Income Expense": -122000000.0,
        "Interest Expense Non Operating": 122000000.0,
        "Interest Income Non Operating": 2000000.0,
        "Operating Income": 499000000.0,
        "Operating Expense": 674000000.0,
        "Depreciation Amortization Depletion Income Statement": 148000000.0,
        "Depreciation And Amortization In Income Statement": 148000000.0,
        "Amortization": 148000000.0,
        "Amortization Of Intangibles Income Statement": 148000000.0,
        "Research And Development": 141000000.0,
        "Selling General And Administration": 385000000.0,
        "Gross Profit": 1173000000.0,
        "Cost Of Revenue": 2149000000.0,
        "Total Revenue": 3322000000.0,
        "Operating Revenue": 3322000000.0
    },
    "2023-06-30": {
        "Tax Effect Of Unusual Items": NaN,
        "Tax Rate For Calcs": NaN,
        "Normalized EBITDA": NaN,
        "Total Unusual Items": NaN,
        "Total Unusual Items Excluding Goodwill": NaN,
        "Net Income From Continuing Operation Net Minority Interest": NaN,
        "Reconciled Depreciation": NaN,
        "Reconciled Cost Of Revenue": NaN,
        "EBITDA": NaN,
        "EBIT": NaN,
        "Net Interest Income": NaN,
        "Interest Expense": NaN,
        "Interest Income": NaN,
        "Normalized Income": NaN,
        "Net Income From Continuing And Discontinued Operation": NaN,
        "Total Expenses": NaN,
        "Diluted Average Shares": NaN,
        "Basic Average Shares": NaN,
        "Diluted EPS": NaN,
        "Basic EPS": NaN,
        "Diluted NI Availto Com Stockholders": NaN,
        "Net Income Common Stockholders": NaN,
        "Net Income": NaN,
        "Minority Interests": NaN,
        "Net Income Including Noncontrolling Interests": NaN,
        "Net Income Discontinuous Operations": NaN,
        "Net Income Continuous Operations": NaN,
        "Tax Provision": NaN,
        "Pretax Income": NaN,
        "Other Income Expense": NaN,
        "Other Non Operating Income Expenses": NaN,
        "Special Income Charges": NaN,
        "Gain On Sale Of Business": NaN,
        "Other Special Charges": NaN,
        "Write Off": NaN,
        "Restructuring And Mergern Acquisition": NaN,
        "Earnings From Equity Interest": NaN,
        "Gain On Sale Of Security": NaN,
        "Net Non Operating Interest Income Expense": NaN,
        "Interest Expense Non Operating": NaN,
        "Interest Income Non Operating": NaN,
        "Operating Income": NaN,
        "Operating Expense": NaN,
        "Depreciation Amortization Depletion Income Statement": NaN,
        "Depreciation And Amortization In Income Statement": NaN,
        "Amortization": NaN,
        "Amortization Of Intangibles Income Statement": NaN,
        "Research And Development": NaN,
        "Selling General And Administration": NaN,
        "General And Administrative Expense": 360000000.0,
        "Other Gand A": 358000000.0,
        "Salaries And Wages": 2000000.0,
        "Gross Profit": NaN,
        "Cost Of Revenue": NaN,
        "Total Revenue": NaN,
        "Operating Revenue": NaN
    },
    "2023-09-30": {
        "Tax Effect Of Unusual Items": NaN,
        "Tax Rate For Calcs": NaN,
        "Normalized EBITDA": NaN,
        "Total Unusual Items": NaN,
        "Total Unusual Items Excluding Goodwill": NaN,
        "Net Income From Continuing Operation Net Minority Interest": NaN,
        "Reconciled Depreciation": NaN,
        "Reconciled Cost Of Revenue": NaN,
        "EBITDA": NaN,
        "EBIT": NaN,
        "Net Interest Income": NaN,
        "Interest Expense": NaN,
        "Interest Income": NaN,
        "Normalized Income": NaN,
        "Net Income From Continuing And Discontinued Operation": NaN,
        "Total Expenses": NaN,
        "Diluted Average Shares": 453400000.0,
        "Basic Average Shares": 451700000.0,
        "Diluted EPS": 0.7,
        "Basic EPS": 0.71,
        "Diluted NI Availto Com Stockholders": NaN,
        "Net Income Common Stockholders": NaN,
        "Net Income": NaN,
        "Minority Interests": NaN,
        "Net Income Including Noncontrolling Interests": NaN,
        "Net Income Discontinuous Operations": NaN,
        "Net Income Continuous Operations": NaN,
        "Tax Provision": NaN,
        "Pretax Income": NaN,
        "Other Income Expense": NaN,
        "Other Non Operating Income Expenses": NaN,
        "Special Income Charges": NaN,
        "Gain On Sale Of Business": NaN,
        "Other Special Charges": NaN,
        "Write Off": NaN,
        "Restructuring And Mergern Acquisition": NaN,
        "Earnings From Equity Interest": NaN,
        "Gain On Sale Of Security": NaN,
        "Net Non Operating Interest Income Expense": NaN,
        "Interest Expense Non Operating": NaN,
        "Interest Income Non Operating": NaN,
        "Operating Income": NaN,
        "Operating Expense": NaN,
        "Depreciation Amortization Depletion Income Statement": NaN,
        "Depreciation And Amortization In Income Statement": NaN,
        "Amortization": NaN,
        "Amortization Of Intangibles Income Statement": NaN,
        "Research And Development": NaN,
        "Selling General And Administration": NaN,
        "General And Administrative Expense": NaN,
        "Other Gand A": NaN,
        "Salaries And Wages": NaN,
        "Gross Profit": NaN,
        "Cost Of Revenue": NaN,
        "Total Revenue": NaN,
        "Operating Revenue": NaN
    },
    "2023-12-31": {
        "Tax Effect Of Unusual Items": NaN,
        "Tax Rate For Calcs": NaN,
        "Normalized EBITDA": NaN,
        "Total Unusual Items": NaN,
        "Total Unusual Items Excluding Goodwill": NaN,
        "Net Income From Continuing Operation Net Minority Interest": NaN,
        "Reconciled Depreciation": NaN,
        "Reconciled Cost Of Revenue": NaN,
        "EBITDA": NaN,
        "EBIT": NaN,
        "Net Interest Income": NaN,
        "Interest Expense": NaN,
        "Interest Income": NaN,
        "Normalized Income": NaN,
        "Net Income From Continuing And Discontinued Operation": NaN,
        "Total Expenses": NaN,
        "Diluted Average Shares": 430300000.0,
        "Basic Average Shares": 430300000.0,
        "Diluted EPS": -0.05,
        "Basic EPS": -0.05,
        "Diluted NI Availto Com Stockholders": NaN,
        "Net Income Common Stockholders": NaN,
        "Net Income": NaN,
        "Minority Interests": NaN,
        "Net Income Including Noncontrolling Interests": NaN,
        "Net Income Discontinuous Operations": NaN,
        "Net Income Continuous Operations": NaN,
        "Tax Provision": NaN,
        "Pretax Income": NaN,
        "Other Income Expense": NaN,
        "Other Non Operating Income Expenses": NaN,
        "Special Income Charges": NaN,
        "Gain On Sale Of Business": NaN,
        "Other Special Charges": NaN,
        "Write Off": NaN,
        "Impairment Of Capital Assets": NaN,
        "Restructuring And Mergern Acquisition": NaN,
        "Earnings From Equity Interest": NaN,
        "Gain On Sale Of Security": NaN,
        "Net Non Operating Interest Income Expense": NaN,
        "Interest Expense Non Operating": NaN,
        "Interest Income Non Operating": NaN,
        "Operating Income": NaN,
        "Operating Expense": NaN,
        "Depreciation Amortization Depletion Income Statement": NaN,
        "Depreciation And Amortization In Income Statement": NaN,
        "Amortization": NaN,
        "Amortization Of Intangibles Income Statement": NaN,
        "Research And Development": NaN,
        "Selling General And Administration": NaN,
        "General And Administrative Expense": NaN,
        "Other Gand A": NaN,
        "Salaries And Wages": NaN,
        "Gross Profit": NaN,
        "Cost Of Revenue": NaN,
        "Total Revenue": NaN,
        "Operating Revenue": NaN
    },
    "2024-03-31": {
        "Tax Effect Of Unusual Items": NaN,
        "Tax Rate For Calcs": NaN,
        "Normalized EBITDA": NaN,
        "Total Unusual Items": NaN,
        "Total Unusual Items Excluding Goodwill": NaN,
        "Net Income From Continuing Operation Net Minority Interest": NaN,
        "Reconciled Depreciation": NaN,
        "Reconciled Cost Of Revenue": NaN,
        "EBITDA": NaN,
        "EBIT": NaN,
        "Net Interest Income": NaN,
        "Interest Expense": NaN,
        "Interest Income": NaN,
        "Normalized Income": NaN,
        "Net Income From Continuing And Discontinued Operation": NaN,
        "Total Expenses": NaN,
        "Diluted Average Shares": NaN,
        "Basic Average Shares": NaN,
        "Diluted EPS": NaN,
        "Basic EPS": NaN,
        "Diluted NI Availto Com Stockholders": NaN,
        "Net Income Common Stockholders": NaN,
        "Net Income": NaN,
        "Minority Interests": NaN,
        "Net Income Including Noncontrolling Interests": NaN,
        "Net Income Discontinuous Operations": NaN,
        "Net Income Continuous Operations": NaN,
        "Tax Provision": NaN,
        "Pretax Income": NaN,
        "Other Income Expense": NaN,
        "Other Non Operating Income Expenses": NaN,
        "Special Income Charges": NaN,
        "Gain On Sale Of Business": NaN,
        "Other Special Charges": NaN,
        "Write Off": 39000000.0,
        "Impairment Of Capital Assets": 0.0,
        "Restructuring And Mergern Acquisition": NaN,
        "Earnings From Equity Interest": NaN,
        "Gain On Sale Of Security": NaN,
        "Net Non Operating Interest Income Expense": NaN,
        "Interest Expense Non Operating": NaN,
        "Interest Income Non Operating": NaN,
        "Operating Income": NaN,
        "Operating Expense": NaN,
        "Depreciation Amortization Depletion Income Statement": NaN,
        "Depreciation And Amortization In Income Statement": NaN,
        "Amortization": NaN,
        "Amortization Of Intangibles Income Statement": NaN,
        "Research And Development": NaN,
        "Selling General And Administration": NaN,
        "General And Administrative Expense": 384000000.0,
        "Other Gand A": 384000000.0,
        "Salaries And Wages": -7000000.0,
        "Gross Profit": NaN,
        "Cost Of Revenue": NaN,
        "Total Revenue": NaN,
        "Operating Revenue": NaN
    },
    "2024-06-30": {
        "Tax Effect Of Unusual Items": NaN,
        "Tax Rate For Calcs": NaN,
        "Normalized EBITDA": NaN,
        "Total Unusual Items": NaN,
        "Total Unusual Items Excluding Goodwill": NaN,
        "Net Income From Continuing Operation Net Minority Interest": NaN,
        "Reconciled Depreciation": NaN,
        "Reconciled Cost Of Revenue": NaN,
        "EBITDA": NaN,
        "EBIT": NaN,
        "Net Interest Income": NaN,
        "Interest Expense": NaN,
        "Interest Income": NaN,
        "Normalized Income": NaN,
        "Net Income From Continuing And Discontinued Operation": NaN,
        "Total Expenses": NaN,
        "Diluted Average Shares": NaN,
        "Basic Average Shares": NaN,
        "Diluted EPS": NaN,
        "Basic EPS": NaN,
        "Diluted NI Availto Com Stockholders": NaN,
        "Net Income Common Stockholders": NaN,
        "Net Income": NaN,
        "Minority Interests": NaN,
        "Net Income Including Noncontrolling Interests": NaN,
        "Net Income Discontinuous Operations": NaN,
        "Net Income Continuous Operations": NaN,
        "Tax Provision": NaN,
        "Pretax Income": NaN,
        "Other Income Expense": NaN,
        "Other Non Operating Income Expenses": NaN,
        "Special Income Charges": NaN,
        "Gain On Sale Of Business": 0.0,
        "Other Special Charges": 74000000.0,
        "Write Off": NaN,
        "Impairment Of Capital Assets": 0.0,
        "Restructuring And Mergern Acquisition": NaN,
        "Earnings From Equity Interest": NaN,
        "Gain On Sale Of Security": NaN,
        "Net Non Operating Interest Income Expense": NaN,
        "Interest Expense Non Operating": NaN,
        "Interest Income Non Operating": NaN,
        "Operating Income": NaN,
        "Operating Expense": NaN,
        "Depreciation Amortization Depletion Income Statement": NaN,
        "Depreciation And Amortization In Income Statement": NaN,
        "Amortization": NaN,
        "Amortization Of Intangibles Income Statement": NaN,
        "Research And Development": NaN,
        "Selling General And Administration": NaN,
        "General And Administrative Expense": 418000000.0,
        "Other Gand A": 418000000.0,
        "Salaries And Wages": -3000000.0,
        "Gross Profit": NaN,
        "Cost Of Revenue": NaN,
        "Total Revenue": NaN,
        "Operating Revenue": NaN
    },
    "2024-09-30": {
        "Tax Effect Of Unusual Items": 20227000.0,
        "Tax Rate For Calcs": 0.179,
        "Normalized EBITDA": 714000000.0,
        "Total Unusual Items": 113000000.0,
        "Total Unusual Items Excluding Goodwill": 113000000.0,
        "Net Income From Continuing Operation Net Minority Interest": 443000000.0,
        "Reconciled Depreciation": 188000000.0,
        "Reconciled Cost Of Revenue": 1683000000.0,
        "EBITDA": 827000000.0,
        "EBIT": 639000000.0,
        "Net Interest Income": -73000000.0,
        "Interest Expense": 87000000.0,
        "Interest Income": 14000000.0,
        "Normalized Income": 350227000.0,
        "Net Income From Continuing And Discontinued Operation": 455000000.0,
        "Total Expenses": 2366000000.0,
        "Diluted Average Shares": 419500000.0,
        "Basic Average Shares": 417900000.0,
        "Diluted EPS": 1.08,
        "Basic EPS": 1.09,
        "Diluted NI Availto Com Stockholders": 455000000.0,
        "Net Income Common Stockholders": 455000000.0,
        "Net Income": 455000000.0,
        "Minority Interests": -10000000.0,
        "Net Income Including Noncontrolling Interests": 465000000.0,
        "Net Income Discontinuous Operations": 12000000.0,
        "Net Income Continuous Operations": 453000000.0,
        "Tax Provision": 99000000.0,
        "Pretax Income": 552000000.0,
        "Other Income Expense": 129000000.0,
        "Other Non Operating Income Expenses": 9000000.0,
        "Special Income Charges": -61000000.0,
        "Gain On Sale Of Business": 3000000.0,
        "Other Special Charges": NaN,
        "Write Off": NaN,
        "Impairment Of Capital Assets": NaN,
        "Restructuring And Mergern Acquisition": 64000000.0,
        "Earnings From Equity Interest": 7000000.0,
        "Gain On Sale Of Security": 174000000.0,
        "Net Non Operating Interest Income Expense": -73000000.0,
        "Interest Expense Non Operating": 87000000.0,
        "Interest Income Non Operating": 14000000.0,
        "Operating Income": 496000000.0,
        "Operating Expense": 627000000.0,
        "Depreciation Amortization Depletion Income Statement": 132000000.0,
        "Depreciation And Amortization In Income Statement": 132000000.0,
        "Amortization": 132000000.0,
        "Amortization Of Intangibles Income Statement": 132000000.0,
        "Research And Development": 127000000.0,
        "Selling General And Administration": 368000000.0,
        "General And Administrative Expense": NaN,
        "Other Gand A": NaN,
        "Salaries And Wages": NaN,
        "Gross Profit": 1123000000.0,
        "Cost Of Revenue": 1739000000.0,
        "Total Revenue": 2862000000.0,
        "Operating Revenue": 2862000000.0
    },
    "2024-12-31": {
        "Tax Effect Of Unusual Items": -81690000.0,
        "Tax Rate For Calcs": 0.21,
        "Normalized EBITDA": 815000000.0,
        "Total Unusual Items": -389000000.0,
        "Total Unusual Items Excluding Goodwill": -389000000.0,
        "Net Income From Continuing Operation Net Minority Interest": -73000000.0,
        "Reconciled Depreciation": 299000000.0,
        "Reconciled Cost Of Revenue": 1814000000.0,
        "EBITDA": 426000000.0,
        "EBIT": 127000000.0,
        "Net Interest Income": -66000000.0,
        "Interest Expense": 84000000.0,
        "Interest Income": 18000000.0,
        "Normalized Income": 234310000.0,
        "Net Income From Continuing And Discontinued Operation": -118000000.0,
        "Total Expenses": 2614000000.0,
        "Diluted Average Shares": 418300000.0,
        "Basic Average Shares": 418300000.0,
        "Diluted EPS": -0.28,
        "Basic EPS": -0.28,
        "Diluted NI Availto Com Stockholders": -118000000.0,
        "Net Income Common Stockholders": -118000000.0,
        "Net Income": -118000000.0,
        "Minority Interests": -12000000.0,
        "Net Income Including Noncontrolling Interests": -106000000.0,
        "Net Income Discontinuous Operations": -45000000.0,
        "Net Income Continuous Operations": -61000000.0,
        "Tax Provision": 104000000.0,
        "Pretax Income": 43000000.0,
        "Other Income Expense": -369000000.0,
        "Other Non Operating Income Expenses": 9000000.0,
        "Special Income Charges": -121000000.0,
        "Gain On Sale Of Business": 15000000.0,
        "Other Special Charges": 0.0,
        "Write Off": NaN,
        "Impairment Of Capital Assets": NaN,
        "Restructuring And Mergern Acquisition": 136000000.0,
        "Earnings From Equity Interest": 11000000.0,
        "Gain On Sale Of Security": -268000000.0,
        "Net Non Operating Interest Income Expense": -66000000.0,
        "Interest Expense Non Operating": 84000000.0,
        "Interest Income Non Operating": 18000000.0,
        "Operating Income": 478000000.0,
        "Operating Expense": 647000000.0,
        "Depreciation Amortization Depletion Income Statement": 146000000.0,
        "Depreciation And Amortization In Income Statement": 146000000.0,
        "Amortization": 146000000.0,
        "Amortization Of Intangibles Income Statement": 146000000.0,
        "Research And Development": 138000000.0,
        "Selling General And Administration": 363000000.0,
        "General And Administrative Expense": NaN,
        "Other Gand A": NaN,
        "Salaries And Wages": NaN,
        "Gross Profit": 1125000000.0,
        "Cost Of Revenue": 1967000000.0,
        "Total Revenue": 3092000000.0,
        "Operating Revenue": 3092000000.0
    },
    "2025-03-31": {
        "Tax Effect Of Unusual Items": -181650000.0,
        "Tax Rate For Calcs": 0.21,
        "Normalized EBITDA": 812000000.0,
        "Total Unusual Items": -865000000.0,
        "Total Unusual Items Excluding Goodwill": -865000000.0,
        "Net Income From Continuing Operation Net Minority Interest": -555000000.0,
        "Reconciled Depreciation": 293000000.0,
        "Reconciled Cost Of Revenue": 1773000000.0,
        "EBITDA": -53000000.0,
        "EBIT": -346000000.0,
        "Net Interest Income": -62000000.0,
        "Interest Expense": 83000000.0,
        "Interest Income": 21000000.0,
        "Normalized Income": 128350000.0,
        "Net Income From Continuing And Discontinued Operation": -589000000.0,
        "Total Expenses": 2572000000.0,
        "Diluted Average Shares": 418500000.0,
        "Basic Average Shares": 418500000.0,
        "Diluted EPS": -1.41,
        "Basic EPS": -1.41,
        "Diluted NI Availto Com Stockholders": -589000000.0,
        "Net Income Common Stockholders": -589000000.0,
        "Net Income": -589000000.0,
        "Minority Interests": -7000000.0,
        "Net Income Including Noncontrolling Interests": -582000000.0,
        "Net Income Discontinuous Operations": -34000000.0,
        "Net Income Continuous Operations": -548000000.0,
        "Tax Provision": 119000000.0,
        "Pretax Income": -429000000.0,
        "Other Income Expense": -861000000.0,
        "Other Non Operating Income Expenses": 5000000.0,
        "Special Income Charges": -940000000.0,
        "Gain On Sale Of Business": 0.0,
        "Other Special Charges": NaN,
        "Write Off": 47000000.0,
        "Impairment Of Capital Assets": 768000000.0,
        "Restructuring And Mergern Acquisition": 125000000.0,
        "Earnings From Equity Interest": -1000000.0,
        "Gain On Sale Of Security": 75000000.0,
        "Net Non Operating Interest Income Expense": -62000000.0,
        "Interest Expense Non Operating": 83000000.0,
        "Interest Income Non Operating": 21000000.0,
        "Operating Income": 494000000.0,
        "Operating Expense": 652000000.0,
        "Depreciation Amortization Depletion Income Statement": 146000000.0,
        "Depreciation And Amortization In Income Statement": 146000000.0,
        "Amortization": 146000000.0,
        "Amortization Of Intangibles Income Statement": 146000000.0,
        "Research And Development": 137000000.0,
        "Selling General And Administration": 369000000.0,
        "General And Administrative Expense": NaN,
        "Other Gand A": NaN,
        "Salaries And Wages": NaN,
        "Gross Profit": 1146000000.0,
        "Cost Of Revenue": 1920000000.0,
        "Total Revenue": 3066000000.0,
        "Operating Revenue": 3066000000.0
    },
    "2025-06-30": {
        "Tax Effect Of Unusual Items": -44622000.0,
        "Tax Rate For Calcs": 0.222,
        "Normalized EBITDA": 887000000.0,
        "Total Unusual Items": -201000000.0,
        "Total Unusual Items Excluding Goodwill": -201000000.0,
        "Net Income From Continuing Operation Net Minority Interest": 227000000.0,
        "Reconciled Depreciation": 296000000.0,
        "Reconciled Cost Of Revenue": 1885000000.0,
        "EBITDA": 686000000.0,
        "EBIT": 390000000.0,
        "Net Interest Income": -64000000.0,
        "Interest Expense": 84000000.0,
        "Interest Income": 20000000.0,
        "Normalized Income": 383378000.0,
        "Net Income From Continuing And Discontinued Operation": 59000000.0,
        "Total Expenses": 2728000000.0,
        "Diluted Average Shares": 419700000.0,
        "Basic Average Shares": 418900000.0,
        "Diluted EPS": 0.14,
        "Basic EPS": 0.14,
        "Diluted NI Availto Com Stockholders": 59000000.0,
        "Net Income Common Stockholders": 59000000.0,
        "Net Income": 59000000.0,
        "Minority Interests": -11000000.0,
        "Net Income Including Noncontrolling Interests": 70000000.0,
        "Net Income Discontinuous Operations": -168000000.0,
        "Net Income Continuous Operations": 238000000.0,
        "Tax Provision": 68000000.0,
        "Pretax Income": 306000000.0,
        "Other Income Expense": -159000000.0,
        "Other Non Operating Income Expenses": 12000000.0,
        "Special Income Charges": -156000000.0,
        "Gain On Sale Of Business": NaN,
        "Other Special Charges": NaN,
        "Write Off": NaN,
        "Impairment Of Capital Assets": 0.0,
        "Restructuring And Mergern Acquisition": 156000000.0,
        "Earnings From Equity Interest": 30000000.0,
        "Gain On Sale Of Security": -45000000.0,
        "Net Non Operating Interest Income Expense": -64000000.0,
        "Interest Expense Non Operating": 84000000.0,
        "Interest Income Non Operating": 20000000.0,
        "Operating Income": 529000000.0,
        "Operating Expense": 687000000.0,
        "Depreciation Amortization Depletion Income Statement": 140000000.0,
        "Depreciation And Amortization In Income Statement": 140000000.0,
        "Amortization": 140000000.0,
        "Amortization Of Intangibles Income Statement": 140000000.0,
        "Research And Development": 142000000.0,
        "Selling General And Administration": 405000000.0,
        "General And Administrative Expense": NaN,
        "Other Gand A": NaN,
        "Salaries And Wages": NaN,
        "Gross Profit": 1216000000.0,
        "Cost Of Revenue": 2041000000.0,
        "Total Revenue": 3257000000.0,
        "Operating Revenue": 3257000000.0
    },
    "2025-09-30": {
        "Tax Effect Of Unusual Items": -9802000.0,
        "Tax Rate For Calcs": 0.058,
        "Normalized EBITDA": 778000000.0,
        "Total Unusual Items": -169000000.0,
        "Total Unusual Items Excluding Goodwill": -169000000.0,
        "Net Income From Continuing Operation Net Minority Interest": 292000000.0,
        "Reconciled Depreciation": 183000000.0,
        "Reconciled Cost Of Revenue": 1815000000.0,
        "EBITDA": 609000000.0,
        "EBIT": 426000000.0,
        "Net Interest Income": -72000000.0,
        "Interest Expense": 99000000.0,
        "Interest Income": 27000000.0,
        "Normalized Income": 451198000.0,
        "Net Income From Continuing And Discontinued Operation": -123000000.0,
        "Total Expenses": 2525000000.0,
        "Diluted Average Shares": 420100000.0,
        "Basic Average Shares": 419000000.0,
        "Diluted EPS": -0.29,
        "Basic EPS": -0.29,
        "Diluted NI Availto Com Stockholders": -123000000.0,
        "Net Income Common Stockholders": -123000000.0,
        "Net Income": -123000000.0,
        "Minority Interests": -16000000.0,
        "Net Income Including Noncontrolling Interests": -107000000.0,
        "Net Income Discontinuous Operations": -415000000.0,
        "Net Income Continuous Operations": 308000000.0,
        "Tax Provision": 19000000.0,
        "Pretax Income": 327000000.0,
        "Other Income Expense": -148000000.0,
        "Other Non Operating Income Expenses": 7000000.0,
        "Special Income Charges": -155000000.0,
        "Gain On Sale Of Business": 4000000.0,
        "Other Special Charges": NaN,
        "Write Off": NaN,
        "Impairment Of Capital Assets": NaN,
        "Restructuring And Mergern Acquisition": 159000000.0,
        "Earnings From Equity Interest": 14000000.0,
        "Gain On Sale Of Security": -14000000.0,
        "Net Non Operating Interest Income Expense": -72000000.0,
        "Interest Expense Non Operating": 99000000.0,
        "Interest Income Non Operating": 27000000.0,
        "Operating Income": 547000000.0,
        "Operating Expense": 648000000.0,
        "Depreciation Amortization Depletion Income Statement": 121000000.0,
        "Depreciation And Amortization In Income Statement": 121000000.0,
        "Amortization": 121000000.0,
        "Amortization Of Intangibles Income Statement": 121000000.0,
        "Research And Development": 140000000.0,
        "Selling General And Administration": 387000000.0,
        "General And Administrative Expense": NaN,
        "Other Gand A": NaN,
        "Salaries And Wages": NaN,
        "Gross Profit": 1195000000.0,
        "Cost Of Revenue": 1877000000.0,
        "Total Revenue": 3072000000.0,
        "Operating Revenue": 3072000000.0
    }
}