{
    "2023-04-30": {
        "Tax Effect Of Unusual Items": NaN,
        "Tax Rate For Calcs": NaN,
        "Normalized EBITDA": NaN,
        "Total Unusual Items": NaN,
        "Total Unusual Items Excluding Goodwill": NaN,
        "Net Income From Continuing Operation Net Minority Interest": NaN,
        "Reconciled Depreciation": NaN,
        "Reconciled Cost Of Revenue": NaN,
        "EBITDA": NaN,
        "EBIT": NaN,
        "Net Interest Income": NaN,
        "Interest Expense": 228000.0,
        "Interest Income": NaN,
        "Normalized Income": NaN,
        "Net Income From Continuing And Discontinued Operation": NaN,
        "Total Expenses": NaN,
        "Rent Expense Supplemental": NaN,
        "Diluted Average Shares": NaN,
        "Basic Average Shares": NaN,
        "Diluted EPS": NaN,
        "Basic EPS": NaN,
        "Diluted NI Availto Com Stockholders": NaN,
        "Net Income Common Stockholders": NaN,
        "Net Income": NaN,
        "Net Income Including Noncontrolling Interests": NaN,
        "Net Income Continuous Operations": NaN,
        "Tax Provision": NaN,
        "Pretax Income": NaN,
        "Other Income Expense": NaN,
        "Other Non Operating Income Expenses": NaN,
        "Special Income Charges": NaN,
        "Gain On Sale Of Ppe": NaN,
        "Net Non Operating Interest Income Expense": NaN,
        "Total Other Finance Cost": NaN,
        "Interest Expense Non Operating": 228000.0,
        "Interest Income Non Operating": NaN,
        "Operating Income": NaN,
        "Operating Expense": NaN,
        "Depreciation Amortization Depletion Income Statement": NaN,
        "Depreciation And Amortization In Income Statement": NaN,
        "Selling General And Administration": NaN,
        "General And Administrative Expense": NaN,
        "Other Gand A": NaN,
        "Rent And Landing Fees": NaN,
        "Gross Profit": NaN,
        "Cost Of Revenue": NaN,
        "Total Revenue": NaN,
        "Operating Revenue": NaN
    },
    "2023-01-31": {
        "Tax Effect Of Unusual Items": NaN,
        "Tax Rate For Calcs": NaN,
        "Normalized EBITDA": NaN,
        "Total Unusual Items": NaN,
        "Total Unusual Items Excluding Goodwill": NaN,
        "Net Income From Continuing Operation Net Minority Interest": NaN,
        "Reconciled Depreciation": NaN,
        "Reconciled Cost Of Revenue": NaN,
        "EBITDA": NaN,
        "EBIT": NaN,
        "Net Interest Income": NaN,
        "Interest Expense": 10446000.0,
        "Interest Income": NaN,
        "Normalized Income": NaN,
        "Net Income From Continuing And Discontinued Operation": NaN,
        "Total Expenses": NaN,
        "Rent Expense Supplemental": NaN,
        "Diluted Average Shares": NaN,
        "Basic Average Shares": NaN,
        "Diluted EPS": NaN,
        "Basic EPS": NaN,
        "Diluted NI Availto Com Stockholders": NaN,
        "Net Income Common Stockholders": NaN,
        "Net Income": NaN,
        "Net Income Including Noncontrolling Interests": NaN,
        "Net Income Continuous Operations": NaN,
        "Tax Provision": NaN,
        "Pretax Income": NaN,
        "Other Income Expense": NaN,
        "Other Non Operating Income Expenses": NaN,
        "Special Income Charges": NaN,
        "Gain On Sale Of Ppe": NaN,
        "Net Non Operating Interest Income Expense": NaN,
        "Total Other Finance Cost": NaN,
        "Interest Expense Non Operating": 10446000.0,
        "Interest Income Non Operating": NaN,
        "Operating Income": NaN,
        "Operating Expense": NaN,
        "Depreciation Amortization Depletion Income Statement": NaN,
        "Depreciation And Amortization In Income Statement": NaN,
        "Selling General And Administration": NaN,
        "General And Administrative Expense": NaN,
        "Other Gand A": NaN,
        "Rent And Landing Fees": NaN,
        "Gross Profit": NaN,
        "Cost Of Revenue": NaN,
        "Total Revenue": NaN,
        "Operating Revenue": NaN
    },
    "2022-10-31": {
        "Tax Effect Of Unusual Items": NaN,
        "Tax Rate For Calcs": NaN,
        "Normalized EBITDA": NaN,
        "Total Unusual Items": NaN,
        "Total Unusual Items Excluding Goodwill": NaN,
        "Net Income From Continuing Operation Net Minority Interest": NaN,
        "Reconciled Depreciation": NaN,
        "Reconciled Cost Of Revenue": NaN,
        "EBITDA": NaN,
        "EBIT": NaN,
        "Net Interest Income": NaN,
        "Interest Expense": 6984000.0,
        "Interest Income": NaN,
        "Normalized Income": NaN,
        "Net Income From Continuing And Discontinued Operation": NaN,
        "Total Expenses": NaN,
        "Rent Expense Supplemental": NaN,
        "Diluted Average Shares": NaN,
        "Basic Average Shares": NaN,
        "Diluted EPS": NaN,
        "Basic EPS": NaN,
        "Diluted NI Availto Com Stockholders": NaN,
        "Net Income Common Stockholders": NaN,
        "Net Income": NaN,
        "Net Income Including Noncontrolling Interests": NaN,
        "Net Income Continuous Operations": NaN,
        "Tax Provision": NaN,
        "Pretax Income": NaN,
        "Other Income Expense": NaN,
        "Other Non Operating Income Expenses": NaN,
        "Special Income Charges": NaN,
        "Gain On Sale Of Ppe": NaN,
        "Net Non Operating Interest Income Expense": NaN,
        "Total Other Finance Cost": NaN,
        "Interest Expense Non Operating": 6984000.0,
        "Interest Income Non Operating": NaN,
        "Operating Income": NaN,
        "Operating Expense": NaN,
        "Depreciation Amortization Depletion Income Statement": NaN,
        "Depreciation And Amortization In Income Statement": NaN,
        "Selling General And Administration": NaN,
        "General And Administrative Expense": NaN,
        "Other Gand A": NaN,
        "Rent And Landing Fees": NaN,
        "Gross Profit": NaN,
        "Cost Of Revenue": NaN,
        "Total Revenue": NaN,
        "Operating Revenue": NaN
    },
    "2022-07-31": {
        "Tax Effect Of Unusual Items": 0.0,
        "Tax Rate For Calcs": 0.223753,
        "Normalized EBITDA": 268500000.0,
        "Total Unusual Items": 0.0,
        "Total Unusual Items Excluding Goodwill": 0.0,
        "Net Income From Continuing Operation Net Minority Interest": 163400000.0,
        "Reconciled Depreciation": 48300000.0,
        "Reconciled Cost Of Revenue": 940800000.0,
        "EBITDA": 268500000.0,
        "EBIT": 220200000.0,
        "Net Interest Income": -9700000.0,
        "Interest Expense": 9700000.0,
        "Interest Income": NaN,
        "Normalized Income": 163400000.0,
        "Net Income From Continuing And Discontinued Operation": 163400000.0,
        "Total Expenses": 1395700000.0,
        "Rent Expense Supplemental": 5300000.0,
        "Diluted Average Shares": 17583000.0,
        "Basic Average Shares": 17583000.0,
        "Diluted EPS": 9.3,
        "Basic EPS": 9.3,
        "Diluted NI Availto Com Stockholders": 163400000.0,
        "Net Income Common Stockholders": 163400000.0,
        "Net Income": 163400000.0,
        "Net Income Including Noncontrolling Interests": 163400000.0,
        "Net Income Continuous Operations": 163400000.0,
        "Tax Provision": 47100000.0,
        "Pretax Income": 210500000.0,
        "Other Income Expense": -2000000.0,
        "Other Non Operating Income Expenses": -2000000.0,
        "Special Income Charges": 0.0,
        "Gain On Sale Of Ppe": 0.0,
        "Net Non Operating Interest Income Expense": -9700000.0,
        "Interest Expense Non Operating": 9700000.0,
        "Interest Income Non Operating": NaN,
        "Operating Income": 222200000.0,
        "Operating Expense": 454500000.0,
        "Depreciation Amortization Depletion Income Statement": 47900000.0,
        "Depreciation And Amortization In Income Statement": 47900000.0,
        "Selling General And Administration": 406600000.0,
        "General And Administrative Expense": 406600000.0,
        "Other Gand A": 401300000.0,
        "Rent And Landing Fees": 5300000.0,
        "Gross Profit": 676700000.0,
        "Cost Of Revenue": 941200000.0,
        "Total Revenue": 1617900000.0,
        "Operating Revenue": 1617900000.0
    },
    "2022-04-30": {
        "Diluted EPS": 13.68,
        "Total Revenue": NaN,
        "Gross Profit": 781,
        "Operating Income": 329,
        "EBIT": 376,
        "Net Income": 251
    },
    "2022-01-31": {
        "Diluted EPS": 16.01,
        "Total Revenue": NaN,
        "Gross Profit": 903,
        "Operating Income": 402,
        "EBIT": 455,
        "Net Income": 321
    },
    "2021-10-31": {
        "Diluted EPS": 9.81,
        "Total Revenue": NaN,
        "Gross Profit": 716,
        "Operating Income": 267,
        "EBIT": 318,
        "Net Income": 197
    },
    "2021-07-31": {
        "Diluted EPS": 8.81,
        "Total Revenue": NaN,
        "Gross Profit": 674,
        "Operating Income": 253,
        "EBIT": 304,
        "Net Income": 186
    },
    "2021-04-30": {
        "Diluted EPS": 7.25,
        "Total Revenue": NaN,
        "Gross Profit": 583,
        "Operating Income": 195,
        "EBIT": 243,
        "Net Income": 158
    },
    "2021-01-31": {
        "Diluted EPS": 2.72,
        "Total Revenue": NaN,
        "Gross Profit": 532,
        "Operating Income": 132,
        "EBIT": 191,
        "Net Income": 67
    },
    "2020-10-31": {
        "Diluted EPS": 1.43,
        "Total Revenue": NaN,
        "Gross Profit": 393,
        "Operating Income": 17,
        "EBIT": 71,
        "Net Income": 32
    },
    "2020-07-31": {
        "Diluted EPS": -0.37,
        "Total Revenue": 945,
        "Gross Profit": 305,
        "Operating Income": -18,
        "EBIT": 33,
        "Net Income": -9
    },
    "2020-04-30": {
        "Diluted EPS": -6.94,
        "Total Revenue": 822,
        "Gross Profit": 133,
        "Operating Income": -214,
        "EBIT": -162,
        "Net Income": -162
    },
    "2020-01-31": {
        "Diluted EPS": 2.76,
        "Total Revenue": NaN,
        "Gross Profit": 613,
        "Operating Income": 87,
        "EBIT": 147,
        "Net Income": 68
    },
    "2019-10-31": {
        "Diluted EPS": 0.22,
        "Total Revenue": NaN,
        "Gross Profit": 497,
        "Operating Income": 17,
        "EBIT": 73,
        "Net Income": 5
    },
    "2019-07-31": {
        "Diluted EPS": -1.59,
        "Total Revenue": NaN,
        "Gross Profit": 427,
        "Operating Income": -43,
        "EBIT": 12,
        "Net Income": -41
    },
    "2019-04-30": {
        "Diluted EPS": 2.99,
        "Total Revenue": NaN,
        "Gross Profit": 570,
        "Operating Income": 107,
        "EBIT": 159,
        "Net Income": 79
    },
    "2019-01-31": {
        "Diluted EPS": 3.17,
        "Total Revenue": NaN,
        "Gross Profit": 641,
        "Operating Income": 118,
        "EBIT": 174,
        "Net Income": 85
    },
    "2018-10-31": {
        "Diluted EPS": 0.27,
        "Total Revenue": NaN,
        "Gross Profit": 500,
        "Operating Income": 19,
        "EBIT": 75,
        "Net Income": 7
    },
    "2018-07-31": {
        "Diluted EPS": -0.1,
        "Total Revenue": NaN,
        "Gross Profit": 484,
        "Operating Income": 12,
        "EBIT": 69,
        "Net Income": -3
    },
    "2018-04-30": {
        "Diluted EPS": 2.89,
        "Total Revenue": NaN,
        "Gross Profit": 588,
        "Operating Income": 119,
        "EBIT": 176,
        "Net Income": 81
    },
    "2018-01-31": {
        "Diluted EPS": 5.47,
        "Total Revenue": NaN,
        "Gross Profit": 677,
        "Operating Income": 134,
        "EBIT": 189,
        "Net Income": 158
    },
    "2017-10-31": {
        "Diluted EPS": 0.5,
        "Total Revenue": NaN,
        "Gross Profit": 507,
        "Operating Income": 34,
        "EBIT": 92,
        "Net Income": 15
    },
    "2017-07-31": {
        "Diluted EPS": -0.58,
        "Total Revenue": NaN,
        "Gross Profit": 457,
        "Operating Income": -9,
        "EBIT": 51,
        "Net Income": -17
    },
    "2017-04-30": {
        "Diluted EPS": 2.12,
        "Total Revenue": NaN,
        "Gross Profit": 583,
        "Operating Income": 120,
        "EBIT": 181,
        "Net Income": 66
    },
    "2017-01-31": {
        "Diluted EPS": 1.74,
        "Total Revenue": NaN,
        "Gross Profit": 628,
        "Operating Income": 115,
        "EBIT": 178,
        "Net Income": 57
    },
    "2016-10-31": {
        "Diluted EPS": 0.67,
        "Total Revenue": NaN,
        "Gross Profit": 528,
        "Operating Income": 51,
        "EBIT": 112,
        "Net Income": 23
    },
    "2016-07-31": {
        "Diluted EPS": 0.35,
        "Total Revenue": NaN,
        "Gross Profit": 495,
        "Operating Income": 34,
        "EBIT": 95,
        "Net Income": 12
    },
    "2016-04-30": {
        "Diluted EPS": 2.17,
        "Total Revenue": NaN,
        "Gross Profit": 600,
        "Operating Income": 135,
        "EBIT": 196,
        "Net Income": 77
    },
    "2016-01-31": {
        "Diluted EPS": 2.31,
        "Total Revenue": NaN,
        "Gross Profit": 660,
        "Operating Income": 139,
        "EBIT": 202,
        "Net Income": 84
    },
    "2015-10-31": {
        "Diluted EPS": 1.19,
        "Total Revenue": NaN,
        "Gross Profit": 560,
        "Operating Income": 76,
        "EBIT": 142,
        "Net Income": 46
    },
    "2015-07-31": {
        "Diluted EPS": 0.75,
        "Total Revenue": NaN,
        "Gross Profit": 531,
        "Operating Income": 60,
        "EBIT": 121,
        "Net Income": 30
    },
    "2015-04-30": {
        "Diluted EPS": 2.66,
        "Total Revenue": NaN,
        "Gross Profit": 653,
        "Operating Income": 183,
        "EBIT": 244,
        "Net Income": 110
    },
    "2015-01-31": {
        "Diluted EPS": 3.13,
        "Total Revenue": NaN,
        "Gross Profit": 747,
        "Operating Income": 216,
        "EBIT": 280,
        "Net Income": 130
    },
    "2014-10-31": {
        "Diluted EPS": 1.3,
        "Total Revenue": NaN,
        "Gross Profit": 575,
        "Operating Income": 94,
        "EBIT": 157,
        "Net Income": 55
    },
    "2014-07-31": {
        "Diluted EPS": 0.8,
        "Total Revenue": NaN,
        "Gross Profit": 537,
        "Operating Income": 68,
        "EBIT": 131,
        "Net Income": 34
    },
    "2014-04-30": {
        "Diluted EPS": 2.56,
        "Total Revenue": NaN,
        "Gross Profit": 649,
        "Operating Income": 188,
        "EBIT": 250,
        "Net Income": 112
    },
    "2014-01-31": {
        "Diluted EPS": 2.68,
        "Total Revenue": NaN,
        "Gross Profit": 707,
        "Operating Income": 197,
        "EBIT": 258,
        "Net Income": 119
    },
    "2013-10-31": {
        "Diluted EPS": 1.13,
        "Total Revenue": NaN,
        "Gross Profit": 570,
        "Operating Income": 94,
        "EBIT": 160,
        "Net Income": 51
    },
    "2013-07-31": {
        "Diluted EPS": 0.79,
        "Total Revenue": NaN,
        "Gross Profit": 540,
        "Operating Income": 72,
        "EBIT": 137,
        "Net Income": 36
    },
    "2013-04-30": {
        "Diluted EPS": 2.5,
        "Total Revenue": NaN,
        "Gross Profit": 652,
        "Operating Income": 191,
        "EBIT": 256,
        "Net Income": 117
    },
    "2013-01-31": {
        "Diluted EPS": 3.34,
        "Total Revenue": NaN,
        "Gross Profit": 771,
        "Operating Income": 221,
        "EBIT": 287,
        "Net Income": 161
    },
    "2012-10-31": {
        "Diluted EPS": 1.01,
        "Total Revenue": NaN,
        "Gross Profit": 567,
        "Operating Income": 89,
        "EBIT": 155,
        "Net Income": 49
    },
    "2012-07-31": {
        "Diluted EPS": 0.63,
        "Total Revenue": NaN,
        "Gross Profit": 537,
        "Operating Income": 66,
        "EBIT": 130,
        "Net Income": 31
    },
    "2012-04-30": {
        "Diluted EPS": 1.89,
        "Total Revenue": NaN,
        "Gross Profit": 629,
        "Operating Income": 164,
        "EBIT": 228,
        "Net Income": 95
    },
    "2012-01-31": {
        "Diluted EPS": 2.58,
        "Total Revenue": NaN,
        "Gross Profit": 709,
        "Operating Income": 190,
        "EBIT": 255,
        "Net Income": 141
    },
    "2011-10-31": {
        "Diluted EPS": 4.31,
        "Total Revenue": NaN,
        "Gross Profit": 537,
        "Operating Income": 56,
        "EBIT": 121,
        "Net Income": 228
    },
    "2011-07-31": {
        "Diluted EPS": 0.32,
        "Total Revenue": NaN,
        "Gross Profit": 513,
        "Operating Income": 40,
        "EBIT": 105,
        "Net Income": 18
    },
    "2011-04-30": {
        "Diluted EPS": 1.31,
        "Total Revenue": NaN,
        "Gross Profit": 600,
        "Operating Income": 135,
        "EBIT": 200,
        "Net Income": 77
    },
    "2011-01-31": {
        "Diluted EPS": 1.67,
        "Total Revenue": NaN,
        "Gross Profit": 703,
        "Operating Income": 179,
        "EBIT": 248,
        "Net Income": 110
    },
    "2010-10-31": {
        "Diluted EPS": 0.22,
        "Total Revenue": NaN,
        "Gross Profit": 516,
        "Operating Income": 40,
        "EBIT": 106,
        "Net Income": 14
    },
    "2010-07-31": {
        "Diluted EPS": 0.1,
        "Total Revenue": NaN,
        "Gross Profit": 490,
        "Operating Income": 22,
        "EBIT": 87,
        "Net Income": 7
    },
    "2010-04-30": {
        "Diluted EPS": 0.68,
        "Total Revenue": NaN,
        "Gross Profit": 568,
        "Operating Income": 98,
        "EBIT": 162,
        "Net Income": 49
    },
    "2010-01-31": {
        "Diluted EPS": 1.08,
        "Total Revenue": NaN,
        "Gross Profit": 646,
        "Operating Income": 134,
        "EBIT": 200,
        "Net Income": 80
    },
    "2009-10-31": {
        "Diluted EPS": 0.11,
        "Total Revenue": NaN,
        "Gross Profit": 498,
        "Operating Income": 15,
        "EBIT": 82,
        "Net Income": 8
    },
    "2009-07-31": {
        "Diluted EPS": -0.36,
        "Total Revenue": NaN,
        "Gross Profit": 454,
        "Operating Income": -23,
        "EBIT": 44,
        "Net Income": -27
    },
    "2009-04-30": {
        "Diluted EPS": 0.1,
        "Total Revenue": NaN,
        "Gross Profit": 526,
        "Operating Income": 31,
        "EBIT": 97,
        "Net Income": 8
    },
    "2009-01-31": {
        "Diluted EPS": -2.02,
        "Total Revenue": NaN,
        "Gross Profit": 549,
        "Operating Income": -23,
        "EBIT": 50,
        "Net Income": -149
    },
    "2023-07-31": {
        "Tax Effect Of Unusual Items": NaN,
        "Tax Rate For Calcs": NaN,
        "Normalized EBITDA": NaN,
        "Total Unusual Items": NaN,
        "Total Unusual Items Excluding Goodwill": NaN,
        "Net Income From Continuing Operation Net Minority Interest": NaN,
        "Reconciled Depreciation": NaN,
        "Reconciled Cost Of Revenue": NaN,
        "EBITDA": NaN,
        "EBIT": NaN,
        "Net Interest Income": NaN,
        "Interest Expense": 275000.0,
        "Interest Income": NaN,
        "Normalized Income": NaN,
        "Net Income From Continuing And Discontinued Operation": NaN,
        "Total Expenses": NaN,
        "Rent Expense Supplemental": NaN,
        "Diluted Average Shares": NaN,
        "Basic Average Shares": NaN,
        "Diluted EPS": NaN,
        "Basic EPS": NaN,
        "Diluted NI Availto Com Stockholders": NaN,
        "Net Income Common Stockholders": NaN,
        "Net Income": NaN,
        "Net Income Including Noncontrolling Interests": NaN,
        "Net Income Continuous Operations": NaN,
        "Tax Provision": NaN,
        "Pretax Income": NaN,
        "Other Income Expense": NaN,
        "Other Non Operating Income Expenses": NaN,
        "Special Income Charges": NaN,
        "Gain On Sale Of Ppe": NaN,
        "Net Non Operating Interest Income Expense": NaN,
        "Total Other Finance Cost": NaN,
        "Interest Expense Non Operating": 275000.0,
        "Interest Income Non Operating": NaN,
        "Operating Income": NaN,
        "Operating Expense": NaN,
        "Depreciation Amortization Depletion Income Statement": NaN,
        "Depreciation And Amortization In Income Statement": NaN,
        "Selling General And Administration": NaN,
        "General And Administrative Expense": NaN,
        "Other Gand A": NaN,
        "Rent And Landing Fees": NaN,
        "Gross Profit": NaN,
        "Cost Of Revenue": NaN,
        "Total Revenue": NaN,
        "Operating Revenue": NaN
    },
    "2023-10-31": {
        "Tax Effect Of Unusual Items": NaN,
        "Tax Rate For Calcs": NaN,
        "Normalized EBITDA": NaN,
        "Total Unusual Items": NaN,
        "Total Unusual Items Excluding Goodwill": NaN,
        "Net Income From Continuing Operation Net Minority Interest": NaN,
        "Reconciled Depreciation": NaN,
        "Reconciled Cost Of Revenue": NaN,
        "EBITDA": NaN,
        "EBIT": NaN,
        "Net Interest Income": NaN,
        "Interest Income": 1790000.0,
        "Normalized Income": NaN,
        "Net Income From Continuing And Discontinued Operation": NaN,
        "Total Expenses": NaN,
        "Rent Expense Supplemental": NaN,
        "Diluted Average Shares": 16400000.0,
        "Basic Average Shares": 16400000.0,
        "Diluted EPS": 9.49,
        "Basic EPS": 9.49,
        "Diluted NI Availto Com Stockholders": NaN,
        "Net Income Common Stockholders": NaN,
        "Net Income": NaN,
        "Net Income Including Noncontrolling Interests": NaN,
        "Net Income Continuous Operations": NaN,
        "Tax Provision": NaN,
        "Pretax Income": NaN,
        "Other Income Expense": NaN,
        "Other Non Operating Income Expenses": NaN,
        "Special Income Charges": NaN,
        "Gain On Sale Of Ppe": NaN,
        "Net Non Operating Interest Income Expense": NaN,
        "Total Other Finance Cost": NaN,
        "Interest Income Non Operating": 1790000.0,
        "Operating Income": NaN,
        "Operating Expense": NaN,
        "Depreciation Amortization Depletion Income Statement": NaN,
        "Depreciation And Amortization In Income Statement": NaN,
        "Selling General And Administration": NaN,
        "General And Administrative Expense": NaN,
        "Other Gand A": NaN,
        "Rent And Landing Fees": NaN,
        "Gross Profit": NaN,
        "Cost Of Revenue": NaN,
        "Total Revenue": NaN,
        "Operating Revenue": NaN
    },
    "2024-01-31": {
        "Tax Effect Of Unusual Items": 5328.281398,
        "Tax Rate For Calcs": 0.113368,
        "Normalized EBITDA": 361273000.0,
        "Total Unusual Items": 47000.0,
        "Total Unusual Items Excluding Goodwill": 47000.0,
        "Net Income From Continuing Operation Net Minority Interest": 250502000.0,
        "Reconciled Depreciation": 44700000.0,
        "Reconciled Cost Of Revenue": 1346076000.0,
        "EBITDA": 361320000.0,
        "EBIT": 316620000.0,
        "Net Interest Income": 3065000.0,
        "Interest Income": 43705000.0,
        "Normalized Income": 250460328.281398,
        "Net Income From Continuing And Discontinued Operation": 250502000.0,
        "Total Expenses": 1874743000.0,
        "Rent Expense Supplemental": 7295000.0,
        "Diluted Average Shares": 16200000.0,
        "Basic Average Shares": 16200000.0,
        "Diluted EPS": 15.44,
        "Basic EPS": 15.44,
        "Diluted NI Availto Com Stockholders": 250502000.0,
        "Net Income Common Stockholders": 250502000.0,
        "Net Income": 250502000.0,
        "Net Income Including Noncontrolling Interests": 250502000.0,
        "Net Income Continuous Operations": 250502000.0,
        "Tax Provision": 32030000.0,
        "Pretax Income": 282532000.0,
        "Other Income Expense": -4651000.0,
        "Other Non Operating Income Expenses": -4698000.0,
        "Special Income Charges": 47000.0,
        "Gain On Sale Of Ppe": 47000.0,
        "Net Non Operating Interest Income Expense": 3065000.0,
        "Total Other Finance Cost": NaN,
        "Interest Income Non Operating": 43705000.0,
        "Operating Income": 284118000.0,
        "Operating Expense": 528268000.0,
        "Depreciation Amortization Depletion Income Statement": 44301000.0,
        "Depreciation And Amortization In Income Statement": 44301000.0,
        "Selling General And Administration": 483967000.0,
        "General And Administrative Expense": 483967000.0,
        "Other Gand A": 476672000.0,
        "Rent And Landing Fees": 7295000.0,
        "Gross Profit": 812386000.0,
        "Cost Of Revenue": 1346475000.0,
        "Total Revenue": 2158861000.0,
        "Operating Revenue": 2158861000.0
    },
    "2024-04-30": {
        "Tax Effect Of Unusual Items": 62278.925761,
        "Tax Rate For Calcs": 0.233254,
        "Normalized EBITDA": 283416000.0,
        "Total Unusual Items": 267000.0,
        "Total Unusual Items Excluding Goodwill": 267000.0,
        "Net Income From Continuing Operation Net Minority Interest": 180038000.0,
        "Reconciled Depreciation": 46516000.0,
        "Reconciled Cost Of Revenue": 857428000.0,
        "EBITDA": 283683000.0,
        "EBIT": 237167000.0,
        "Net Interest Income": 3532000.0,
        "Interest Income": NaN,
        "Normalized Income": 179833278.925761,
        "Net Income From Continuing And Discontinued Operation": 180038000.0,
        "Total Expenses": 1335642000.0,
        "Rent Expense Supplemental": 5024000.0,
        "Diluted Average Shares": 16200000.0,
        "Basic Average Shares": 16200000.0,
        "Diluted EPS": 11.09,
        "Basic EPS": 11.09,
        "Diluted NI Availto Com Stockholders": 180038000.0,
        "Net Income Common Stockholders": 180038000.0,
        "Net Income": 180038000.0,
        "Net Income Including Noncontrolling Interests": 180038000.0,
        "Net Income Continuous Operations": 180038000.0,
        "Tax Provision": 54770000.0,
        "Pretax Income": 234808000.0,
        "Other Income Expense": -5891000.0,
        "Other Non Operating Income Expenses": -6158000.0,
        "Special Income Charges": 267000.0,
        "Gain On Sale Of Ppe": 267000.0,
        "Net Non Operating Interest Income Expense": 3532000.0,
        "Total Other Finance Cost": -3532000.0,
        "Interest Income Non Operating": NaN,
        "Operating Income": 237167000.0,
        "Operating Expense": 477817000.0,
        "Depreciation Amortization Depletion Income Statement": 46119000.0,
        "Depreciation And Amortization In Income Statement": 46119000.0,
        "Selling General And Administration": 431698000.0,
        "General And Administrative Expense": 431698000.0,
        "Other Gand A": 426674000.0,
        "Rent And Landing Fees": 5024000.0,
        "Gross Profit": 714984000.0,
        "Cost Of Revenue": 857825000.0,
        "Total Revenue": 1572809000.0,
        "Operating Revenue": 1572809000.0
    },
    "2024-07-31": {
        "Tax Effect Of Unusual Items": 3029.357553,
        "Tax Rate For Calcs": 0.233028,
        "Normalized EBITDA": 146182000.0,
        "Total Unusual Items": 13000.0,
        "Total Unusual Items Excluding Goodwill": 13000.0,
        "Net Income From Continuing Operation Net Minority Interest": 74483000.0,
        "Reconciled Depreciation": 46871000.0,
        "Reconciled Cost Of Revenue": 929836000.0,
        "EBITDA": 146195000.0,
        "EBIT": 99324000.0,
        "Net Interest Income": 3934000.0,
        "Interest Income": 3934000.0,
        "Normalized Income": 74473029.357553,
        "Net Income From Continuing And Discontinued Operation": 74483000.0,
        "Total Expenses": 1415322000.0,
        "Rent Expense Supplemental": 4956000.0,
        "Diluted Average Shares": 16200000.0,
        "Basic Average Shares": 16200000.0,
        "Diluted EPS": 4.59,
        "Basic EPS": 4.59,
        "Diluted NI Availto Com Stockholders": 74483000.0,
        "Net Income Common Stockholders": 74483000.0,
        "Net Income": 74483000.0,
        "Net Income Including Noncontrolling Interests": 74483000.0,
        "Net Income Continuous Operations": 74483000.0,
        "Tax Provision": 22630000.0,
        "Pretax Income": 97113000.0,
        "Other Income Expense": -6145000.0,
        "Other Non Operating Income Expenses": -6158000.0,
        "Special Income Charges": 13000.0,
        "Gain On Sale Of Ppe": 13000.0,
        "Net Non Operating Interest Income Expense": 3934000.0,
        "Total Other Finance Cost": NaN,
        "Interest Income Non Operating": 3934000.0,
        "Operating Income": 99324000.0,
        "Operating Expense": 484991000.0,
        "Depreciation Amortization Depletion Income Statement": 46376000.0,
        "Depreciation And Amortization In Income Statement": 46376000.0,
        "Selling General And Administration": 438615000.0,
        "General And Administrative Expense": 438615000.0,
        "Other Gand A": 433659000.0,
        "Rent And Landing Fees": 4956000.0,
        "Gross Profit": 584315000.0,
        "Cost Of Revenue": 930331000.0,
        "Total Revenue": 1514646000.0,
        "Operating Revenue": 1514646000.0
    },
    "2024-10-31": {
        "Tax Effect Of Unusual Items": 39891.511698,
        "Tax Rate For Calcs": 0.233284,
        "Normalized EBITDA": 208274000.0,
        "Total Unusual Items": 171000.0,
        "Total Unusual Items Excluding Goodwill": 171000.0,
        "Net Income From Continuing Operation Net Minority Interest": 124596000.0,
        "Reconciled Depreciation": 44430000.0,
        "Reconciled Cost Of Revenue": 818928000.0,
        "EBITDA": 208445000.0,
        "EBIT": 164015000.0,
        "Net Interest Income": 4478000.0,
        "Interest Income": 4478000.0,
        "Normalized Income": 124464891.511698,
        "Net Income From Continuing And Discontinued Operation": 124596000.0,
        "Total Expenses": 1287145000.0,
        "Rent Expense Supplemental": 4888000.0,
        "Diluted Average Shares": 16100000.0,
        "Basic Average Shares": 16100000.0,
        "Diluted EPS": 7.73,
        "Basic EPS": 7.73,
        "Diluted NI Availto Com Stockholders": 124596000.0,
        "Net Income Common Stockholders": 124596000.0,
        "Net Income": 124596000.0,
        "Net Income Including Noncontrolling Interests": 124596000.0,
        "Net Income Continuous Operations": 124596000.0,
        "Tax Provision": 37910000.0,
        "Pretax Income": 162506000.0,
        "Other Income Expense": -5987000.0,
        "Other Non Operating Income Expenses": -6158000.0,
        "Special Income Charges": 171000.0,
        "Gain On Sale Of Ppe": 171000.0,
        "Net Non Operating Interest Income Expense": 4478000.0,
        "Total Other Finance Cost": NaN,
        "Interest Income Non Operating": 4478000.0,
        "Operating Income": 164015000.0,
        "Operating Expense": 467832000.0,
        "Depreciation Amortization Depletion Income Statement": 44045000.0,
        "Depreciation And Amortization In Income Statement": 44045000.0,
        "Selling General And Administration": 423787000.0,
        "General And Administrative Expense": 423787000.0,
        "Other Gand A": 418899000.0,
        "Rent And Landing Fees": 4888000.0,
        "Gross Profit": 631847000.0,
        "Cost Of Revenue": 819313000.0,
        "Total Revenue": 1451160000.0,
        "Operating Revenue": 1451160000.0
    },
    "2025-01-31": {
        "Tax Effect Of Unusual Items": 2133.512415,
        "Tax Rate For Calcs": 0.088896,
        "Normalized EBITDA": 310750000.0,
        "Total Unusual Items": 24000.0,
        "Total Unusual Items Excluding Goodwill": 24000.0,
        "Net Income From Continuing Operation Net Minority Interest": 214359000.0,
        "Reconciled Depreciation": 41705000.0,
        "Reconciled Cost Of Revenue": 1311702000.0,
        "EBITDA": 310774000.0,
        "EBIT": 269069000.0,
        "Net Interest Income": 1751000.0,
        "Interest Income": 41625000.0,
        "Normalized Income": 214337133.512415,
        "Net Income From Continuing And Discontinued Operation": 214359000.0,
        "Total Expenses": 1811960000.0,
        "Rent Expense Supplemental": 6551000.0,
        "Diluted Average Shares": NaN,
        "Basic Average Shares": NaN,
        "Diluted EPS": NaN,
        "Basic EPS": NaN,
        "Diluted NI Availto Com Stockholders": 214359000.0,
        "Net Income Common Stockholders": 214359000.0,
        "Net Income": 214359000.0,
        "Net Income Including Noncontrolling Interests": 214359000.0,
        "Net Income Continuous Operations": 214359000.0,
        "Tax Provision": 20915000.0,
        "Pretax Income": 235274000.0,
        "Other Income Expense": -6133000.0,
        "Other Non Operating Income Expenses": -6157000.0,
        "Special Income Charges": 24000.0,
        "Gain On Sale Of Ppe": 24000.0,
        "Net Non Operating Interest Income Expense": 1751000.0,
        "Total Other Finance Cost": NaN,
        "Interest Income Non Operating": 41625000.0,
        "Operating Income": 239656000.0,
        "Operating Expense": 499880000.0,
        "Depreciation Amortization Depletion Income Statement": 41327000.0,
        "Depreciation And Amortization In Income Statement": 41327000.0,
        "Selling General And Administration": 458553000.0,
        "General And Administrative Expense": 458553000.0,
        "Other Gand A": 452002000.0,
        "Rent And Landing Fees": 6551000.0,
        "Gross Profit": 739536000.0,
        "Cost Of Revenue": 1312080000.0,
        "Total Revenue": 2051616000.0,
        "Operating Revenue": 2051616000.0
    }
}