{
    "2023-04-30": {
        "Tax Effect Of Unusual Items": NaN,
        "Tax Rate For Calcs": NaN,
        "Normalized EBITDA": NaN,
        "Total Unusual Items": NaN,
        "Total Unusual Items Excluding Goodwill": NaN,
        "Net Income From Continuing Operation Net Minority Interest": NaN,
        "Reconciled Depreciation": NaN,
        "Reconciled Cost Of Revenue": NaN,
        "EBITDA": NaN,
        "EBIT": NaN,
        "Net Interest Income": NaN,
        "Interest Expense": NaN,
        "Interest Income": NaN,
        "Normalized Income": NaN,
        "Net Income From Continuing And Discontinued Operation": NaN,
        "Total Expenses": NaN,
        "Total Operating Income As Reported": NaN,
        "Diluted Average Shares": NaN,
        "Basic Average Shares": NaN,
        "Diluted EPS": NaN,
        "Basic EPS": NaN,
        "Diluted NI Availto Com Stockholders": NaN,
        "Net Income Common Stockholders": NaN,
        "Net Income": NaN,
        "Minority Interests": NaN,
        "Net Income Including Noncontrolling Interests": NaN,
        "Net Income Continuous Operations": NaN,
        "Tax Provision": NaN,
        "Pretax Income": NaN,
        "Other Income Expense": NaN,
        "Other Non Operating Income Expenses": NaN,
        "Special Income Charges": NaN,
        "Gain On Sale Of Security": NaN,
        "Net Non Operating Interest Income Expense": NaN,
        "Total Other Finance Cost": -29000000.0,
        "Interest Expense Non Operating": NaN,
        "Interest Income Non Operating": NaN,
        "Operating Income": NaN,
        "Operating Expense": NaN,
        "Research And Development": NaN,
        "Selling General And Administration": NaN,
        "Gross Profit": NaN,
        "Cost Of Revenue": NaN,
        "Total Revenue": NaN,
        "Operating Revenue": NaN
    },
    "2023-01-31": {
        "Tax Effect Of Unusual Items": NaN,
        "Tax Rate For Calcs": NaN,
        "Normalized EBITDA": NaN,
        "Total Unusual Items": NaN,
        "Total Unusual Items Excluding Goodwill": NaN,
        "Net Income From Continuing Operation Net Minority Interest": NaN,
        "Reconciled Depreciation": NaN,
        "Reconciled Cost Of Revenue": NaN,
        "EBITDA": NaN,
        "EBIT": NaN,
        "Net Interest Income": NaN,
        "Interest Expense": NaN,
        "Interest Income": NaN,
        "Normalized Income": NaN,
        "Net Income From Continuing And Discontinued Operation": NaN,
        "Total Expenses": NaN,
        "Total Operating Income As Reported": NaN,
        "Diluted Average Shares": NaN,
        "Basic Average Shares": NaN,
        "Diluted EPS": NaN,
        "Basic EPS": NaN,
        "Diluted NI Availto Com Stockholders": NaN,
        "Net Income Common Stockholders": NaN,
        "Net Income": NaN,
        "Minority Interests": NaN,
        "Net Income Including Noncontrolling Interests": NaN,
        "Net Income Discontinuous Operations": 0.0,
        "Net Income Continuous Operations": NaN,
        "Tax Provision": NaN,
        "Pretax Income": NaN,
        "Other Income Expense": NaN,
        "Other Non Operating Income Expenses": 14000000.0,
        "Special Income Charges": 106000000.0,
        "Gain On Sale Of Business": 0.0,
        "Other Special Charges": -106000000.0,
        "Gain On Sale Of Security": NaN,
        "Net Non Operating Interest Income Expense": NaN,
        "Total Other Finance Cost": NaN,
        "Interest Expense Non Operating": NaN,
        "Interest Income Non Operating": NaN,
        "Operating Income": NaN,
        "Operating Expense": NaN,
        "Research And Development": NaN,
        "Selling General And Administration": NaN,
        "Gross Profit": NaN,
        "Cost Of Revenue": NaN,
        "Total Revenue": NaN,
        "Operating Revenue": NaN
    },
    "2022-10-31": {
        "Tax Effect Of Unusual Items": NaN,
        "Tax Rate For Calcs": NaN,
        "Normalized EBITDA": NaN,
        "Total Unusual Items": NaN,
        "Total Unusual Items Excluding Goodwill": NaN,
        "Net Income From Continuing Operation Net Minority Interest": NaN,
        "Reconciled Depreciation": NaN,
        "Reconciled Cost Of Revenue": NaN,
        "EBITDA": NaN,
        "EBIT": NaN,
        "Net Interest Income": NaN,
        "Interest Expense": NaN,
        "Interest Income": NaN,
        "Normalized Income": NaN,
        "Net Income From Continuing And Discontinued Operation": NaN,
        "Total Expenses": NaN,
        "Total Operating Income As Reported": NaN,
        "Diluted Average Shares": NaN,
        "Basic Average Shares": NaN,
        "Diluted EPS": NaN,
        "Basic EPS": NaN,
        "Diluted NI Availto Com Stockholders": NaN,
        "Net Income Common Stockholders": NaN,
        "Net Income": NaN,
        "Minority Interests": NaN,
        "Net Income Including Noncontrolling Interests": NaN,
        "Net Income Discontinuous Operations": 0.0,
        "Net Income Continuous Operations": NaN,
        "Tax Provision": NaN,
        "Pretax Income": NaN,
        "Other Income Expense": NaN,
        "Other Non Operating Income Expenses": -29000000.0,
        "Special Income Charges": -1000000000.0,
        "Gain On Sale Of Business": 0.0,
        "Other Special Charges": 1000000000.0,
        "Gain On Sale Of Security": NaN,
        "Net Non Operating Interest Income Expense": NaN,
        "Total Other Finance Cost": NaN,
        "Interest Expense Non Operating": NaN,
        "Interest Income Non Operating": NaN,
        "Operating Income": NaN,
        "Operating Expense": NaN,
        "Research And Development": NaN,
        "Selling General And Administration": NaN,
        "Gross Profit": NaN,
        "Cost Of Revenue": NaN,
        "Total Revenue": NaN,
        "Operating Revenue": NaN
    },
    "2022-07-31": {
        "Tax Effect Of Unusual Items": 0.0,
        "Tax Rate For Calcs": 0.203,
        "Normalized EBITDA": 1270000000.0,
        "Total Unusual Items": -305000000.0,
        "Total Unusual Items Excluding Goodwill": -305000000.0,
        "Net Income From Continuing Operation Net Minority Interest": 511000000.0,
        "Reconciled Depreciation": 744000000.0,
        "Reconciled Cost Of Revenue": 20986000000.0,
        "EBITDA": 1270000000.0,
        "EBIT": 1270000000.0,
        "Net Interest Income": -635000000.0,
        "Interest Expense": 298000000.0,
        "Interest Income": NaN,
        "Normalized Income": 511000000.0,
        "Net Income From Continuing And Discontinued Operation": 511000000.0,
        "Total Expenses": 25155000000.0,
        "Total Operating Income As Reported": 1270000000.0,
        "Diluted Average Shares": 755000000.0,
        "Basic Average Shares": 739000000.0,
        "Diluted EPS": 0.68,
        "Basic EPS": 0.69,
        "Diluted NI Availto Com Stockholders": 511000000.0,
        "Average Dilution Earnings": 0.0,
        "Net Income Common Stockholders": 511000000.0,
        "Net Income": 511000000.0,
        "Minority Interests": 5000000.0,
        "Net Income Including Noncontrolling Interests": 506000000.0,
        "Net Income Discontinuous Operations": 0.0,
        "Net Income Continuous Operations": 506000000.0,
        "Tax Provision": 129000000.0,
        "Pretax Income": 635000000.0,
        "Other Income Expense": -337000000.0,
        "Other Non Operating Income Expenses": -32000000.0,
        "Special Income Charges": NaN,
        "Gain On Sale Of Business": NaN,
        "Other Special Charges": NaN,
        "Gain On Sale Of Security": -305000000.0,
        "Net Non Operating Interest Income Expense": -635000000.0,
        "Total Other Finance Cost": 635000000.0,
        "Interest Expense Non Operating": 298000000.0,
        "Interest Income Non Operating": NaN,
        "Operating Income": 1270000000.0,
        "Operating Expense": 4169000000.0,
        "Research And Development": 626000000.0,
        "Selling General And Administration": 3543000000.0,
        "Gross Profit": 5439000000.0,
        "Cost Of Revenue": 20986000000.0,
        "Total Revenue": 26425000000.0,
        "Operating Revenue": 26425000000.0
    },
    "2022-04-30": {
        "Diluted EPS": 1.37,
        "Total Revenue": NaN,
        "Gross Profit": NaN,
        "Operating Income": NaN,
        "EBIT": NaN,
        "Net Income": NaN
    },
    "2022-01-31": {
        "Diluted EPS": -0.04,
        "Total Revenue": NaN,
        "Gross Profit": NaN,
        "Operating Income": NaN,
        "EBIT": NaN,
        "Net Income": 2
    },
    "2021-10-31": {
        "Diluted EPS": 4.88,
        "Total Revenue": NaN,
        "Gross Profit": NaN,
        "Operating Income": NaN,
        "EBIT": NaN,
        "Net Income": NaN
    },
    "2021-07-31": {
        "Diluted EPS": 1.05,
        "Total Revenue": NaN,
        "Gross Profit": NaN,
        "Operating Income": NaN,
        "EBIT": NaN,
        "Net Income": 831
    },
    "2021-04-30": {
        "Diluted EPS": 1.13,
        "Total Revenue": NaN,
        "Gross Profit": NaN,
        "Operating Income": 987,
        "EBIT": NaN,
        "Net Income": 887
    },
    "2021-01-31": {
        "Diluted EPS": 1.58,
        "Total Revenue": NaN,
        "Gross Profit": NaN,
        "Operating Income": 718,
        "EBIT": NaN,
        "Net Income": NaN
    },
    "2020-10-31": {
        "Diluted EPS": 1.08,
        "Total Revenue": NaN,
        "Gross Profit": NaN,
        "Operating Income": NaN,
        "EBIT": NaN,
        "Net Income": 832
    },
    "2020-07-31": {
        "Diluted EPS": 1.37,
        "Total Revenue": NaN,
        "Gross Profit": NaN,
        "Operating Income": NaN,
        "EBIT": NaN,
        "Net Income": NaN
    },
    "2020-04-30": {
        "Diluted EPS": 0.19,
        "Total Revenue": NaN,
        "Gross Profit": NaN,
        "Operating Income": 702,
        "EBIT": NaN,
        "Net Income": 143
    },
    "2020-01-31": {
        "Diluted EPS": 0.52,
        "Total Revenue": NaN,
        "Gross Profit": -610,
        "Operating Income": 461,
        "EBIT": NaN,
        "Net Income": 408
    },
    "2019-10-31": {
        "Diluted EPS": 0.66,
        "Total Revenue": NaN,
        "Gross Profit": NaN,
        "Operating Income": 836,
        "EBIT": NaN,
        "Net Income": 499
    },
    "2019-07-31": {
        "Diluted EPS": 4.47,
        "Total Revenue": NaN,
        "Gross Profit": NaN,
        "Operating Income": 519,
        "EBIT": NaN,
        "Net Income": NaN
    },
    "2019-04-30": {
        "Diluted EPS": 0.38,
        "Total Revenue": NaN,
        "Gross Profit": NaN,
        "Operating Income": 550,
        "EBIT": NaN,
        "Net Income": 293
    },
    "2019-01-31": {
        "Diluted EPS": -0.34,
        "Total Revenue": NaN,
        "Gross Profit": NaN,
        "Operating Income": 331,
        "EBIT": NaN,
        "Net Income": -299
    },
    "2018-10-31": {
        "Diluted EPS": -1.14,
        "Total Revenue": NaN,
        "Gross Profit": NaN,
        "Operating Income": -356,
        "EBIT": NaN,
        "Net Income": -876
    },
    "2018-07-31": {
        "Diluted EPS": -0.65,
        "Total Revenue": NaN,
        "Gross Profit": NaN,
        "Operating Income": -13,
        "EBIT": NaN,
        "Net Income": -499
    },
    "2018-04-30": {
        "Diluted EPS": -0.83,
        "Total Revenue": NaN,
        "Gross Profit": NaN,
        "Operating Income": -153,
        "EBIT": NaN,
        "Net Income": -636
    },
    "2018-01-31": {
        "Diluted EPS": -0.14,
        "Total Revenue": NaN,
        "Gross Profit": NaN,
        "Operating Income": -69,
        "EBIT": NaN,
        "Net Income": -100
    },
    "2017-10-31": {
        "Diluted EPS": -1.1,
        "Total Revenue": NaN,
        "Gross Profit": NaN,
        "Operating Income": -410,
        "EBIT": NaN,
        "Net Income": -846
    },
    "2017-07-31": {
        "Diluted EPS": -0.95,
        "Total Revenue": NaN,
        "Gross Profit": NaN,
        "Operating Income": -665,
        "EBIT": NaN,
        "Net Income": -732
    },
    "2017-04-30": {
        "Diluted EPS": -1.51,
        "Total Revenue": NaN,
        "Gross Profit": NaN,
        "Operating Income": NaN,
        "EBIT": 986,
        "Net Income": NaN
    },
    "2017-01-31": {
        "Diluted EPS": -0.44,
        "Total Revenue": NaN,
        "Gross Profit": NaN,
        "Operating Income": -806,
        "EBIT": NaN,
        "Net Income": 269
    },
    "2016-10-31": {
        "Diluted EPS": -2.87,
        "Total Revenue": NaN,
        "Gross Profit": NaN,
        "Operating Income": NaN,
        "EBIT": 181,
        "Net Income": NaN
    },
    "2016-07-31": {
        "Diluted EPS": 1.41,
        "Total Revenue": NaN,
        "Gross Profit": NaN,
        "Operating Income": 67,
        "EBIT": 708,
        "Net Income": 573
    },
    "2016-04-30": {
        "Diluted EPS": 0.14,
        "Total Revenue": NaN,
        "Gross Profit": NaN,
        "Operating Income": -139,
        "EBIT": 565,
        "Net Income": 55
    },
    "2016-01-31": {
        "Diluted EPS": -0.38,
        "Total Revenue": NaN,
        "Gross Profit": NaN,
        "Operating Income": -7,
        "EBIT": 709,
        "Net Income": -155
    },
    "2015-10-31": {
        "Diluted EPS": -0.44,
        "Total Revenue": NaN,
        "Gross Profit": NaN,
        "Operating Income": -78,
        "EBIT": 641,
        "Net Income": -180
    },
    "2015-07-31": {
        "Diluted EPS": -0.65,
        "Total Revenue": NaN,
        "Gross Profit": NaN,
        "Operating Income": -103,
        "EBIT": 616,
        "Net Income": -265
    },
    "2015-04-30": {
        "Diluted EPS": -1.24,
        "Total Revenue": NaN,
        "Gross Profit": NaN,
        "Operating Income": -335,
        "EBIT": 383,
        "Net Income": -504
    },
    "2015-01-31": {
        "Diluted EPS": 0.0,
        "Total Revenue": NaN,
        "Gross Profit": NaN,
        "Operating Income": NaN,
        "EBIT": NaN,
        "Net Income": NaN
    },
    "2014-01-31": {
        "Diluted EPS": 0.0,
        "Total Revenue": NaN,
        "Gross Profit": NaN,
        "Operating Income": NaN,
        "EBIT": NaN,
        "Net Income": NaN
    },
    "2023-07-31": {
        "Tax Effect Of Unusual Items": NaN,
        "Tax Rate For Calcs": NaN,
        "Normalized EBITDA": NaN,
        "Total Unusual Items": NaN,
        "Total Unusual Items Excluding Goodwill": NaN,
        "Net Income From Continuing Operation Net Minority Interest": NaN,
        "Reconciled Depreciation": NaN,
        "Reconciled Cost Of Revenue": NaN,
        "EBITDA": NaN,
        "EBIT": NaN,
        "Net Interest Income": NaN,
        "Interest Expense": NaN,
        "Interest Income": NaN,
        "Normalized Income": NaN,
        "Net Income From Continuing And Discontinued Operation": NaN,
        "Total Expenses": NaN,
        "Total Operating Income As Reported": NaN,
        "Diluted Average Shares": NaN,
        "Basic Average Shares": NaN,
        "Diluted EPS": NaN,
        "Basic EPS": NaN,
        "Diluted NI Availto Com Stockholders": NaN,
        "Net Income Common Stockholders": NaN,
        "Net Income": NaN,
        "Minority Interests": NaN,
        "Net Income Including Noncontrolling Interests": NaN,
        "Net Income Continuous Operations": NaN,
        "Tax Provision": NaN,
        "Pretax Income": NaN,
        "Other Income Expense": NaN,
        "Other Non Operating Income Expenses": -71000000.0,
        "Special Income Charges": NaN,
        "Gain On Sale Of Security": NaN,
        "Net Non Operating Interest Income Expense": NaN,
        "Interest Expense Non Operating": NaN,
        "Interest Income Non Operating": NaN,
        "Operating Income": NaN,
        "Operating Expense": NaN,
        "Research And Development": NaN,
        "Selling General And Administration": NaN,
        "Gross Profit": NaN,
        "Cost Of Revenue": NaN,
        "Total Revenue": NaN,
        "Operating Revenue": NaN
    },
    "2023-10-31": {
        "Tax Effect Of Unusual Items": NaN,
        "Tax Rate For Calcs": NaN,
        "Normalized EBITDA": NaN,
        "Total Unusual Items": NaN,
        "Total Unusual Items Excluding Goodwill": NaN,
        "Net Income From Continuing Operation Net Minority Interest": NaN,
        "Reconciled Depreciation": NaN,
        "Reconciled Cost Of Revenue": NaN,
        "EBITDA": NaN,
        "EBIT": NaN,
        "Net Interest Income": NaN,
        "Interest Expense": NaN,
        "Interest Income": NaN,
        "Normalized Income": NaN,
        "Net Income From Continuing And Discontinued Operation": NaN,
        "Total Expenses": NaN,
        "Total Operating Income As Reported": NaN,
        "Diluted Average Shares": NaN,
        "Basic Average Shares": NaN,
        "Diluted EPS": NaN,
        "Basic EPS": NaN,
        "Diluted NI Availto Com Stockholders": NaN,
        "Net Income Common Stockholders": NaN,
        "Net Income": NaN,
        "Minority Interests": NaN,
        "Net Income Including Noncontrolling Interests": NaN,
        "Net Income Continuous Operations": NaN,
        "Tax Provision": NaN,
        "Pretax Income": NaN,
        "Other Income Expense": NaN,
        "Other Non Operating Income Expenses": -1000000.0,
        "Special Income Charges": 0.0,
        "Gain On Sale Of Business": NaN,
        "Gain On Sale Of Security": NaN,
        "Net Non Operating Interest Income Expense": NaN,
        "Interest Expense Non Operating": NaN,
        "Interest Income Non Operating": NaN,
        "Operating Income": NaN,
        "Operating Expense": NaN,
        "Research And Development": NaN,
        "Selling General And Administration": NaN,
        "Gross Profit": NaN,
        "Cost Of Revenue": NaN,
        "Total Revenue": NaN,
        "Operating Revenue": NaN
    },
    "2024-01-31": {
        "Tax Effect Of Unusual Items": NaN,
        "Tax Rate For Calcs": NaN,
        "Normalized EBITDA": NaN,
        "Total Unusual Items": NaN,
        "Total Unusual Items Excluding Goodwill": NaN,
        "Net Income From Continuing Operation Net Minority Interest": NaN,
        "Reconciled Depreciation": NaN,
        "Reconciled Cost Of Revenue": NaN,
        "EBITDA": NaN,
        "EBIT": NaN,
        "Net Interest Income": NaN,
        "Interest Expense": NaN,
        "Interest Income": NaN,
        "Normalized Income": NaN,
        "Net Income From Continuing And Discontinued Operation": NaN,
        "Total Expenses": NaN,
        "Total Operating Income As Reported": NaN,
        "Diluted Average Shares": NaN,
        "Basic Average Shares": NaN,
        "Diluted EPS": NaN,
        "Basic EPS": NaN,
        "Diluted NI Availto Com Stockholders": NaN,
        "Net Income Common Stockholders": NaN,
        "Net Income": NaN,
        "Minority Interests": NaN,
        "Net Income Including Noncontrolling Interests": NaN,
        "Net Income Continuous Operations": NaN,
        "Tax Provision": NaN,
        "Pretax Income": NaN,
        "Other Income Expense": NaN,
        "Other Non Operating Income Expenses": -1000000.0,
        "Special Income Charges": 68000000.0,
        "Gain On Sale Of Business": NaN,
        "Gain On Sale Of Security": NaN,
        "Net Non Operating Interest Income Expense": NaN,
        "Interest Expense Non Operating": NaN,
        "Interest Income Non Operating": NaN,
        "Operating Income": NaN,
        "Operating Expense": NaN,
        "Research And Development": NaN,
        "Selling General And Administration": NaN,
        "Gross Profit": NaN,
        "Cost Of Revenue": NaN,
        "Total Revenue": NaN,
        "Operating Revenue": NaN
    },
    "2024-07-31": {
        "Tax Effect Of Unusual Items": -1208854.66795,
        "Tax Rate For Calcs": 0.151107,
        "Normalized EBITDA": 2218000000.0,
        "Total Unusual Items": -8000000.0,
        "Total Unusual Items Excluding Goodwill": -8000000.0,
        "Net Income From Continuing Operation Net Minority Interest": 887000000.0,
        "Reconciled Depreciation": 784000000.0,
        "Reconciled Cost Of Revenue": 19665000000.0,
        "EBITDA": 2210000000.0,
        "EBIT": 1426000000.0,
        "Net Interest Income": -345000000.0,
        "Interest Expense": 387000000.0,
        "Interest Income": 42000000.0,
        "Normalized Income": 893791145.33205,
        "Net Income From Continuing And Discontinued Operation": 887000000.0,
        "Total Expenses": 23634000000.0,
        "Total Operating Income As Reported": 1392000000.0,
        "Diluted Average Shares": 723076923.0,
        "Basic Average Shares": 705621967.0,
        "Diluted EPS": 1.17,
        "Basic EPS": 1.196083,
        "Diluted NI Availto Com Stockholders": 887000000.0,
        "Net Income Common Stockholders": 887000000.0,
        "Net Income": 887000000.0,
        "Minority Interests": 5000000.0,
        "Net Income Including Noncontrolling Interests": 882000000.0,
        "Net Income Continuous Operations": 882000000.0,
        "Tax Provision": 157000000.0,
        "Pretax Income": 1039000000.0,
        "Other Income Expense": -8000000.0,
        "Special Income Charges": 0.0,
        "Gain On Sale Of Business": 0.0,
        "Gain On Sale Of Security": -8000000.0,
        "Net Non Operating Interest Income Expense": -345000000.0,
        "Interest Expense Non Operating": 387000000.0,
        "Interest Income Non Operating": 42000000.0,
        "Operating Income": 1392000000.0,
        "Operating Expense": 3969000000.0,
        "Research And Development": 780000000.0,
        "Selling General And Administration": 3189000000.0,
        "Gross Profit": 5361000000.0,
        "Cost Of Revenue": 19665000000.0,
        "Total Revenue": 25026000000.0,
        "Operating Revenue": 25026000000.0
    },
    "2024-04-30": {
        "Tax Effect Of Unusual Items": NaN,
        "Tax Rate For Calcs": NaN,
        "Normalized EBITDA": NaN,
        "Total Unusual Items": NaN,
        "Total Unusual Items Excluding Goodwill": NaN,
        "Net Income From Continuing Operation Net Minority Interest": NaN,
        "Reconciled Depreciation": NaN,
        "Reconciled Cost Of Revenue": NaN,
        "EBITDA": NaN,
        "EBIT": NaN,
        "Net Interest Income": NaN,
        "Interest Expense": NaN,
        "Interest Income": NaN,
        "Normalized Income": NaN,
        "Net Income From Continuing And Discontinued Operation": NaN,
        "Total Expenses": NaN,
        "Total Operating Income As Reported": NaN,
        "Diluted Average Shares": NaN,
        "Basic Average Shares": NaN,
        "Diluted EPS": NaN,
        "Basic EPS": NaN,
        "Diluted NI Availto Com Stockholders": NaN,
        "Net Income Common Stockholders": NaN,
        "Net Income": NaN,
        "Minority Interests": NaN,
        "Net Income Including Noncontrolling Interests": NaN,
        "Net Income Continuous Operations": NaN,
        "Tax Provision": NaN,
        "Pretax Income": NaN,
        "Other Income Expense": NaN,
        "Special Income Charges": 0.0,
        "Gain On Sale Of Business": 0.0,
        "Gain On Sale Of Security": NaN,
        "Net Non Operating Interest Income Expense": NaN,
        "Interest Expense Non Operating": NaN,
        "Interest Income Non Operating": NaN,
        "Operating Income": NaN,
        "Operating Expense": NaN,
        "Research And Development": NaN,
        "Selling General And Administration": NaN,
        "Gross Profit": NaN,
        "Cost Of Revenue": NaN,
        "Total Revenue": NaN,
        "Operating Revenue": NaN
    },
    "2024-10-31": {
        "Tax Effect Of Unusual Items": 3230000.0,
        "Tax Rate For Calcs": 0.19,
        "Normalized EBITDA": 2468000000.0,
        "Total Unusual Items": 17000000.0,
        "Total Unusual Items Excluding Goodwill": 17000000.0,
        "Net Income From Continuing Operation Net Minority Interest": 1132000000.0,
        "Reconciled Depreciation": 765000000.0,
        "Reconciled Cost Of Revenue": 19059000000.0,
        "EBITDA": 2485000000.0,
        "EBIT": 1720000000.0,
        "Net Interest Income": -293000000.0,
        "Interest Expense": 328000000.0,
        "Interest Income": 35000000.0,
        "Normalized Income": 1118230000.0,
        "Net Income From Continuing And Discontinued Operation": 1132000000.0,
        "Total Expenses": 22698000000.0,
        "Total Operating Income As Reported": 1668000000.0,
        "Diluted Average Shares": 716455696.0,
        "Basic Average Shares": 701996435.0,
        "Diluted EPS": 1.58,
        "Basic EPS": 1.612544,
        "Diluted NI Availto Com Stockholders": 1132000000.0,
        "Net Income Common Stockholders": 1132000000.0,
        "Net Income": 1132000000.0,
        "Minority Interests": 5000000.0,
        "Net Income Including Noncontrolling Interests": 1127000000.0,
        "Net Income Continuous Operations": 1127000000.0,
        "Tax Provision": 265000000.0,
        "Pretax Income": 1392000000.0,
        "Other Income Expense": 17000000.0,
        "Special Income Charges": NaN,
        "Gain On Sale Of Business": NaN,
        "Gain On Sale Of Security": 17000000.0,
        "Net Non Operating Interest Income Expense": -293000000.0,
        "Interest Expense Non Operating": 328000000.0,
        "Interest Income Non Operating": 35000000.0,
        "Operating Income": 1668000000.0,
        "Operating Expense": 3639000000.0,
        "Research And Development": 745000000.0,
        "Selling General And Administration": 2894000000.0,
        "Gross Profit": 5307000000.0,
        "Cost Of Revenue": 19059000000.0,
        "Total Revenue": 24366000000.0,
        "Operating Revenue": 24366000000.0
    },
    "2025-01-31": {
        "Tax Effect Of Unusual Items": 27315094.339623,
        "Tax Rate For Calcs": 0.220283,
        "Normalized EBITDA": 3114000000.0,
        "Total Unusual Items": 124000000.0,
        "Total Unusual Items Excluding Goodwill": 124000000.0,
        "Net Income From Continuing Operation Net Minority Interest": 1654000000.0,
        "Reconciled Depreciation": 774000000.0,
        "Reconciled Cost Of Revenue": 18105000000.0,
        "EBITDA": 3238000000.0,
        "EBIT": 2464000000.0,
        "Net Interest Income": -311000000.0,
        "Interest Expense": 344000000.0,
        "Interest Income": 33000000.0,
        "Normalized Income": 1557315094.339623,
        "Net Income From Continuing And Discontinued Operation": 1654000000.0,
        "Total Expenses": 21624000000.0,
        "Total Operating Income As Reported": 2307000000.0,
        "Diluted Average Shares": 713023256.0,
        "Basic Average Shares": 696130464.0,
        "Diluted EPS": 2.15,
        "Basic EPS": 2.202173,
        "Diluted NI Availto Com Stockholders": 1654000000.0,
        "Net Income Common Stockholders": 1654000000.0,
        "Net Income": 1654000000.0,
        "Minority Interests": 1000000.0,
        "Net Income Including Noncontrolling Interests": 1653000000.0,
        "Net Income Continuous Operations": 1653000000.0,
        "Tax Provision": 467000000.0,
        "Pretax Income": 2120000000.0,
        "Other Income Expense": 124000000.0,
        "Special Income Charges": NaN,
        "Gain On Sale Of Business": NaN,
        "Gain On Sale Of Security": 124000000.0,
        "Net Non Operating Interest Income Expense": -311000000.0,
        "Interest Expense Non Operating": 344000000.0,
        "Interest Income Non Operating": 33000000.0,
        "Operating Income": 2307000000.0,
        "Operating Expense": 3519000000.0,
        "Research And Development": 773000000.0,
        "Selling General And Administration": 2746000000.0,
        "Gross Profit": 5826000000.0,
        "Cost Of Revenue": 18105000000.0,
        "Total Revenue": 23931000000.0,
        "Operating Revenue": 23931000000.0
    },
    "2025-04-30": {
        "Tax Effect Of Unusual Items": 27021237.303786,
        "Tax Rate For Calcs": 0.108957,
        "Normalized EBITDA": 1934000000.0,
        "Total Unusual Items": 248000000.0,
        "Total Unusual Items Excluding Goodwill": 248000000.0,
        "Net Income From Continuing Operation Net Minority Interest": 965000000.0,
        "Reconciled Depreciation": 738000000.0,
        "Reconciled Cost Of Revenue": 18441000000.0,
        "EBITDA": 2182000000.0,
        "EBIT": 1444000000.0,
        "Net Interest Income": -330000000.0,
        "Interest Expense": 361000000.0,
        "Interest Income": 31000000.0,
        "Normalized Income": 744021237.303786,
        "Net Income From Continuing And Discontinued Operation": 965000000.0,
        "Total Expenses": 22213000000.0,
        "Total Operating Income As Reported": 1165000000.0,
        "Diluted Average Shares": 704379562.0,
        "Basic Average Shares": 683477567.0,
        "Diluted EPS": 1.37,
        "Basic EPS": 1.411897,
        "Diluted NI Availto Com Stockholders": 965000000.0,
        "Net Income Common Stockholders": 965000000.0,
        "Net Income": 965000000.0,
        "Minority Interests": 0.0,
        "Net Income Including Noncontrolling Interests": 965000000.0,
        "Net Income Continuous Operations": 965000000.0,
        "Tax Provision": 118000000.0,
        "Pretax Income": 1083000000.0,
        "Other Income Expense": 248000000.0,
        "Special Income Charges": 236000000.0,
        "Gain On Sale Of Business": 236000000.0,
        "Gain On Sale Of Security": 12000000.0,
        "Net Non Operating Interest Income Expense": -330000000.0,
        "Interest Expense Non Operating": 361000000.0,
        "Interest Income Non Operating": 31000000.0,
        "Operating Income": 1165000000.0,
        "Operating Expense": 3772000000.0,
        "Research And Development": 808000000.0,
        "Selling General And Administration": 2964000000.0,
        "Gross Profit": 4937000000.0,
        "Cost Of Revenue": 18441000000.0,
        "Total Revenue": 23378000000.0,
        "Operating Revenue": 23378000000.0
    },
    "2025-07-31": {
        "Tax Effect Of Unusual Items": -2108333.333333,
        "Tax Rate For Calcs": 0.191667,
        "Normalized EBITDA": 2612000000.0,
        "Total Unusual Items": -11000000.0,
        "Total Unusual Items Excluding Goodwill": -11000000.0,
        "Net Income From Continuing Operation Net Minority Interest": 1164000000.0,
        "Reconciled Depreciation": 762000000.0,
        "Reconciled Cost Of Revenue": 24329000000.0,
        "EBITDA": 2601000000.0,
        "EBIT": 1839000000.0,
        "Net Interest Income": -322000000.0,
        "Interest Expense": 399000000.0,
        "Interest Income": 77000000.0,
        "Normalized Income": 1172891666.666667,
        "Net Income From Continuing And Discontinued Operation": 1164000000.0,
        "Total Expenses": 28003000000.0,
        "Total Operating Income As Reported": 1773000000.0,
        "Diluted Average Shares": 684705882.0,
        "Basic Average Shares": 674708671.0,
        "Diluted EPS": 1.7,
        "Basic EPS": 1.720922,
        "Diluted NI Availto Com Stockholders": 1164000000.0,
        "Net Income Common Stockholders": 1164000000.0,
        "Net Income": 1164000000.0,
        "Minority Interests": 0.0,
        "Net Income Including Noncontrolling Interests": 1164000000.0,
        "Net Income Continuous Operations": 1164000000.0,
        "Tax Provision": 276000000.0,
        "Pretax Income": 1440000000.0,
        "Other Income Expense": -11000000.0,
        "Special Income Charges": 0.0,
        "Gain On Sale Of Business": 0.0,
        "Gain On Sale Of Security": -11000000.0,
        "Net Non Operating Interest Income Expense": -322000000.0,
        "Interest Expense Non Operating": 399000000.0,
        "Interest Income Non Operating": 77000000.0,
        "Operating Income": 1773000000.0,
        "Operating Expense": 3674000000.0,
        "Research And Development": 785000000.0,
        "Selling General And Administration": 2889000000.0,
        "Gross Profit": 5447000000.0,
        "Cost Of Revenue": 24329000000.0,
        "Total Revenue": 29776000000.0,
        "Operating Revenue": 29776000000.0
    }
}