{
    "2023-03-31": {
        "Tax Effect Of Unusual Items": NaN,
        "Tax Rate For Calcs": NaN,
        "Normalized EBITDA": NaN,
        "Total Unusual Items": NaN,
        "Total Unusual Items Excluding Goodwill": NaN,
        "Net Income From Continuing Operation Net Minority Interest": NaN,
        "Reconciled Depreciation": NaN,
        "Reconciled Cost Of Revenue": NaN,
        "EBITDA": NaN,
        "EBIT": NaN,
        "Net Interest Income": NaN,
        "Interest Expense": NaN,
        "Interest Income": NaN,
        "Normalized Income": NaN,
        "Net Income From Continuing And Discontinued Operation": NaN,
        "Total Expenses": NaN,
        "Total Operating Income As Reported": NaN,
        "Diluted Average Shares": 2751662.0,
        "Basic Average Shares": 2751662.0,
        "Diluted EPS": -2.22,
        "Basic EPS": -2.22,
        "Diluted NI Availto Com Stockholders": NaN,
        "Net Income Common Stockholders": NaN,
        "Net Income": NaN,
        "Minority Interests": NaN,
        "Net Income Including Noncontrolling Interests": NaN,
        "Net Income Continuous Operations": NaN,
        "Tax Provision": NaN,
        "Pretax Income": NaN,
        "Other Income Expense": NaN,
        "Other Non Operating Income Expenses": NaN,
        "Special Income Charges": NaN,
        "Gain On Sale Of Ppe": 0.0,
        "Other Special Charges": NaN,
        "Restructuring And Mergern Acquisition": NaN,
        "Gain On Sale Of Security": NaN,
        "Net Non Operating Interest Income Expense": NaN,
        "Interest Expense Non Operating": NaN,
        "Interest Income Non Operating": NaN,
        "Operating Income": NaN,
        "Operating Expense": NaN,
        "Research And Development": NaN,
        "Selling General And Administration": NaN,
        "Selling And Marketing Expense": NaN,
        "General And Administrative Expense": NaN,
        "Other Gand A": NaN,
        "Gross Profit": NaN,
        "Cost Of Revenue": NaN,
        "Total Revenue": NaN,
        "Operating Revenue": NaN
    },
    "2022-12-31": {
        "Tax Effect Of Unusual Items": NaN,
        "Tax Rate For Calcs": NaN,
        "Normalized EBITDA": NaN,
        "Total Unusual Items": NaN,
        "Total Unusual Items Excluding Goodwill": NaN,
        "Net Income From Continuing Operation Net Minority Interest": NaN,
        "Reconciled Depreciation": NaN,
        "Reconciled Cost Of Revenue": NaN,
        "EBITDA": NaN,
        "EBIT": NaN,
        "Net Interest Income": NaN,
        "Interest Expense": NaN,
        "Interest Income": NaN,
        "Normalized Income": NaN,
        "Net Income From Continuing And Discontinued Operation": NaN,
        "Total Expenses": NaN,
        "Total Operating Income As Reported": NaN,
        "Diluted Average Shares": NaN,
        "Basic Average Shares": NaN,
        "Diluted EPS": NaN,
        "Basic EPS": NaN,
        "Diluted NI Availto Com Stockholders": NaN,
        "Net Income Common Stockholders": NaN,
        "Net Income": NaN,
        "Minority Interests": NaN,
        "Net Income Including Noncontrolling Interests": NaN,
        "Net Income Continuous Operations": NaN,
        "Tax Provision": NaN,
        "Pretax Income": NaN,
        "Other Income Expense": NaN,
        "Other Non Operating Income Expenses": NaN,
        "Special Income Charges": NaN,
        "Gain On Sale Of Ppe": NaN,
        "Other Special Charges": NaN,
        "Restructuring And Mergern Acquisition": NaN,
        "Gain On Sale Of Security": 0.0,
        "Net Non Operating Interest Income Expense": NaN,
        "Interest Expense Non Operating": NaN,
        "Interest Income Non Operating": NaN,
        "Operating Income": NaN,
        "Operating Expense": NaN,
        "Research And Development": NaN,
        "Selling General And Administration": NaN,
        "Selling And Marketing Expense": NaN,
        "General And Administrative Expense": NaN,
        "Other Gand A": NaN,
        "Gross Profit": NaN,
        "Cost Of Revenue": NaN,
        "Total Revenue": NaN,
        "Operating Revenue": NaN
    },
    "2022-09-30": {
        "Tax Effect Of Unusual Items": NaN,
        "Tax Rate For Calcs": NaN,
        "Normalized EBITDA": NaN,
        "Total Unusual Items": NaN,
        "Total Unusual Items Excluding Goodwill": NaN,
        "Net Income From Continuing Operation Net Minority Interest": NaN,
        "Reconciled Depreciation": NaN,
        "Reconciled Cost Of Revenue": NaN,
        "EBITDA": NaN,
        "EBIT": NaN,
        "Net Interest Income": NaN,
        "Interest Expense": NaN,
        "Interest Income": NaN,
        "Normalized Income": NaN,
        "Net Income From Continuing And Discontinued Operation": NaN,
        "Total Expenses": NaN,
        "Total Operating Income As Reported": NaN,
        "Diluted Average Shares": 2518261.0,
        "Basic Average Shares": 2518261.0,
        "Diluted EPS": -0.76,
        "Basic EPS": -0.76,
        "Diluted NI Availto Com Stockholders": NaN,
        "Net Income Common Stockholders": NaN,
        "Net Income": NaN,
        "Minority Interests": NaN,
        "Net Income Including Noncontrolling Interests": NaN,
        "Net Income Continuous Operations": NaN,
        "Tax Provision": NaN,
        "Pretax Income": NaN,
        "Other Income Expense": NaN,
        "Other Non Operating Income Expenses": NaN,
        "Special Income Charges": NaN,
        "Gain On Sale Of Ppe": NaN,
        "Other Special Charges": NaN,
        "Restructuring And Mergern Acquisition": NaN,
        "Gain On Sale Of Security": NaN,
        "Net Non Operating Interest Income Expense": NaN,
        "Interest Expense Non Operating": NaN,
        "Interest Income Non Operating": NaN,
        "Operating Income": NaN,
        "Operating Expense": NaN,
        "Research And Development": NaN,
        "Selling General And Administration": NaN,
        "Selling And Marketing Expense": NaN,
        "General And Administrative Expense": NaN,
        "Other Gand A": NaN,
        "Gross Profit": NaN,
        "Cost Of Revenue": NaN,
        "Total Revenue": NaN,
        "Operating Revenue": NaN
    },
    "2022-06-30": {
        "Tax Effect Of Unusual Items": 0.0,
        "Tax Rate For Calcs": 0.0,
        "Normalized EBITDA": -6098557.0,
        "Total Unusual Items": 5955714.0,
        "Total Unusual Items Excluding Goodwill": 5955714.0,
        "Net Income From Continuing Operation Net Minority Interest": -1065513.0,
        "Reconciled Depreciation": 530843.0,
        "Reconciled Cost Of Revenue": 7632379.0,
        "EBITDA": -142843.0,
        "EBIT": -673686.0,
        "Net Interest Income": 23732.0,
        "Interest Expense": 8501.0,
        "Interest Income": 32233.0,
        "Normalized Income": -7021227.0,
        "Net Income From Continuing And Discontinued Operation": -1065513.0,
        "Total Expenses": 16012709.0,
        "Total Operating Income As Reported": -6661252.0,
        "Diluted Average Shares": 2432872.0,
        "Basic Average Shares": 2432872.0,
        "Diluted EPS": -0.44,
        "Basic EPS": -0.44,
        "Diluted NI Availto Com Stockholders": -1065513.0,
        "Net Income Common Stockholders": -1065513.0,
        "Net Income": -1065513.0,
        "Minority Interests": -383326.0,
        "Net Income Including Noncontrolling Interests": -682187.0,
        "Net Income Continuous Operations": -682187.0,
        "Tax Provision": 0.0,
        "Pretax Income": -682187.0,
        "Other Income Expense": 5955333.0,
        "Other Non Operating Income Expenses": -381.0,
        "Special Income Charges": 542096.0,
        "Other Special Charges": NaN,
        "Restructuring And Mergern Acquisition": -542096.0,
        "Gain On Sale Of Security": 5413618.0,
        "Net Non Operating Interest Income Expense": 23732.0,
        "Interest Expense Non Operating": 8501.0,
        "Interest Income Non Operating": 32233.0,
        "Operating Income": -6661252.0,
        "Operating Expense": 8380330.0,
        "Research And Development": 540222.0,
        "Selling General And Administration": 7840108.0,
        "Selling And Marketing Expense": 2763045.0,
        "General And Administrative Expense": 5077063.0,
        "Other Gand A": 5077063.0,
        "Gross Profit": 1719078.0,
        "Cost Of Revenue": 7632379.0,
        "Total Revenue": 9351457.0,
        "Operating Revenue": 9351457.0
    },
    "2022-03-31": {
        "Diluted EPS": -2.59,
        "Total Revenue": 10,
        "Gross Profit": 2,
        "Operating Income": -7,
        "EBIT": -6,
        "Net Income": -7
    },
    "2021-12-31": {
        "Diluted EPS": -0.86,
        "Total Revenue": 12,
        "Gross Profit": 2,
        "Operating Income": -6,
        "EBIT": -5,
        "Net Income": 1
    },
    "2021-09-30": {
        "Diluted EPS": 3.2,
        "Total Revenue": 5,
        "Gross Profit": 1,
        "Operating Income": -4,
        "EBIT": -4,
        "Net Income": 8
    },
    "2021-06-30": {
        "Diluted EPS": -2.0,
        "Total Revenue": 2,
        "Gross Profit": 1,
        "Operating Income": -3,
        "EBIT": -3,
        "Net Income": -5
    },
    "2021-03-31": {
        "Diluted EPS": 9.8,
        "Total Revenue": 3,
        "Gross Profit": 1,
        "Operating Income": -3,
        "EBIT": -3,
        "Net Income": 22
    },
    "2020-12-31": {
        "Diluted EPS": 1.2,
        "Total Revenue": 3,
        "Gross Profit": 1,
        "Operating Income": -2,
        "EBIT": -2,
        "Net Income": 0
    },
    "2020-09-30": {
        "Diluted EPS": 0.4,
        "Total Revenue": 4,
        "Gross Profit": 1,
        "Operating Income": -2,
        "EBIT": -2,
        "Net Income": 1
    },
    "2020-06-30": {
        "Diluted EPS": -0.6,
        "Total Revenue": 2,
        "Gross Profit": 0,
        "Operating Income": -2,
        "EBIT": -2,
        "Net Income": 0
    },
    "2020-03-31": {
        "Diluted EPS": -3.4,
        "Total Revenue": 2,
        "Gross Profit": 1,
        "Operating Income": -2,
        "EBIT": -2,
        "Net Income": -2
    },
    "2019-12-31": {
        "Diluted EPS": -5.8,
        "Total Revenue": 2,
        "Gross Profit": 0,
        "Operating Income": -3,
        "EBIT": -3,
        "Net Income": -3
    },
    "2019-09-30": {
        "Diluted EPS": -5.2,
        "Total Revenue": 3,
        "Gross Profit": 1,
        "Operating Income": -2,
        "EBIT": -2,
        "Net Income": -3
    },
    "2019-06-30": {
        "Diluted EPS": -0.6,
        "Total Revenue": 3,
        "Gross Profit": 1,
        "Operating Income": 3,
        "EBIT": 3,
        "Net Income": 0
    },
    "2019-03-31": {
        "Diluted EPS": -5.8,
        "Total Revenue": 3,
        "Gross Profit": 1,
        "Operating Income": -3,
        "EBIT": -3,
        "Net Income": -3
    },
    "2018-12-31": {
        "Diluted EPS": -10.8,
        "Total Revenue": 2,
        "Gross Profit": 0,
        "Operating Income": -5,
        "EBIT": -5,
        "Net Income": -5
    },
    "2018-09-30": {
        "Diluted EPS": -12.0,
        "Total Revenue": 3,
        "Gross Profit": 1,
        "Operating Income": -2,
        "EBIT": -2,
        "Net Income": -5
    },
    "2018-06-30": {
        "Diluted EPS": -8.4,
        "Total Revenue": 4,
        "Gross Profit": 2,
        "Operating Income": -1,
        "EBIT": -1,
        "Net Income": -3
    },
    "2018-03-31": {
        "Diluted EPS": -7.4,
        "Total Revenue": 2,
        "Gross Profit": 1,
        "Operating Income": -2,
        "EBIT": -2,
        "Net Income": -3
    },
    "2017-12-31": {
        "Diluted EPS": -8.6,
        "Total Revenue": 3,
        "Gross Profit": 0,
        "Operating Income": -4,
        "EBIT": -3,
        "Net Income": -4
    },
    "2017-09-30": {
        "Diluted EPS": -11.2,
        "Total Revenue": 3,
        "Gross Profit": 1,
        "Operating Income": -3,
        "EBIT": -3,
        "Net Income": -3
    },
    "2017-06-30": {
        "Diluted EPS": -8.2,
        "Total Revenue": 3,
        "Gross Profit": 1,
        "Operating Income": -2,
        "EBIT": -2,
        "Net Income": -2
    },
    "2017-03-31": {
        "Diluted EPS": -7.2,
        "Total Revenue": 5,
        "Gross Profit": 2,
        "Operating Income": -2,
        "EBIT": -2,
        "Net Income": -2
    },
    "2016-12-31": {
        "Diluted EPS": -15.8,
        "Total Revenue": 3,
        "Gross Profit": 0,
        "Operating Income": -4,
        "EBIT": -4,
        "Net Income": -4
    },
    "2016-09-30": {
        "Diluted EPS": -12.2,
        "Total Revenue": 4,
        "Gross Profit": 2,
        "Operating Income": -3,
        "EBIT": -3,
        "Net Income": -3
    },
    "2016-06-30": {
        "Diluted EPS": -10.8,
        "Total Revenue": 4,
        "Gross Profit": 1,
        "Operating Income": -3,
        "EBIT": -3,
        "Net Income": -3
    },
    "2016-03-31": {
        "Diluted EPS": -8.8,
        "Total Revenue": 4,
        "Gross Profit": 2,
        "Operating Income": -2,
        "EBIT": -2,
        "Net Income": -2
    },
    "2015-12-31": {
        "Diluted EPS": -4.4,
        "Total Revenue": 5,
        "Gross Profit": 2,
        "Operating Income": -3,
        "EBIT": -3,
        "Net Income": -3
    },
    "2015-09-30": {
        "Diluted EPS": -9.0,
        "Total Revenue": 5,
        "Gross Profit": 2,
        "Operating Income": -2,
        "EBIT": -2,
        "Net Income": -2
    },
    "2015-06-30": {
        "Diluted EPS": -4.0,
        "Total Revenue": 6,
        "Gross Profit": 3,
        "Operating Income": -1,
        "EBIT": -1,
        "Net Income": -1
    },
    "2015-03-31": {
        "Diluted EPS": -38.0,
        "Total Revenue": 4,
        "Gross Profit": 2,
        "Operating Income": -2,
        "EBIT": -2,
        "Net Income": -6
    },
    "2014-12-31": {
        "Diluted EPS": -8.0,
        "Total Revenue": 5,
        "Gross Profit": 3,
        "Operating Income": 0,
        "EBIT": 0,
        "Net Income": -1
    },
    "2014-09-30": {
        "Diluted EPS": -46.4,
        "Total Revenue": 5,
        "Gross Profit": 2,
        "Operating Income": -1,
        "EBIT": -1,
        "Net Income": -6
    },
    "2014-06-30": {
        "Diluted EPS": -8.6,
        "Total Revenue": 3,
        "Gross Profit": 2,
        "Operating Income": -1,
        "EBIT": -1,
        "Net Income": -1
    },
    "2014-03-31": {
        "Diluted EPS": -7.8,
        "Total Revenue": 4,
        "Gross Profit": 2,
        "Operating Income": -1,
        "EBIT": 0,
        "Net Income": -1
    },
    "2013-12-31": {
        "Diluted EPS": -15.4,
        "Total Revenue": 4,
        "Gross Profit": 2,
        "Operating Income": -2,
        "EBIT": -1,
        "Net Income": -2
    },
    "2013-09-30": {
        "Diluted EPS": -8.4,
        "Total Revenue": 4,
        "Gross Profit": 2,
        "Operating Income": -1,
        "EBIT": -1,
        "Net Income": -1
    },
    "2013-06-30": {
        "Diluted EPS": -0.6,
        "Total Revenue": 5,
        "Gross Profit": 3,
        "Operating Income": 0,
        "EBIT": 0,
        "Net Income": 0
    },
    "2013-03-31": {
        "Diluted EPS": 1.0,
        "Total Revenue": 5,
        "Gross Profit": 3,
        "Operating Income": 0,
        "EBIT": 0,
        "Net Income": 0
    },
    "2012-12-31": {
        "Diluted EPS": -4.6,
        "Total Revenue": 5,
        "Gross Profit": 2,
        "Operating Income": 0,
        "EBIT": 0,
        "Net Income": 0
    },
    "2012-09-30": {
        "Diluted EPS": 2.6,
        "Total Revenue": 5,
        "Gross Profit": 3,
        "Operating Income": 0,
        "EBIT": 0,
        "Net Income": 0
    },
    "2012-06-30": {
        "Diluted EPS": -9.4,
        "Total Revenue": 5,
        "Gross Profit": 2,
        "Operating Income": -1,
        "EBIT": -1,
        "Net Income": -1
    },
    "2012-03-31": {
        "Diluted EPS": -8.0,
        "Total Revenue": 4,
        "Gross Profit": 2,
        "Operating Income": -1,
        "EBIT": -1,
        "Net Income": -1
    },
    "2011-12-31": {
        "Diluted EPS": -15.2,
        "Total Revenue": 4,
        "Gross Profit": 2,
        "Operating Income": -1,
        "EBIT": -1,
        "Net Income": -2
    },
    "2011-09-30": {
        "Diluted EPS": -1.6,
        "Total Revenue": 6,
        "Gross Profit": 3,
        "Operating Income": 0,
        "EBIT": 0,
        "Net Income": 0
    },
    "2011-06-30": {
        "Diluted EPS": -11.2,
        "Total Revenue": 5,
        "Gross Profit": 2,
        "Operating Income": -1,
        "EBIT": -1,
        "Net Income": -1
    },
    "2011-03-31": {
        "Diluted EPS": -11.2,
        "Total Revenue": 5,
        "Gross Profit": 2,
        "Operating Income": -1,
        "EBIT": -1,
        "Net Income": -1
    },
    "2010-12-31": {
        "Diluted EPS": -48.0,
        "Total Revenue": 6,
        "Gross Profit": 3,
        "Operating Income": -1,
        "EBIT": -1,
        "Net Income": -5
    },
    "2010-09-30": {
        "Diluted EPS": -4.8,
        "Total Revenue": 7,
        "Gross Profit": 3,
        "Operating Income": -1,
        "EBIT": 0,
        "Net Income": 0
    },
    "2010-06-30": {
        "Diluted EPS": -8.0,
        "Total Revenue": 6,
        "Gross Profit": 3,
        "Operating Income": -1,
        "EBIT": -1,
        "Net Income": -1
    },
    "2010-03-31": {
        "Diluted EPS": -3.2,
        "Total Revenue": 6,
        "Gross Profit": 3,
        "Operating Income": -1,
        "EBIT": 0,
        "Net Income": 0
    },
    "2009-12-31": {
        "Diluted EPS": 1.6,
        "Total Revenue": 9,
        "Gross Profit": 5,
        "Operating Income": 0,
        "EBIT": 1,
        "Net Income": 0
    },
    "2009-09-30": {
        "Diluted EPS": 1.6,
        "Total Revenue": 6,
        "Gross Profit": 3,
        "Operating Income": 0,
        "EBIT": 0,
        "Net Income": 0
    },
    "2009-06-30": {
        "Diluted EPS": -1.6,
        "Total Revenue": 7,
        "Gross Profit": 4,
        "Operating Income": 0,
        "EBIT": 0,
        "Net Income": 0
    },
    "2009-03-31": {
        "Diluted EPS": -12.8,
        "Total Revenue": 4,
        "Gross Profit": 2,
        "Operating Income": -2,
        "EBIT": -2,
        "Net Income": -1
    },
    "2023-06-30": {
        "Tax Effect Of Unusual Items": NaN,
        "Tax Rate For Calcs": NaN,
        "Normalized EBITDA": NaN,
        "Total Unusual Items": NaN,
        "Total Unusual Items Excluding Goodwill": NaN,
        "Net Income From Continuing Operation Net Minority Interest": NaN,
        "Reconciled Depreciation": NaN,
        "Reconciled Cost Of Revenue": NaN,
        "EBITDA": NaN,
        "EBIT": NaN,
        "Net Interest Income": NaN,
        "Interest Expense": NaN,
        "Interest Income": NaN,
        "Normalized Income": NaN,
        "Net Income From Continuing And Discontinued Operation": NaN,
        "Total Expenses": NaN,
        "Total Operating Income As Reported": NaN,
        "Diluted Average Shares": 2785663.0,
        "Basic Average Shares": 2785663.0,
        "Diluted EPS": -3.01,
        "Basic EPS": -3.01,
        "Diluted NI Availto Com Stockholders": NaN,
        "Net Income Common Stockholders": NaN,
        "Net Income": NaN,
        "Minority Interests": NaN,
        "Net Income Including Noncontrolling Interests": NaN,
        "Net Income Continuous Operations": NaN,
        "Tax Provision": NaN,
        "Pretax Income": NaN,
        "Other Income Expense": NaN,
        "Other Non Operating Income Expenses": NaN,
        "Special Income Charges": NaN,
        "Gain On Sale Of Ppe": 0.0,
        "Other Special Charges": 1792308.0,
        "Impairment Of Capital Assets": NaN,
        "Restructuring And Mergern Acquisition": NaN,
        "Gain On Sale Of Security": NaN,
        "Net Non Operating Interest Income Expense": NaN,
        "Interest Expense Non Operating": NaN,
        "Interest Income Non Operating": NaN,
        "Operating Income": NaN,
        "Operating Expense": NaN,
        "Research And Development": NaN,
        "Selling General And Administration": NaN,
        "Selling And Marketing Expense": NaN,
        "General And Administrative Expense": NaN,
        "Other Gand A": NaN,
        "Gross Profit": NaN,
        "Cost Of Revenue": NaN,
        "Total Revenue": NaN,
        "Operating Revenue": NaN
    },
    "2023-09-30": {
        "Tax Effect Of Unusual Items": 0.0,
        "Tax Rate For Calcs": 0.0,
        "Normalized EBITDA": -4544078.0,
        "Total Unusual Items": 2390518.0,
        "Total Unusual Items Excluding Goodwill": 2390518.0,
        "Net Income From Continuing Operation Net Minority Interest": -3708673.0,
        "Reconciled Depreciation": 565585.0,
        "Reconciled Cost Of Revenue": 5111550.0,
        "EBITDA": -2153560.0,
        "EBIT": -2719145.0,
        "Net Interest Income": -946912.0,
        "Interest Expense": 959898.0,
        "Interest Income": 12986.0,
        "Normalized Income": -6099191.0,
        "Net Income From Continuing And Discontinued Operation": -3708673.0,
        "Total Expenses": 11485742.0,
        "Total Operating Income As Reported": -5148043.0,
        "Diluted Average Shares": 2800752.0,
        "Basic Average Shares": 2800752.0,
        "Diluted EPS": -1.32,
        "Basic EPS": -1.32,
        "Diluted NI Availto Com Stockholders": -3708673.0,
        "Net Income Common Stockholders": -3708673.0,
        "Net Income": -3708673.0,
        "Minority Interests": -29630.0,
        "Net Income Including Noncontrolling Interests": -3679043.0,
        "Net Income Continuous Operations": -3679043.0,
        "Tax Provision": 0.0,
        "Pretax Income": -3679043.0,
        "Other Income Expense": 2415912.0,
        "Other Non Operating Income Expenses": 25394.0,
        "Special Income Charges": 527192.0,
        "Gain On Sale Of Ppe": 0.0,
        "Other Special Charges": -507304.0,
        "Impairment Of Capital Assets": 0.0,
        "Restructuring And Mergern Acquisition": -19888.0,
        "Gain On Sale Of Security": 1863326.0,
        "Net Non Operating Interest Income Expense": -946912.0,
        "Interest Expense Non Operating": 959898.0,
        "Interest Income Non Operating": 12986.0,
        "Operating Income": -5148043.0,
        "Operating Expense": 6374192.0,
        "Research And Development": 564146.0,
        "Selling General And Administration": 5810046.0,
        "Selling And Marketing Expense": 1932982.0,
        "General And Administrative Expense": 3877064.0,
        "Other Gand A": 3877064.0,
        "Gross Profit": 1226149.0,
        "Cost Of Revenue": 5111550.0,
        "Total Revenue": 6337699.0,
        "Operating Revenue": 6337699.0
    },
    "2023-12-31": {
        "Tax Effect Of Unusual Items": 0.0,
        "Tax Rate For Calcs": 0.0,
        "Normalized EBITDA": -4692935.0,
        "Total Unusual Items": -1576927.0,
        "Total Unusual Items Excluding Goodwill": -1576927.0,
        "Net Income From Continuing Operation Net Minority Interest": -7480752.0,
        "Reconciled Depreciation": 561610.0,
        "Reconciled Cost Of Revenue": 5679319.0,
        "EBITDA": -6269862.0,
        "EBIT": -6831472.0,
        "Net Interest Income": -641660.0,
        "Interest Expense": 653306.0,
        "Interest Income": 11646.0,
        "Normalized Income": -5903825.0,
        "Net Income From Continuing And Discontinued Operation": -7480752.0,
        "Total Expenses": 11912824.0,
        "Total Operating Income As Reported": -5978999.0,
        "Diluted Average Shares": NaN,
        "Basic Average Shares": NaN,
        "Diluted EPS": NaN,
        "Basic EPS": NaN,
        "Diluted NI Availto Com Stockholders": -7480752.0,
        "Net Income Common Stockholders": -7480752.0,
        "Net Income": -7480752.0,
        "Minority Interests": 4026.0,
        "Net Income Including Noncontrolling Interests": -7484778.0,
        "Net Income Continuous Operations": -7484778.0,
        "Tax Provision": 0.0,
        "Pretax Income": -7484778.0,
        "Other Income Expense": -864119.0,
        "Other Non Operating Income Expenses": 712808.0,
        "Special Income Charges": -1620009.0,
        "Gain On Sale Of Ppe": NaN,
        "Other Special Charges": 1620009.0,
        "Impairment Of Capital Assets": NaN,
        "Restructuring And Mergern Acquisition": 0.0,
        "Gain On Sale Of Security": 43082.0,
        "Net Non Operating Interest Income Expense": -641660.0,
        "Interest Expense Non Operating": 653306.0,
        "Interest Income Non Operating": 11646.0,
        "Operating Income": -5978999.0,
        "Operating Expense": 6233505.0,
        "Research And Development": 579385.0,
        "Selling General And Administration": 5654120.0,
        "Selling And Marketing Expense": 1252432.0,
        "General And Administrative Expense": 4401688.0,
        "Other Gand A": 4401688.0,
        "Gross Profit": 254506.0,
        "Cost Of Revenue": 5679319.0,
        "Total Revenue": 5933825.0,
        "Operating Revenue": 5933825.0
    },
    "2024-03-31": {
        "Tax Effect Of Unusual Items": 0.0,
        "Tax Rate For Calcs": 0.0,
        "Normalized EBITDA": -2358741.0,
        "Total Unusual Items": -384970.0,
        "Total Unusual Items Excluding Goodwill": -384970.0,
        "Net Income From Continuing Operation Net Minority Interest": -3931020.0,
        "Reconciled Depreciation": 550990.0,
        "Reconciled Cost Of Revenue": 4005652.0,
        "EBITDA": -2743711.0,
        "EBIT": -3294701.0,
        "Net Interest Income": -629211.0,
        "Interest Expense": 648567.0,
        "Interest Income": 19356.0,
        "Normalized Income": -3546050.0,
        "Net Income From Continuing And Discontinued Operation": -3931020.0,
        "Total Expenses": 9168385.0,
        "Total Operating Income As Reported": -3639034.0,
        "Diluted Average Shares": 2861229.0,
        "Basic Average Shares": 2861229.0,
        "Diluted EPS": -1.37,
        "Basic EPS": -1.37,
        "Diluted NI Availto Com Stockholders": -3931020.0,
        "Net Income Common Stockholders": -3931020.0,
        "Net Income": -3931020.0,
        "Minority Interests": 12248.0,
        "Net Income Including Noncontrolling Interests": -3943268.0,
        "Net Income Continuous Operations": -3943268.0,
        "Tax Provision": 0.0,
        "Pretax Income": -3943268.0,
        "Other Income Expense": 324977.0,
        "Other Non Operating Income Expenses": 709947.0,
        "Special Income Charges": -36079.0,
        "Gain On Sale Of Ppe": -36079.0,
        "Other Special Charges": NaN,
        "Impairment Of Capital Assets": NaN,
        "Restructuring And Mergern Acquisition": 0.0,
        "Gain On Sale Of Security": -348891.0,
        "Net Non Operating Interest Income Expense": -629211.0,
        "Interest Expense Non Operating": 648567.0,
        "Interest Income Non Operating": 19356.0,
        "Operating Income": -3639034.0,
        "Operating Expense": 5162733.0,
        "Research And Development": 487466.0,
        "Selling General And Administration": 4675267.0,
        "Selling And Marketing Expense": 761118.0,
        "General And Administrative Expense": 3914149.0,
        "Other Gand A": 3914149.0,
        "Gross Profit": 1523699.0,
        "Cost Of Revenue": 4005652.0,
        "Total Revenue": 5529351.0,
        "Operating Revenue": 5529351.0
    },
    "2024-06-30": {
        "Tax Effect Of Unusual Items": 0.0,
        "Tax Rate For Calcs": 0.0,
        "Normalized EBITDA": -3325833.0,
        "Total Unusual Items": -71645.0,
        "Total Unusual Items Excluding Goodwill": -71645.0,
        "Net Income From Continuing Operation Net Minority Interest": -5083861.0,
        "Reconciled Depreciation": 528010.0,
        "Reconciled Cost Of Revenue": 5373843.0,
        "EBITDA": -3397478.0,
        "EBIT": -3925488.0,
        "Net Interest Income": -1055130.0,
        "Interest Expense": 1085063.0,
        "Interest Income": 29933.0,
        "Normalized Income": -5012216.0,
        "Net Income From Continuing And Discontinued Operation": -5083861.0,
        "Total Expenses": 9530456.0,
        "Total Operating Income As Reported": -3914221.0,
        "Diluted Average Shares": 2921307.0,
        "Basic Average Shares": 2921307.0,
        "Diluted EPS": -1.74,
        "Basic EPS": -1.74,
        "Diluted NI Availto Com Stockholders": -5083861.0,
        "Net Income Common Stockholders": -5083861.0,
        "Net Income": -5083861.0,
        "Minority Interests": -73310.0,
        "Net Income Including Noncontrolling Interests": -5010551.0,
        "Net Income Continuous Operations": -5010551.0,
        "Tax Provision": 0.0,
        "Pretax Income": -5010551.0,
        "Other Income Expense": -41200.0,
        "Other Non Operating Income Expenses": 30445.0,
        "Special Income Charges": -68827.0,
        "Gain On Sale Of Ppe": 0.0,
        "Other Special Charges": 68827.0,
        "Impairment Of Capital Assets": NaN,
        "Restructuring And Mergern Acquisition": 0.0,
        "Gain On Sale Of Security": -2818.0,
        "Net Non Operating Interest Income Expense": -1055130.0,
        "Interest Expense Non Operating": 1085063.0,
        "Interest Income Non Operating": 29933.0,
        "Operating Income": -3914221.0,
        "Operating Expense": 4156613.0,
        "Research And Development": 545776.0,
        "Selling General And Administration": 3610837.0,
        "Selling And Marketing Expense": 728906.0,
        "General And Administrative Expense": 2881931.0,
        "Other Gand A": 2881931.0,
        "Gross Profit": 242392.0,
        "Cost Of Revenue": 5373843.0,
        "Total Revenue": 5616235.0,
        "Operating Revenue": 5616235.0
    },
    "2024-09-30": {
        "Tax Effect Of Unusual Items": 0.0,
        "Tax Rate For Calcs": 0.0,
        "Normalized EBITDA": -2030358.0,
        "Total Unusual Items": -2169262.0,
        "Total Unusual Items Excluding Goodwill": -2169262.0,
        "Net Income From Continuing Operation Net Minority Interest": -3470506.0,
        "Reconciled Depreciation": 499246.0,
        "Reconciled Cost Of Revenue": 2311737.0,
        "EBITDA": -4199620.0,
        "EBIT": -4698866.0,
        "Net Interest Income": -758071.0,
        "Interest Expense": 771846.0,
        "Interest Income": 13775.0,
        "Normalized Income": -1301244.0,
        "Net Income From Continuing And Discontinued Operation": -3470506.0,
        "Total Expenses": 6604010.0,
        "Total Operating Income As Reported": -7382299.0,
        "Diluted Average Shares": 3820860.0,
        "Basic Average Shares": 3820860.0,
        "Diluted EPS": -0.91,
        "Basic EPS": -0.91,
        "Diluted NI Availto Com Stockholders": -3470506.0,
        "Net Income Common Stockholders": -3470506.0,
        "Net Income": -3470506.0,
        "Minority Interests": 2000206.0,
        "Net Income Including Noncontrolling Interests": -5470712.0,
        "Net Income Continuous Operations": -5470712.0,
        "Tax Provision": 0.0,
        "Pretax Income": -5470712.0,
        "Other Income Expense": -2160342.0,
        "Other Non Operating Income Expenses": 8920.0,
        "Special Income Charges": -4699937.0,
        "Gain On Sale Of Ppe": 431183.0,
        "Other Special Charges": 301120.0,
        "Impairment Of Capital Assets": 4830000.0,
        "Restructuring And Mergern Acquisition": 0.0,
        "Gain On Sale Of Security": 2530675.0,
        "Net Non Operating Interest Income Expense": -758071.0,
        "Interest Expense Non Operating": 771846.0,
        "Interest Income Non Operating": 13775.0,
        "Operating Income": -2552299.0,
        "Operating Expense": 4292273.0,
        "Research And Development": 210818.0,
        "Selling General And Administration": 4081455.0,
        "Selling And Marketing Expense": 414727.0,
        "General And Administrative Expense": 3666728.0,
        "Other Gand A": 3666728.0,
        "Gross Profit": 1739974.0,
        "Cost Of Revenue": 2311737.0,
        "Total Revenue": 4051711.0,
        "Operating Revenue": 4051711.0
    }
}