{
    "2023-06-30": {
        "Tax Effect Of Unusual Items": NaN,
        "Tax Rate For Calcs": NaN,
        "Normalized EBITDA": NaN,
        "Total Unusual Items": NaN,
        "Total Unusual Items Excluding Goodwill": NaN,
        "Net Income From Continuing Operation Net Minority Interest": NaN,
        "Reconciled Depreciation": NaN,
        "Reconciled Cost Of Revenue": NaN,
        "EBITDA": NaN,
        "EBIT": NaN,
        "Net Interest Income": NaN,
        "Interest Expense": NaN,
        "Interest Income": NaN,
        "Normalized Income": NaN,
        "Net Income From Continuing And Discontinued Operation": NaN,
        "Total Expenses": NaN,
        "Total Operating Income As Reported": NaN,
        "Diluted Average Shares": NaN,
        "Basic Average Shares": NaN,
        "Diluted EPS": NaN,
        "Basic EPS": NaN,
        "Diluted NI Availto Com Stockholders": NaN,
        "Average Dilution Earnings": NaN,
        "Net Income Common Stockholders": NaN,
        "Preferred Stock Dividends": NaN,
        "Net Income": NaN,
        "Net Income Including Noncontrolling Interests": NaN,
        "Net Income Discontinuous Operations": NaN,
        "Net Income Continuous Operations": NaN,
        "Tax Provision": NaN,
        "Pretax Income": NaN,
        "Other Income Expense": NaN,
        "Other Non Operating Income Expenses": 2000000.0,
        "Gain On Sale Of Security": NaN,
        "Net Non Operating Interest Income Expense": NaN,
        "Interest Expense Non Operating": NaN,
        "Interest Income Non Operating": NaN,
        "Operating Income": NaN,
        "Operating Expense": NaN,
        "Research And Development": NaN,
        "Selling General And Administration": NaN,
        "Gross Profit": NaN,
        "Cost Of Revenue": NaN,
        "Total Revenue": NaN,
        "Operating Revenue": NaN
    },
    "2023-03-31": {
        "Tax Effect Of Unusual Items": NaN,
        "Tax Rate For Calcs": NaN,
        "Normalized EBITDA": NaN,
        "Total Unusual Items": NaN,
        "Total Unusual Items Excluding Goodwill": NaN,
        "Net Income From Continuing Operation Net Minority Interest": NaN,
        "Reconciled Depreciation": NaN,
        "Reconciled Cost Of Revenue": NaN,
        "EBITDA": NaN,
        "EBIT": NaN,
        "Net Interest Income": NaN,
        "Interest Expense": NaN,
        "Interest Income": NaN,
        "Normalized Income": NaN,
        "Net Income From Continuing And Discontinued Operation": NaN,
        "Total Expenses": NaN,
        "Total Operating Income As Reported": NaN,
        "Diluted Average Shares": NaN,
        "Basic Average Shares": NaN,
        "Diluted EPS": NaN,
        "Basic EPS": NaN,
        "Diluted NI Availto Com Stockholders": NaN,
        "Average Dilution Earnings": 0.0,
        "Net Income Common Stockholders": NaN,
        "Preferred Stock Dividends": 21000000.0,
        "Net Income": NaN,
        "Net Income Including Noncontrolling Interests": NaN,
        "Net Income Discontinuous Operations": NaN,
        "Net Income Continuous Operations": NaN,
        "Tax Provision": NaN,
        "Pretax Income": NaN,
        "Other Income Expense": NaN,
        "Other Non Operating Income Expenses": NaN,
        "Gain On Sale Of Security": NaN,
        "Net Non Operating Interest Income Expense": NaN,
        "Interest Expense Non Operating": NaN,
        "Interest Income Non Operating": NaN,
        "Operating Income": NaN,
        "Operating Expense": NaN,
        "Research And Development": NaN,
        "Selling General And Administration": NaN,
        "Gross Profit": NaN,
        "Cost Of Revenue": NaN,
        "Total Revenue": NaN,
        "Operating Revenue": NaN
    },
    "2022-12-31": {
        "Tax Effect Of Unusual Items": NaN,
        "Tax Rate For Calcs": NaN,
        "Normalized EBITDA": NaN,
        "Total Unusual Items": NaN,
        "Total Unusual Items Excluding Goodwill": NaN,
        "Net Income From Continuing Operation Net Minority Interest": NaN,
        "Reconciled Depreciation": NaN,
        "Reconciled Cost Of Revenue": NaN,
        "EBITDA": NaN,
        "EBIT": NaN,
        "Net Interest Income": NaN,
        "Interest Expense": NaN,
        "Interest Income": NaN,
        "Normalized Income": NaN,
        "Net Income From Continuing And Discontinued Operation": NaN,
        "Total Expenses": NaN,
        "Total Operating Income As Reported": NaN,
        "Diluted Average Shares": NaN,
        "Basic Average Shares": NaN,
        "Diluted EPS": NaN,
        "Basic EPS": NaN,
        "Diluted NI Availto Com Stockholders": NaN,
        "Average Dilution Earnings": NaN,
        "Net Income Common Stockholders": NaN,
        "Preferred Stock Dividends": 22000000.0,
        "Net Income": NaN,
        "Net Income Including Noncontrolling Interests": NaN,
        "Net Income Discontinuous Operations": 0.0,
        "Net Income Continuous Operations": NaN,
        "Tax Provision": NaN,
        "Pretax Income": NaN,
        "Other Income Expense": NaN,
        "Other Non Operating Income Expenses": NaN,
        "Special Income Charges": 0.0,
        "Gain On Sale Of Business": 0.0,
        "Gain On Sale Of Security": NaN,
        "Net Non Operating Interest Income Expense": NaN,
        "Interest Expense Non Operating": NaN,
        "Interest Income Non Operating": NaN,
        "Operating Income": NaN,
        "Operating Expense": NaN,
        "Research And Development": NaN,
        "Selling General And Administration": NaN,
        "Gross Profit": NaN,
        "Cost Of Revenue": NaN,
        "Total Revenue": NaN,
        "Operating Revenue": NaN
    },
    "2022-09-30": {
        "Tax Effect Of Unusual Items": NaN,
        "Tax Rate For Calcs": NaN,
        "Normalized EBITDA": NaN,
        "Total Unusual Items": NaN,
        "Total Unusual Items Excluding Goodwill": NaN,
        "Net Income From Continuing Operation Net Minority Interest": NaN,
        "Reconciled Depreciation": NaN,
        "Reconciled Cost Of Revenue": NaN,
        "EBITDA": NaN,
        "EBIT": NaN,
        "Net Interest Income": NaN,
        "Interest Expense": NaN,
        "Interest Income": NaN,
        "Normalized Income": NaN,
        "Net Income From Continuing And Discontinued Operation": NaN,
        "Total Expenses": NaN,
        "Total Operating Income As Reported": NaN,
        "Diluted Average Shares": NaN,
        "Basic Average Shares": NaN,
        "Diluted EPS": NaN,
        "Basic EPS": NaN,
        "Diluted NI Availto Com Stockholders": NaN,
        "Average Dilution Earnings": 0.0,
        "Net Income Common Stockholders": NaN,
        "Preferred Stock Dividends": 21000000.0,
        "Net Income": NaN,
        "Net Income Including Noncontrolling Interests": NaN,
        "Net Income Discontinuous Operations": 0.0,
        "Net Income Continuous Operations": NaN,
        "Tax Provision": NaN,
        "Pretax Income": NaN,
        "Other Income Expense": NaN,
        "Other Non Operating Income Expenses": NaN,
        "Special Income Charges": 0.0,
        "Gain On Sale Of Business": 0.0,
        "Gain On Sale Of Security": NaN,
        "Net Non Operating Interest Income Expense": NaN,
        "Interest Expense Non Operating": NaN,
        "Interest Income Non Operating": NaN,
        "Operating Income": NaN,
        "Operating Expense": NaN,
        "Research And Development": NaN,
        "Selling General And Administration": NaN,
        "Gross Profit": NaN,
        "Cost Of Revenue": NaN,
        "Total Revenue": NaN,
        "Operating Revenue": NaN
    },
    "2022-06-30": {
        "Tax Effect Of Unusual Items": -18424000.0,
        "Tax Rate For Calcs": 0.188,
        "Normalized EBITDA": 2770000000.0,
        "Total Unusual Items": -98000000.0,
        "Total Unusual Items Excluding Goodwill": -98000000.0,
        "Net Income From Continuing Operation Net Minority Interest": 1680000000.0,
        "Reconciled Depreciation": 552000000.0,
        "Reconciled Cost Of Revenue": 3030000000.0,
        "EBITDA": 2672000000.0,
        "EBIT": 2120000000.0,
        "Net Interest Income": -49000000.0,
        "Interest Expense": 51000000.0,
        "Interest Income": 2000000.0,
        "Normalized Income": 1759576000.0,
        "Net Income From Continuing And Discontinued Operation": 1680000000.0,
        "Total Expenses": 5546000000.0,
        "Total Operating Income As Reported": 2205000000.0,
        "Diluted Average Shares": 736000000.0,
        "Basic Average Shares": 726700000.0,
        "Diluted EPS": 2.25,
        "Basic EPS": 2.28,
        "Diluted NI Availto Com Stockholders": 1658000000.0,
        "Average Dilution Earnings": NaN,
        "Net Income Common Stockholders": 1658000000.0,
        "Preferred Stock Dividends": 22000000.0,
        "Net Income": 1680000000.0,
        "Net Income Including Noncontrolling Interests": 1680000000.0,
        "Net Income Discontinuous Operations": 0.0,
        "Net Income Continuous Operations": 1680000000.0,
        "Tax Provision": 389000000.0,
        "Pretax Income": 2069000000.0,
        "Other Income Expense": -87000000.0,
        "Other Non Operating Income Expenses": 11000000.0,
        "Special Income Charges": 0.0,
        "Gain On Sale Of Business": 0.0,
        "Gain On Sale Of Security": -98000000.0,
        "Net Non Operating Interest Income Expense": -49000000.0,
        "Interest Expense Non Operating": 51000000.0,
        "Interest Income Non Operating": 2000000.0,
        "Operating Income": 2205000000.0,
        "Operating Expense": 2516000000.0,
        "Research And Development": 431000000.0,
        "Selling General And Administration": 2085000000.0,
        "Gross Profit": 4721000000.0,
        "Cost Of Revenue": 3030000000.0,
        "Total Revenue": 7751000000.0,
        "Operating Revenue": 7751000000.0
    },
    "2022-03-31": {
        "Diluted EPS": 2.31,
        "Total Revenue": NaN,
        "Gross Profit": NaN,
        "Operating Income": NaN,
        "EBIT": NaN,
        "Net Income": NaN
    },
    "2021-12-31": {
        "Diluted EPS": 2.38,
        "Total Revenue": NaN,
        "Gross Profit": NaN,
        "Operating Income": NaN,
        "EBIT": NaN,
        "Net Income": NaN
    },
    "2021-09-30": {
        "Diluted EPS": 1.54,
        "Total Revenue": NaN,
        "Gross Profit": NaN,
        "Operating Income": NaN,
        "EBIT": NaN,
        "Net Income": NaN
    },
    "2021-06-30": {
        "Diluted EPS": 2.4,
        "Total Revenue": NaN,
        "Gross Profit": NaN,
        "Operating Income": NaN,
        "EBIT": NaN,
        "Net Income": NaN
    },
    "2021-03-31": {
        "Diluted EPS": 2.29,
        "Total Revenue": NaN,
        "Gross Profit": NaN,
        "Operating Income": NaN,
        "EBIT": NaN,
        "Net Income": NaN
    },
    "2020-12-31": {
        "Diluted EPS": 1.68,
        "Total Revenue": NaN,
        "Gross Profit": NaN,
        "Operating Income": NaN,
        "EBIT": NaN,
        "Net Income": NaN
    },
    "2020-09-30": {
        "Diluted EPS": 1.16,
        "Total Revenue": NaN,
        "Gross Profit": NaN,
        "Operating Income": NaN,
        "EBIT": NaN,
        "Net Income": 842
    },
    "2020-06-30": {
        "Diluted EPS": 1.24,
        "Total Revenue": NaN,
        "Gross Profit": NaN,
        "Operating Income": 844,
        "EBIT": NaN,
        "Net Income": 892
    },
    "2020-03-31": {
        "Diluted EPS": 0.81,
        "Total Revenue": NaN,
        "Gross Profit": NaN,
        "Operating Income": 698,
        "EBIT": 995,
        "Net Income": 576
    },
    "2019-12-31": {
        "Diluted EPS": 1.73,
        "Total Revenue": NaN,
        "Gross Profit": NaN,
        "Operating Income": 961,
        "EBIT": NaN,
        "Net Income": NaN
    },
    "2019-09-30": {
        "Diluted EPS": 0.89,
        "Total Revenue": NaN,
        "Gross Profit": NaN,
        "Operating Income": 776,
        "EBIT": NaN,
        "Net Income": 648
    },
    "2019-06-30": {
        "Diluted EPS": 0.97,
        "Total Revenue": NaN,
        "Gross Profit": NaN,
        "Operating Income": 812,
        "EBIT": NaN,
        "Net Income": 709
    },
    "2019-03-31": {
        "Diluted EPS": 0.46,
        "Total Revenue": NaN,
        "Gross Profit": NaN,
        "Operating Income": 720,
        "EBIT": NaN,
        "Net Income": 327
    },
    "2018-12-31": {
        "Diluted EPS": 1.06,
        "Total Revenue": NaN,
        "Gross Profit": NaN,
        "Operating Income": 614,
        "EBIT": 815,
        "Net Income": 747
    },
    "2018-09-30": {
        "Diluted EPS": 0.93,
        "Total Revenue": NaN,
        "Gross Profit": NaN,
        "Operating Income": 831,
        "EBIT": NaN,
        "Net Income": 664
    },
    "2018-06-30": {
        "Diluted EPS": 0.95,
        "Total Revenue": NaN,
        "Gross Profit": NaN,
        "Operating Income": 868,
        "EBIT": NaN,
        "Net Income": 674
    },
    "2018-03-31": {
        "Diluted EPS": 0.8,
        "Total Revenue": NaN,
        "Gross Profit": NaN,
        "Operating Income": 743,
        "EBIT": NaN,
        "Net Income": 567
    },
    "2017-12-31": {
        "Diluted EPS": 1.21,
        "Total Revenue": NaN,
        "Gross Profit": NaN,
        "Operating Income": 519,
        "EBIT": 716,
        "Net Income": 857
    },
    "2017-09-30": {
        "Diluted EPS": 0.81,
        "Total Revenue": NaN,
        "Gross Profit": NaN,
        "Operating Income": 759,
        "EBIT": NaN,
        "Net Income": 572
    },
    "2017-06-30": {
        "Diluted EPS": 0.79,
        "Total Revenue": NaN,
        "Gross Profit": NaN,
        "Operating Income": 677,
        "EBIT": 980,
        "Net Income": 557
    },
    "2017-03-31": {
        "Diluted EPS": 0.72,
        "Total Revenue": NaN,
        "Gross Profit": NaN,
        "Operating Income": 617,
        "EBIT": 923,
        "Net Income": 506
    },
    "2016-12-31": {
        "Diluted EPS": 1.06,
        "Total Revenue": NaN,
        "Gross Profit": NaN,
        "Operating Income": 713,
        "EBIT": NaN,
        "Net Income": 747
    },
    "2016-09-30": {
        "Diluted EPS": 0.56,
        "Total Revenue": NaN,
        "Gross Profit": NaN,
        "Operating Income": 699,
        "EBIT": 976,
        "Net Income": 392
    },
    "2016-06-30": {
        "Diluted EPS": 0.94,
        "Total Revenue": NaN,
        "Gross Profit": NaN,
        "Operating Income": 710,
        "EBIT": 988,
        "Net Income": 657
    },
    "2016-03-31": {
        "Diluted EPS": 1.09,
        "Total Revenue": NaN,
        "Gross Profit": NaN,
        "Operating Income": 613,
        "EBIT": 881,
        "Net Income": 758
    },
    "2015-12-31": {
        "Diluted EPS": 0.97,
        "Total Revenue": NaN,
        "Gross Profit": 766,
        "Operating Income": -7,
        "EBIT": 265,
        "Net Income": 689
    },
    "2015-09-30": {
        "Diluted EPS": 2.01,
        "Total Revenue": NaN,
        "Gross Profit": NaN,
        "Operating Income": 480,
        "EBIT": 616,
        "Net Income": NaN
    },
    "2015-06-30": {
        "Diluted EPS": 0.97,
        "Total Revenue": NaN,
        "Gross Profit": NaN,
        "Operating Income": 934,
        "EBIT": NaN,
        "Net Income": 696
    },
    "2015-03-31": {
        "Diluted EPS": 0.79,
        "Total Revenue": NaN,
        "Gross Profit": NaN,
        "Operating Income": 755,
        "EBIT": 991,
        "Net Income": 570
    },
    "2014-12-31": {
        "Diluted EPS": 0.92,
        "Total Revenue": NaN,
        "Gross Profit": NaN,
        "Operating Income": 887,
        "EBIT": 941,
        "Net Income": 662
    },
    "2014-09-30": {
        "Diluted EPS": 0.95,
        "Total Revenue": NaN,
        "Gross Profit": NaN,
        "Operating Income": 866,
        "EBIT": NaN,
        "Net Income": 681
    },
    "2014-06-30": {
        "Diluted EPS": 0.95,
        "Total Revenue": NaN,
        "Gross Profit": NaN,
        "Operating Income": 889,
        "EBIT": NaN,
        "Net Income": 676
    },
    "2014-03-31": {
        "Diluted EPS": 0.81,
        "Total Revenue": NaN,
        "Gross Profit": NaN,
        "Operating Income": 789,
        "EBIT": NaN,
        "Net Income": 580
    },
    "2013-12-31": {
        "Diluted EPS": 1.11,
        "Total Revenue": NaN,
        "Gross Profit": NaN,
        "Operating Income": 888,
        "EBIT": NaN,
        "Net Income": 789
    },
    "2013-09-30": {
        "Diluted EPS": 0.84,
        "Total Revenue": NaN,
        "Gross Profit": NaN,
        "Operating Income": 812,
        "EBIT": NaN,
        "Net Income": 597
    },
    "2013-06-30": {
        "Diluted EPS": 0.87,
        "Total Revenue": NaN,
        "Gross Profit": NaN,
        "Operating Income": 844,
        "EBIT": NaN,
        "Net Income": 617
    },
    "2013-03-31": {
        "Diluted EPS": 0.98,
        "Total Revenue": NaN,
        "Gross Profit": NaN,
        "Operating Income": 731,
        "EBIT": 948,
        "Net Income": 692
    },
    "2012-12-31": {
        "Diluted EPS": 0.89,
        "Total Revenue": NaN,
        "Gross Profit": NaN,
        "Operating Income": 863,
        "EBIT": NaN,
        "Net Income": 630
    },
    "2012-09-30": {
        "Diluted EPS": 0.77,
        "Total Revenue": NaN,
        "Gross Profit": NaN,
        "Operating Income": 756,
        "EBIT": 966,
        "Net Income": 549
    },
    "2012-06-30": {
        "Diluted EPS": 0.84,
        "Total Revenue": NaN,
        "Gross Profit": NaN,
        "Operating Income": 811,
        "EBIT": NaN,
        "Net Income": 600
    },
    "2012-03-31": {
        "Diluted EPS": 0.86,
        "Total Revenue": NaN,
        "Gross Profit": NaN,
        "Operating Income": 735,
        "EBIT": 937,
        "Net Income": 613
    },
    "2011-12-31": {
        "Diluted EPS": 0.8,
        "Total Revenue": NaN,
        "Gross Profit": NaN,
        "Operating Income": 779,
        "EBIT": 983,
        "Net Income": 571
    },
    "2011-09-30": {
        "Diluted EPS": 0.74,
        "Total Revenue": NaN,
        "Gross Profit": NaN,
        "Operating Income": 643,
        "EBIT": 851,
        "Net Income": 523
    },
    "2011-06-30": {
        "Diluted EPS": 0.94,
        "Total Revenue": NaN,
        "Gross Profit": NaN,
        "Operating Income": 610,
        "EBIT": 729,
        "Net Income": 649
    },
    "2011-03-31": {
        "Diluted EPS": 0.63,
        "Total Revenue": NaN,
        "Gross Profit": NaN,
        "Operating Income": 585,
        "EBIT": 689,
        "Net Income": 429
    },
    "2010-12-31": {
        "Diluted EPS": 0.69,
        "Total Revenue": NaN,
        "Gross Profit": NaN,
        "Operating Income": 557,
        "EBIT": 659,
        "Net Income": 474
    },
    "2010-09-30": {
        "Diluted EPS": 0.95,
        "Total Revenue": NaN,
        "Gross Profit": NaN,
        "Operating Income": 553,
        "EBIT": 649,
        "Net Income": 646
    },
    "2010-06-30": {
        "Diluted EPS": 0.55,
        "Total Revenue": NaN,
        "Gross Profit": NaN,
        "Operating Income": 518,
        "EBIT": 615,
        "Net Income": 372
    },
    "2010-03-31": {
        "Diluted EPS": 0.45,
        "Total Revenue": NaN,
        "Gross Profit": NaN,
        "Operating Income": 422,
        "EBIT": 515,
        "Net Income": 300
    },
    "2009-12-31": {
        "Diluted EPS": 0.4,
        "Total Revenue": NaN,
        "Gross Profit": NaN,
        "Operating Income": 291,
        "EBIT": 370,
        "Net Income": 267
    },
    "2009-09-30": {
        "Diluted EPS": 0.53,
        "Total Revenue": NaN,
        "Gross Profit": NaN,
        "Operating Income": 465,
        "EBIT": 550,
        "Net Income": 351
    },
    "2009-06-30": {
        "Diluted EPS": 0.44,
        "Total Revenue": NaN,
        "Gross Profit": NaN,
        "Operating Income": 344,
        "EBIT": 430,
        "Net Income": 296
    },
    "2009-03-31": {
        "Diluted EPS": 0.36,
        "Total Revenue": NaN,
        "Gross Profit": NaN,
        "Operating Income": 340,
        "EBIT": 421,
        "Net Income": 238
    },
    "2023-09-30": {
        "Tax Effect Of Unusual Items": NaN,
        "Tax Rate For Calcs": NaN,
        "Normalized EBITDA": NaN,
        "Total Unusual Items": NaN,
        "Total Unusual Items Excluding Goodwill": NaN,
        "Net Income From Continuing Operation Net Minority Interest": NaN,
        "Reconciled Depreciation": NaN,
        "Reconciled Cost Of Revenue": NaN,
        "EBITDA": NaN,
        "EBIT": NaN,
        "Net Interest Income": NaN,
        "Interest Expense": NaN,
        "Interest Income": NaN,
        "Normalized Income": NaN,
        "Net Income From Continuing And Discontinued Operation": NaN,
        "Total Expenses": NaN,
        "Total Operating Income As Reported": NaN,
        "Diluted Average Shares": NaN,
        "Basic Average Shares": NaN,
        "Diluted EPS": NaN,
        "Basic EPS": NaN,
        "Diluted NI Availto Com Stockholders": NaN,
        "Average Dilution Earnings": 0.0,
        "Net Income Common Stockholders": NaN,
        "Preferred Stock Dividends": NaN,
        "Net Income": NaN,
        "Net Income Including Noncontrolling Interests": NaN,
        "Net Income Discontinuous Operations": 189000000.0,
        "Net Income Continuous Operations": NaN,
        "Tax Provision": NaN,
        "Pretax Income": NaN,
        "Other Income Expense": NaN,
        "Other Non Operating Income Expenses": 1000000.0,
        "Special Income Charges": NaN,
        "Gain On Sale Of Business": NaN,
        "Gain On Sale Of Security": NaN,
        "Net Non Operating Interest Income Expense": NaN,
        "Interest Expense Non Operating": NaN,
        "Interest Income Non Operating": NaN,
        "Operating Income": NaN,
        "Operating Expense": NaN,
        "Research And Development": NaN,
        "Selling General And Administration": NaN,
        "Gross Profit": NaN,
        "Cost Of Revenue": NaN,
        "Total Revenue": NaN,
        "Operating Revenue": NaN
    },
    "2023-12-31": {
        "Tax Effect Of Unusual Items": NaN,
        "Tax Rate For Calcs": NaN,
        "Normalized EBITDA": NaN,
        "Total Unusual Items": NaN,
        "Total Unusual Items Excluding Goodwill": NaN,
        "Net Income From Continuing Operation Net Minority Interest": NaN,
        "Reconciled Depreciation": NaN,
        "Reconciled Cost Of Revenue": NaN,
        "EBITDA": NaN,
        "EBIT": NaN,
        "Net Interest Income": NaN,
        "Interest Expense": NaN,
        "Interest Income": NaN,
        "Normalized Income": NaN,
        "Net Income From Continuing And Discontinued Operation": NaN,
        "Total Expenses": NaN,
        "Total Operating Income As Reported": NaN,
        "Diluted Average Shares": NaN,
        "Basic Average Shares": NaN,
        "Diluted EPS": NaN,
        "Basic EPS": NaN,
        "Diluted NI Availto Com Stockholders": NaN,
        "Net Income Common Stockholders": NaN,
        "Preferred Stock Dividends": 0.0,
        "Net Income": NaN,
        "Net Income Including Noncontrolling Interests": NaN,
        "Net Income Discontinuous Operations": NaN,
        "Net Income Continuous Operations": NaN,
        "Tax Provision": NaN,
        "Pretax Income": NaN,
        "Other Income Expense": NaN,
        "Other Non Operating Income Expenses": 1000000.0,
        "Special Income Charges": NaN,
        "Gain On Sale Of Business": NaN,
        "Gain On Sale Of Security": NaN,
        "Net Non Operating Interest Income Expense": NaN,
        "Interest Expense Non Operating": NaN,
        "Interest Income Non Operating": NaN,
        "Operating Income": NaN,
        "Operating Expense": NaN,
        "Research And Development": NaN,
        "Selling General And Administration": NaN,
        "Gross Profit": NaN,
        "Cost Of Revenue": NaN,
        "Total Revenue": NaN,
        "Operating Revenue": NaN
    },
    "2024-03-31": {
        "Tax Effect Of Unusual Items": NaN,
        "Tax Rate For Calcs": NaN,
        "Normalized EBITDA": NaN,
        "Total Unusual Items": NaN,
        "Total Unusual Items Excluding Goodwill": NaN,
        "Net Income From Continuing Operation Net Minority Interest": NaN,
        "Reconciled Depreciation": NaN,
        "Reconciled Cost Of Revenue": NaN,
        "EBITDA": NaN,
        "EBIT": NaN,
        "Net Interest Income": NaN,
        "Interest Expense": NaN,
        "Interest Income": NaN,
        "Normalized Income": NaN,
        "Net Income From Continuing And Discontinued Operation": NaN,
        "Total Expenses": NaN,
        "Total Operating Income As Reported": NaN,
        "Diluted Average Shares": NaN,
        "Basic Average Shares": NaN,
        "Diluted EPS": NaN,
        "Basic EPS": NaN,
        "Diluted NI Availto Com Stockholders": NaN,
        "Net Income Common Stockholders": NaN,
        "Preferred Stock Dividends": NaN,
        "Net Income": NaN,
        "Net Income Including Noncontrolling Interests": NaN,
        "Net Income Discontinuous Operations": 0.0,
        "Net Income Continuous Operations": NaN,
        "Tax Provision": NaN,
        "Pretax Income": NaN,
        "Other Income Expense": NaN,
        "Other Non Operating Income Expenses": 1000000.0,
        "Special Income Charges": 0.0,
        "Gain On Sale Of Business": 0.0,
        "Gain On Sale Of Security": NaN,
        "Net Non Operating Interest Income Expense": NaN,
        "Interest Expense Non Operating": NaN,
        "Interest Income Non Operating": NaN,
        "Operating Income": NaN,
        "Operating Expense": NaN,
        "Research And Development": NaN,
        "Selling General And Administration": NaN,
        "Gross Profit": NaN,
        "Cost Of Revenue": NaN,
        "Total Revenue": NaN,
        "Operating Revenue": NaN
    },
    "2024-06-30": {
        "Tax Effect Of Unusual Items": -9617000.0,
        "Tax Rate For Calcs": 0.163,
        "Normalized EBITDA": 1787000000.0,
        "Total Unusual Items": -59000000.0,
        "Total Unusual Items Excluding Goodwill": -59000000.0,
        "Net Income From Continuing Operation Net Minority Interest": 907000000.0,
        "Reconciled Depreciation": 580000000.0,
        "Reconciled Cost Of Revenue": 2315000000.0,
        "EBITDA": 1728000000.0,
        "EBIT": 1148000000.0,
        "Net Interest Income": -26000000.0,
        "Interest Expense": 65000000.0,
        "Interest Income": 39000000.0,
        "Normalized Income": 956383000.0,
        "Net Income From Continuing And Discontinued Operation": 907000000.0,
        "Total Expenses": 4575000000.0,
        "Total Operating Income As Reported": 1168000000.0,
        "Diluted Average Shares": 742400000.0,
        "Basic Average Shares": 737600000.0,
        "Diluted EPS": 1.22,
        "Basic EPS": 1.23,
        "Diluted NI Availto Com Stockholders": 907000000.0,
        "Net Income Common Stockholders": 907000000.0,
        "Preferred Stock Dividends": NaN,
        "Net Income": 907000000.0,
        "Net Income Including Noncontrolling Interests": 907000000.0,
        "Net Income Discontinuous Operations": 0.0,
        "Net Income Continuous Operations": 907000000.0,
        "Tax Provision": 176000000.0,
        "Pretax Income": 1083000000.0,
        "Other Income Expense": -59000000.0,
        "Other Non Operating Income Expenses": NaN,
        "Special Income Charges": 0.0,
        "Gain On Sale Of Business": 0.0,
        "Gain On Sale Of Security": -59000000.0,
        "Net Non Operating Interest Income Expense": -26000000.0,
        "Interest Expense Non Operating": 65000000.0,
        "Interest Income Non Operating": 39000000.0,
        "Operating Income": 1168000000.0,
        "Operating Expense": 2260000000.0,
        "Research And Development": 391000000.0,
        "Selling General And Administration": 1869000000.0,
        "Gross Profit": 3428000000.0,
        "Cost Of Revenue": 2315000000.0,
        "Total Revenue": 5743000000.0,
        "Operating Revenue": 5743000000.0
    },
    "2024-09-30": {
        "Tax Effect Of Unusual Items": 16789000.0,
        "Tax Rate For Calcs": 0.163,
        "Normalized EBITDA": 1552000000.0,
        "Total Unusual Items": 103000000.0,
        "Total Unusual Items Excluding Goodwill": 103000000.0,
        "Net Income From Continuing Operation Net Minority Interest": 818000000.0,
        "Reconciled Depreciation": 591000000.0,
        "Reconciled Cost Of Revenue": 2397000000.0,
        "EBITDA": 1655000000.0,
        "EBIT": 1064000000.0,
        "Net Interest Income": -83000000.0,
        "Interest Expense": 87000000.0,
        "Interest Income": 4000000.0,
        "Normalized Income": 731789000.0,
        "Net Income From Continuing And Discontinued Operation": 818000000.0,
        "Total Expenses": 4840000000.0,
        "Total Operating Income As Reported": 958000000.0,
        "Diluted Average Shares": 729400000.0,
        "Basic Average Shares": 723000000.0,
        "Diluted EPS": 1.12,
        "Basic EPS": 1.13,
        "Diluted NI Availto Com Stockholders": 818000000.0,
        "Net Income Common Stockholders": 818000000.0,
        "Preferred Stock Dividends": NaN,
        "Net Income": 818000000.0,
        "Net Income Including Noncontrolling Interests": 818000000.0,
        "Net Income Discontinuous Operations": 0.0,
        "Net Income Continuous Operations": 818000000.0,
        "Tax Provision": 159000000.0,
        "Pretax Income": 977000000.0,
        "Other Income Expense": 102000000.0,
        "Other Non Operating Income Expenses": -1000000.0,
        "Special Income Charges": NaN,
        "Gain On Sale Of Business": NaN,
        "Gain On Sale Of Security": 103000000.0,
        "Net Non Operating Interest Income Expense": -83000000.0,
        "Interest Expense Non Operating": 87000000.0,
        "Interest Income Non Operating": 4000000.0,
        "Operating Income": 958000000.0,
        "Operating Expense": 2443000000.0,
        "Research And Development": 383000000.0,
        "Selling General And Administration": 2060000000.0,
        "Gross Profit": 3401000000.0,
        "Cost Of Revenue": 2397000000.0,
        "Total Revenue": 5798000000.0,
        "Operating Revenue": 5798000000.0
    },
    "2024-12-31": {
        "Tax Effect Of Unusual Items": -11145247.148289,
        "Tax Rate For Calcs": 0.174144,
        "Normalized EBITDA": 2035000000.0,
        "Total Unusual Items": -64000000.0,
        "Total Unusual Items Excluding Goodwill": -64000000.0,
        "Net Income From Continuing Operation Net Minority Interest": 1086000000.0,
        "Reconciled Depreciation": 595000000.0,
        "Reconciled Cost Of Revenue": 2648000000.0,
        "EBITDA": 1971000000.0,
        "EBIT": 1376000000.0,
        "Net Interest Income": -47000000.0,
        "Interest Expense": 61000000.0,
        "Interest Income": 14000000.0,
        "Normalized Income": 1138854752.851711,
        "Net Income From Continuing And Discontinued Operation": 1086000000.0,
        "Total Expenses": 5113000000.0,
        "Total Operating Income As Reported": 1425000000.0,
        "Diluted Average Shares": 728200000.0,
        "Basic Average Shares": 722700000.0,
        "Diluted EPS": 1.49,
        "Basic EPS": 1.5,
        "Diluted NI Availto Com Stockholders": 1086000000.0,
        "Net Income Common Stockholders": 1086000000.0,
        "Preferred Stock Dividends": NaN,
        "Net Income": 1086000000.0,
        "Net Income Including Noncontrolling Interests": 1086000000.0,
        "Net Income Discontinuous Operations": 0.0,
        "Net Income Continuous Operations": 1086000000.0,
        "Tax Provision": 229000000.0,
        "Pretax Income": 1315000000.0,
        "Other Income Expense": -63000000.0,
        "Other Non Operating Income Expenses": NaN,
        "Special Income Charges": NaN,
        "Gain On Sale Of Business": NaN,
        "Gain On Sale Of Security": -64000000.0,
        "Net Non Operating Interest Income Expense": -47000000.0,
        "Interest Expense Non Operating": 61000000.0,
        "Interest Income Non Operating": 14000000.0,
        "Operating Income": 1425000000.0,
        "Operating Expense": 2465000000.0,
        "Research And Development": 442000000.0,
        "Selling General And Administration": 2023000000.0,
        "Gross Profit": 3890000000.0,
        "Cost Of Revenue": 2648000000.0,
        "Total Revenue": 6538000000.0,
        "Operating Revenue": 6538000000.0
    },
    "2025-03-31": {
        "Tax Effect Of Unusual Items": -12555000.0,
        "Tax Rate For Calcs": 0.155,
        "Normalized EBITDA": 1873000000.0,
        "Total Unusual Items": -81000000.0,
        "Total Unusual Items Excluding Goodwill": -81000000.0,
        "Net Income From Continuing Operation Net Minority Interest": 954000000.0,
        "Reconciled Depreciation": 591000000.0,
        "Reconciled Cost Of Revenue": 2230000000.0,
        "EBITDA": 1792000000.0,
        "EBIT": 1201000000.0,
        "Net Interest Income": -66000000.0,
        "Interest Expense": 72000000.0,
        "Interest Income": 6000000.0,
        "Normalized Income": 1022445000.0,
        "Net Income From Continuing And Discontinued Operation": 954000000.0,
        "Total Expenses": 4467000000.0,
        "Total Operating Income As Reported": 1274000000.0,
        "Diluted Average Shares": 720800000.0,
        "Basic Average Shares": 716300000.0,
        "Diluted EPS": 1.32,
        "Basic EPS": 1.33,
        "Diluted NI Availto Com Stockholders": 954000000.0,
        "Net Income Common Stockholders": 954000000.0,
        "Preferred Stock Dividends": NaN,
        "Net Income": 954000000.0,
        "Net Income Including Noncontrolling Interests": 954000000.0,
        "Net Income Discontinuous Operations": NaN,
        "Net Income Continuous Operations": 954000000.0,
        "Tax Provision": 175000000.0,
        "Pretax Income": 1129000000.0,
        "Other Income Expense": -79000000.0,
        "Other Non Operating Income Expenses": 2000000.0,
        "Special Income Charges": 9000000.0,
        "Gain On Sale Of Business": 9000000.0,
        "Gain On Sale Of Security": -90000000.0,
        "Net Non Operating Interest Income Expense": -66000000.0,
        "Interest Expense Non Operating": 72000000.0,
        "Interest Income Non Operating": 6000000.0,
        "Operating Income": 1274000000.0,
        "Operating Expense": 2237000000.0,
        "Research And Development": 379000000.0,
        "Selling General And Administration": 1858000000.0,
        "Gross Profit": 3511000000.0,
        "Cost Of Revenue": 2230000000.0,
        "Total Revenue": 5741000000.0,
        "Operating Revenue": 5741000000.0
    },
    "2025-06-30": {
        "Tax Effect Of Unusual Items": -6732000.0,
        "Tax Rate For Calcs": 0.153,
        "Normalized EBITDA": 1381000000.0,
        "Total Unusual Items": -44000000.0,
        "Total Unusual Items Excluding Goodwill": -44000000.0,
        "Net Income From Continuing Operation Net Minority Interest": 555000000.0,
        "Reconciled Depreciation": 611000000.0,
        "Reconciled Cost Of Revenue": 2413000000.0,
        "EBITDA": 1337000000.0,
        "EBIT": 726000000.0,
        "Net Interest Income": -63000000.0,
        "Interest Expense": 71000000.0,
        "Interest Income": 8000000.0,
        "Normalized Income": 592268000.0,
        "Net Income From Continuing And Discontinued Operation": 555000000.0,
        "Total Expenses": 5176000000.0,
        "Total Operating Income As Reported": 760000000.0,
        "Diluted Average Shares": 719100000.0,
        "Basic Average Shares": 716500000.0,
        "Diluted EPS": 0.77,
        "Basic EPS": 0.77,
        "Diluted NI Availto Com Stockholders": 555000000.0,
        "Net Income Common Stockholders": 555000000.0,
        "Preferred Stock Dividends": NaN,
        "Net Income": 555000000.0,
        "Net Income Including Noncontrolling Interests": 555000000.0,
        "Net Income Discontinuous Operations": NaN,
        "Net Income Continuous Operations": 555000000.0,
        "Tax Provision": 100000000.0,
        "Pretax Income": 655000000.0,
        "Other Income Expense": -42000000.0,
        "Other Non Operating Income Expenses": 2000000.0,
        "Special Income Charges": 0.0,
        "Gain On Sale Of Business": 0.0,
        "Gain On Sale Of Security": -44000000.0,
        "Net Non Operating Interest Income Expense": -63000000.0,
        "Interest Expense Non Operating": 71000000.0,
        "Interest Income Non Operating": 8000000.0,
        "Operating Income": 760000000.0,
        "Operating Expense": 2763000000.0,
        "Research And Development": 403000000.0,
        "Selling General And Administration": 2360000000.0,
        "Gross Profit": 3523000000.0,
        "Cost Of Revenue": 2413000000.0,
        "Total Revenue": 5936000000.0,
        "Operating Revenue": 5936000000.0
    }
}