{
    "2023-03-31": {
        "Tax Effect Of Unusual Items": 0.0,
        "Tax Rate For Calcs": 0.0,
        "Normalized EBITDA": -25646000.0,
        "Total Unusual Items": NaN,
        "Total Unusual Items Excluding Goodwill": NaN,
        "Net Income From Continuing Operation Net Minority Interest": -25646000.0,
        "Reconciled Depreciation": 630000.0,
        "EBIT": -25646000.0,
        "Net Interest Income": 5929000.0,
        "Interest Expense": 0.0,
        "Interest Income": 5929000.0,
        "Normalized Income": -25646000.0,
        "Net Income From Continuing And Discontinued Operation": -25646000.0,
        "Total Expenses": 31575000.0,
        "Total Operating Income As Reported": -31575000.0,
        "Diluted Average Shares": 47193122.0,
        "Basic Average Shares": 47193122.0,
        "Diluted EPS": -0.54,
        "Basic EPS": -0.54,
        "Diluted NI Availto Com Stockholders": -25646000.0,
        "Net Income Common Stockholders": -25646000.0,
        "Net Income": -25646000.0,
        "Net Income Including Noncontrolling Interests": -25646000.0,
        "Net Income Continuous Operations": -25646000.0,
        "Pretax Income": -25646000.0,
        "Other Income Expense": NaN,
        "Special Income Charges": NaN,
        "Other Special Charges": NaN,
        "Net Non Operating Interest Income Expense": 5929000.0,
        "Interest Expense Non Operating": 0.0,
        "Interest Income Non Operating": 5929000.0,
        "Operating Income": -31575000.0,
        "Operating Expense": 31575000.0,
        "Research And Development": 23661000.0,
        "Selling General And Administration": 7914000.0,
        "General And Administrative Expense": 7914000.0,
        "Other Gand A": 7914000.0,
        "Total Revenue": 0.0,
        "Operating Revenue": 0.0
    },
    "2022-12-31": {
        "Tax Effect Of Unusual Items": 0.0,
        "Tax Rate For Calcs": 0.0,
        "Normalized EBITDA": -22753000.0,
        "Total Unusual Items": 0.0,
        "Total Unusual Items Excluding Goodwill": 0.0,
        "Net Income From Continuing Operation Net Minority Interest": -23224000.0,
        "Reconciled Depreciation": 609000.0,
        "EBIT": -22753000.0,
        "Net Interest Income": 3226000.0,
        "Interest Expense": 471000.0,
        "Interest Income": 3697000.0,
        "Normalized Income": -23224000.0,
        "Net Income From Continuing And Discontinued Operation": -23224000.0,
        "Total Expenses": 26450000.0,
        "Total Operating Income As Reported": -26450000.0,
        "Diluted Average Shares": 45431180.0,
        "Basic Average Shares": 45431180.0,
        "Diluted EPS": -0.51,
        "Basic EPS": -0.51,
        "Diluted NI Availto Com Stockholders": -23224000.0,
        "Net Income Common Stockholders": -23224000.0,
        "Net Income": -23224000.0,
        "Net Income Including Noncontrolling Interests": -23224000.0,
        "Net Income Continuous Operations": -23224000.0,
        "Pretax Income": -23224000.0,
        "Other Income Expense": 0.0,
        "Special Income Charges": 0.0,
        "Other Special Charges": 0.0,
        "Net Non Operating Interest Income Expense": 3226000.0,
        "Interest Expense Non Operating": 471000.0,
        "Interest Income Non Operating": 3697000.0,
        "Operating Income": -26450000.0,
        "Operating Expense": 26450000.0,
        "Research And Development": 20089000.0,
        "Selling General And Administration": 6361000.0,
        "General And Administrative Expense": 6361000.0,
        "Other Gand A": 6361000.0,
        "Total Revenue": 0.0,
        "Operating Revenue": 0.0
    },
    "2022-09-30": {
        "Tax Effect Of Unusual Items": 0.0,
        "Tax Rate For Calcs": 0.0,
        "Normalized EBITDA": -19872000.0,
        "Total Unusual Items": 0.0,
        "Total Unusual Items Excluding Goodwill": 0.0,
        "Net Income From Continuing Operation Net Minority Interest": -20550000.0,
        "Reconciled Depreciation": 595000.0,
        "EBIT": -20467000.0,
        "Net Interest Income": 619000.0,
        "Interest Expense": 83000.0,
        "Interest Income": 702000.0,
        "Normalized Income": -20550000.0,
        "Net Income From Continuing And Discontinued Operation": -20550000.0,
        "Total Expenses": 21169000.0,
        "Total Operating Income As Reported": -21169000.0,
        "Diluted Average Shares": 37480179.0,
        "Basic Average Shares": 37480179.0,
        "Diluted EPS": -0.55,
        "Basic EPS": -0.55,
        "Diluted NI Availto Com Stockholders": -20550000.0,
        "Net Income Common Stockholders": -20550000.0,
        "Net Income": -20550000.0,
        "Net Income Including Noncontrolling Interests": -20550000.0,
        "Net Income Continuous Operations": -20550000.0,
        "Pretax Income": -20550000.0,
        "Other Income Expense": NaN,
        "Special Income Charges": 0.0,
        "Other Special Charges": NaN,
        "Net Non Operating Interest Income Expense": 619000.0,
        "Interest Expense Non Operating": 83000.0,
        "Interest Income Non Operating": 702000.0,
        "Operating Income": -21169000.0,
        "Operating Expense": 21169000.0,
        "Research And Development": 14730000.0,
        "Selling General And Administration": 6439000.0,
        "General And Administrative Expense": 6439000.0,
        "Other Gand A": 6439000.0,
        "Total Revenue": 0.0,
        "Operating Revenue": 0.0
    },
    "2022-06-30": {
        "Tax Effect Of Unusual Items": 0.0,
        "Tax Rate For Calcs": 0.0,
        "Normalized EBITDA": -20557000.0,
        "Total Unusual Items": -200000.0,
        "Total Unusual Items Excluding Goodwill": -200000.0,
        "Net Income From Continuing Operation Net Minority Interest": -21522000.0,
        "Reconciled Depreciation": 700000.0,
        "EBIT": -21457000.0,
        "Net Interest Income": 422000.0,
        "Interest Expense": 65000.0,
        "Interest Income": 487000.0,
        "Normalized Income": -21322000.0,
        "Net Income From Continuing And Discontinued Operation": -21522000.0,
        "Total Expenses": 21744000.0,
        "Total Operating Income As Reported": -21744000.0,
        "Diluted Average Shares": 37362715.0,
        "Basic Average Shares": 37362715.0,
        "Diluted EPS": -0.58,
        "Basic EPS": -0.58,
        "Diluted NI Availto Com Stockholders": -21522000.0,
        "Net Income Common Stockholders": -21522000.0,
        "Net Income": -21522000.0,
        "Net Income Including Noncontrolling Interests": -21522000.0,
        "Net Income Continuous Operations": -21522000.0,
        "Pretax Income": -21522000.0,
        "Other Income Expense": -200000.0,
        "Special Income Charges": -200000.0,
        "Other Special Charges": 200000.0,
        "Net Non Operating Interest Income Expense": 422000.0,
        "Interest Expense Non Operating": 65000.0,
        "Interest Income Non Operating": 487000.0,
        "Operating Income": -21744000.0,
        "Operating Expense": 21744000.0,
        "Research And Development": 14330000.0,
        "Selling General And Administration": 7414000.0,
        "General And Administrative Expense": 7414000.0,
        "Other Gand A": 7414000.0,
        "Total Revenue": 0.0,
        "Operating Revenue": 0.0
    },
    "2022-03-31": {
        "Diluted EPS": -0.5,
        "Total Revenue": NaN,
        "Gross Profit": NaN,
        "Operating Income": -19,
        "EBIT": -18,
        "Net Income": -19
    },
    "2021-12-31": {
        "Diluted EPS": 5.21,
        "Total Revenue": NaN,
        "Gross Profit": NaN,
        "Operating Income": -16,
        "EBIT": -16,
        "Net Income": -16
    },
    "2021-09-30": {
        "Diluted EPS": -2.3,
        "Total Revenue": NaN,
        "Gross Profit": NaN,
        "Operating Income": -16,
        "EBIT": -16,
        "Net Income": -17
    },
    "2021-06-30": {
        "Diluted EPS": -3.27,
        "Total Revenue": 1,
        "Gross Profit": 1,
        "Operating Income": -7,
        "EBIT": -7,
        "Net Income": -7
    },
    "2021-03-31": {
        "Diluted EPS": -3.59,
        "Total Revenue": NaN,
        "Gross Profit": NaN,
        "Operating Income": -8,
        "EBIT": -8,
        "Net Income": -8
    },
    "2020-12-31": {
        "Diluted EPS": 0.0,
        "Total Revenue": NaN,
        "Gross Profit": NaN,
        "Operating Income": NaN,
        "EBIT": NaN,
        "Net Income": NaN
    },
    "2020-09-30": {
        "Diluted EPS": -2.68,
        "Total Revenue": 0,
        "Gross Profit": 0,
        "Operating Income": -6,
        "EBIT": -6,
        "Net Income": -6
    }
}