{
    "2023-03-31": {
        "Tax Effect Of Unusual Items": 567727.0,
        "Tax Rate For Calcs": 0.227,
        "Normalized EBITDA": 702009000.0,
        "Total Unusual Items": 2501000.0,
        "Total Unusual Items Excluding Goodwill": 2501000.0,
        "Net Income From Continuing Operation Net Minority Interest": 353266000.0,
        "Reconciled Depreciation": 173983000.0,
        "Reconciled Cost Of Revenue": 6325637000.0,
        "EBITDA": 704510000.0,
        "EBIT": 530527000.0,
        "Net Interest Income": -25887000.0,
        "Interest Expense": 45822000.0,
        "Interest Income": 19935000.0,
        "Normalized Income": 351332727.0,
        "Net Income From Continuing And Discontinued Operation": 353266000.0,
        "Total Expenses": 7060933000.0,
        "Total Operating Income As Reported": 504209000.0,
        "Diluted Average Shares": 195445000.0,
        "Basic Average Shares": 195445000.0,
        "Diluted EPS": 1.79,
        "Basic EPS": 1.79,
        "Diluted NI Availto Com Stockholders": 350341000.0,
        "Net Income Common Stockholders": 350341000.0,
        "Otherunder Preferred Stock Dividend": 2925000.0,
        "Net Income": 353266000.0,
        "Minority Interests": -31739000.0,
        "Net Income Including Noncontrolling Interests": 385005000.0,
        "Net Income Continuous Operations": 385005000.0,
        "Tax Provision": 99700000.0,
        "Pretax Income": 484705000.0,
        "Other Income Expense": 6383000.0,
        "Special Income Charges": 1631000.0,
        "Gain On Sale Of Ppe": 1631000.0,
        "Earnings From Equity Interest": 3882000.0,
        "Gain On Sale Of Security": 870000.0,
        "Net Non Operating Interest Income Expense": -25887000.0,
        "Interest Expense Non Operating": 45822000.0,
        "Interest Income Non Operating": 19935000.0,
        "Operating Income": 504209000.0,
        "Operating Expense": 735296000.0,
        "Other Operating Expenses": 639383000.0,
        "Selling General And Administration": 95913000.0,
        "Gross Profit": 1239505000.0,
        "Cost Of Revenue": 6325637000.0,
        "Total Revenue": 7565142000.0,
        "Operating Revenue": 7505206000.0
    },
    "2022-12-31": {
        "Tax Effect Of Unusual Items": 4255261.475998,
        "Tax Rate For Calcs": 0.231478,
        "Normalized EBITDA": 1027787000.0,
        "Total Unusual Items": 18383000.0,
        "Total Unusual Items Excluding Goodwill": 18383000.0,
        "Net Income From Continuing Operation Net Minority Interest": 587027000.0,
        "Reconciled Depreciation": 176169000.0,
        "Reconciled Cost Of Revenue": 7408575000.0,
        "EBITDA": 1046170000.0,
        "EBIT": 870001000.0,
        "Net Interest Income": -39461000.0,
        "Interest Expense": 56978000.0,
        "Interest Income": 17517000.0,
        "Normalized Income": 572899261.475998,
        "Net Income From Continuing And Discontinued Operation": 587027000.0,
        "Total Expenses": 8157827000.0,
        "Total Operating Income As Reported": 827100000.0,
        "Diluted Average Shares": 199459000.0,
        "Basic Average Shares": 199459000.0,
        "Diluted EPS": 2.92,
        "Basic EPS": 2.92,
        "Diluted NI Availto Com Stockholders": 581585000.0,
        "Net Income Common Stockholders": 581585000.0,
        "Otherunder Preferred Stock Dividend": 5442000.0,
        "Net Income": 587027000.0,
        "Minority Interests": -37799000.0,
        "Net Income Including Noncontrolling Interests": 624826000.0,
        "Net Income Continuous Operations": 624826000.0,
        "Tax Provision": 188197000.0,
        "Pretax Income": 813023000.0,
        "Other Income Expense": 25384000.0,
        "Special Income Charges": 20798000.0,
        "Gain On Sale Of Ppe": 4992000.0,
        "Earnings From Equity Interest": 7001000.0,
        "Gain On Sale Of Security": -2415000.0,
        "Net Non Operating Interest Income Expense": -39461000.0,
        "Interest Expense Non Operating": 56978000.0,
        "Interest Income Non Operating": 17517000.0,
        "Operating Income": 827100000.0,
        "Operating Expense": 749252000.0,
        "Other Operating Expenses": 646741000.0,
        "Selling General And Administration": 102511000.0,
        "Gross Profit": 1576352000.0,
        "Cost Of Revenue": 7408575000.0,
        "Total Revenue": 8984927000.0,
        "Operating Revenue": 8800145000.0
    },
    "2022-09-30": {
        "Tax Effect Of Unusual Items": 867064.0,
        "Tax Rate For Calcs": 0.236,
        "Normalized EBITDA": 1321148000.0,
        "Total Unusual Items": 3674000.0,
        "Total Unusual Items Excluding Goodwill": 3674000.0,
        "Net Income From Continuing Operation Net Minority Interest": 954405000.0,
        "Reconciled Depreciation": 171973000.0,
        "Reconciled Cost Of Revenue": 8564073000.0,
        "EBITDA": 1324822000.0,
        "EBIT": 1324822000.0,
        "Net Interest Income": -35009000.0,
        "Interest Expense": 44830000.0,
        "Interest Income": 9821000.0,
        "Normalized Income": 951598064.0,
        "Net Income From Continuing And Discontinued Operation": 954405000.0,
        "Total Expenses": 9271341000.0,
        "Total Operating Income As Reported": 1327661000.0,
        "Diluted Average Shares": 212388000.0,
        "Basic Average Shares": 212388000.0,
        "Diluted EPS": 4.45,
        "Basic EPS": 4.45,
        "Diluted NI Availto Com Stockholders": 954405000.0,
        "Net Income Common Stockholders": 954405000.0,
        "Otherunder Preferred Stock Dividend": 8939000.0,
        "Net Income": 954405000.0,
        "Minority Interests": -23734000.0,
        "Net Income Including Noncontrolling Interests": 978139000.0,
        "Net Income Continuous Operations": 978139000.0,
        "Tax Provision": 301853000.0,
        "Pretax Income": 1279992000.0,
        "Other Income Expense": -12660000.0,
        "Special Income Charges": 2130000.0,
        "Gain On Sale Of Ppe": 2130000.0,
        "Other Special Charges": NaN,
        "Earnings From Equity Interest": -16334000.0,
        "Gain On Sale Of Security": 1544000.0,
        "Net Non Operating Interest Income Expense": -35009000.0,
        "Interest Expense Non Operating": 44830000.0,
        "Interest Income Non Operating": 9821000.0,
        "Operating Income": 1327661000.0,
        "Operating Expense": 707268000.0,
        "Other Operating Expenses": 604591000.0,
        "Selling General And Administration": 102677000.0,
        "Gross Profit": 2034929000.0,
        "Cost Of Revenue": 8564073000.0,
        "Total Revenue": 10599002000.0,
        "Operating Revenue": 10599002000.0
    },
    "2022-06-30": {
        "Tax Effect Of Unusual Items": 331110.0,
        "Tax Rate For Calcs": 0.234,
        "Normalized EBITDA": 1673947000.0,
        "Total Unusual Items": 1415000.0,
        "Total Unusual Items Excluding Goodwill": 1415000.0,
        "Net Income From Continuing Operation Net Minority Interest": 1221262000.0,
        "Reconciled Depreciation": 164044000.0,
        "Reconciled Cost Of Revenue": 8778502000.0,
        "EBITDA": 1675362000.0,
        "EBIT": 1675362000.0,
        "Net Interest Income": -37117000.0,
        "Interest Expense": 38961000.0,
        "Interest Income": 1844000.0,
        "Normalized Income": 1220178110.0,
        "Net Income From Continuing And Discontinued Operation": 1221262000.0,
        "Total Expenses": 9495504000.0,
        "Total Operating Income As Reported": 1666656000.0,
        "Diluted Average Shares": 222952000.0,
        "Basic Average Shares": 222952000.0,
        "Diluted EPS": 5.43,
        "Basic EPS": 5.43,
        "Diluted NI Availto Com Stockholders": 1221262000.0,
        "Net Income Common Stockholders": 1221262000.0,
        "Otherunder Preferred Stock Dividend": 11632000.0,
        "Net Income": 1221262000.0,
        "Minority Interests": -31646000.0,
        "Net Income Including Noncontrolling Interests": 1252908000.0,
        "Net Income Continuous Operations": 1252908000.0,
        "Tax Provision": 383493000.0,
        "Pretax Income": 1636401000.0,
        "Other Income Expense": 6862000.0,
        "Special Income Charges": 2320000.0,
        "Gain On Sale Of Ppe": 2320000.0,
        "Other Special Charges": NaN,
        "Earnings From Equity Interest": 5447000.0,
        "Gain On Sale Of Security": -905000.0,
        "Net Non Operating Interest Income Expense": -37117000.0,
        "Interest Expense Non Operating": 38961000.0,
        "Interest Income Non Operating": 1844000.0,
        "Operating Income": 1666656000.0,
        "Operating Expense": 717002000.0,
        "Other Operating Expenses": 606127000.0,
        "Selling General And Administration": 110875000.0,
        "Gross Profit": 2383658000.0,
        "Cost Of Revenue": 8778502000.0,
        "Total Revenue": 11162160000.0,
        "Operating Revenue": 11162160000.0
    },
    "2023-06-30": {
        "Tax Effect Of Unusual Items": 406600.0,
        "Tax Rate For Calcs": 0.214,
        "Normalized EBITDA": 914852000.0,
        "Total Unusual Items": 1900000.0,
        "Total Unusual Items Excluding Goodwill": 1900000.0,
        "Net Income From Continuing Operation Net Minority Interest": 507661000.0,
        "Reconciled Depreciation": 189360000.0,
        "Reconciled Cost Of Revenue": 6455102000.0,
        "EBITDA": 916752000.0,
        "EBIT": 727392000.0,
        "Net Interest Income": -29391000.0,
        "Interest Expense": 46982000.0,
        "Interest Income": 17591000.0,
        "Normalized Income": 506167600.0,
        "Net Income From Continuing And Discontinued Operation": 507661000.0,
        "Total Expenses": 7129290000.0,
        "Total Operating Income As Reported": 704356000.0,
        "Diluted Average Shares": 192348000.0,
        "Basic Average Shares": 192348000.0,
        "Diluted EPS": 2.62,
        "Basic EPS": 2.62,
        "Diluted NI Availto Com Stockholders": 503250000.0,
        "Net Income Common Stockholders": 503250000.0,
        "Otherunder Preferred Stock Dividend": 4411000.0,
        "Net Income": 507661000.0,
        "Minority Interests": -26824000.0,
        "Net Income Including Noncontrolling Interests": 534485000.0,
        "Net Income Continuous Operations": 534485000.0,
        "Tax Provision": 145925000.0,
        "Pretax Income": 680410000.0,
        "Other Income Expense": 5445000.0,
        "Special Income Charges": 1152000.0,
        "Gain On Sale Of Ppe": 1152000.0,
        "Earnings From Equity Interest": 3545000.0,
        "Gain On Sale Of Security": 748000.0,
        "Net Non Operating Interest Income Expense": -29391000.0,
        "Interest Expense Non Operating": 46982000.0,
        "Interest Income Non Operating": 17591000.0,
        "Operating Income": 704356000.0,
        "Operating Expense": 674188000.0,
        "Other Operating Expenses": 546800000.0,
        "Selling General And Administration": 127388000.0,
        "Gross Profit": 1378544000.0,
        "Cost Of Revenue": 6455102000.0,
        "Total Revenue": 7833646000.0,
        "Operating Revenue": 7800643000.0
    },
    "2022-03-31": {
        "Diluted EPS": 0.9,
        "Total Revenue": NaN,
        "Gross Profit": 957,
        "Operating Income": 233,
        "EBIT": 377,
        "Net Income": 158
    },
    "2021-12-31": {
        "Diluted EPS": -0.25,
        "Total Revenue": NaN,
        "Gross Profit": 665,
        "Operating Income": -21,
        "EBIT": 114,
        "Net Income": -39
    },
    "2021-09-30": {
        "Diluted EPS": 1.71,
        "Total Revenue": NaN,
        "Gross Profit": 862,
        "Operating Income": 297,
        "EBIT": 419,
        "Net Income": 277
    },
    "2021-06-30": {
        "Diluted EPS": 1.03,
        "Total Revenue": NaN,
        "Gross Profit": 751,
        "Operating Income": 334,
        "EBIT": 458,
        "Net Income": 167
    },
    "2021-03-31": {
        "Diluted EPS": 0.9,
        "Total Revenue": NaN,
        "Gross Profit": 544,
        "Operating Income": 138,
        "EBIT": 262,
        "Net Income": 146
    },
    "2020-12-31": {
        "Diluted EPS": -0.74,
        "Total Revenue": NaN,
        "Gross Profit": 390,
        "Operating Income": -106,
        "EBIT": 127,
        "Net Income": -120
    },
    "2020-09-30": {
        "Diluted EPS": -0.01,
        "Total Revenue": NaN,
        "Gross Profit": 442,
        "Operating Income": -27,
        "EBIT": 98,
        "Net Income": -2
    },
    "2020-06-30": {
        "Diluted EPS": -1.09,
        "Total Revenue": NaN,
        "Gross Profit": 486,
        "Operating Income": -190,
        "EBIT": 377,
        "Net Income": -177
    },
    "2020-03-31": {
        "Diluted EPS": -1.88,
        "Total Revenue": NaN,
        "Gross Profit": 707,
        "Operating Income": -410,
        "EBIT": -270,
        "Net Income": -305
    },
    "2019-12-31": {
        "Diluted EPS": 0.41,
        "Total Revenue": NaN,
        "Gross Profit": 771,
        "Operating Income": 129,
        "EBIT": 264,
        "Net Income": 60
    },
    "2019-09-30": {
        "Diluted EPS": 1.58,
        "Total Revenue": NaN,
        "Gross Profit": NaN,
        "Operating Income": 427,
        "EBIT": 554,
        "Net Income": 262
    },
    "2019-06-30": {
        "Diluted EPS": 1.15,
        "Total Revenue": NaN,
        "Gross Profit": NaN,
        "Operating Income": 332,
        "EBIT": 611,
        "Net Income": 197
    },
    "2019-03-31": {
        "Diluted EPS": 1.47,
        "Total Revenue": NaN,
        "Gross Profit": 698,
        "Operating Income": 389,
        "EBIT": 511,
        "Net Income": 253
    },
    "2018-12-31": {
        "Diluted EPS": 0.82,
        "Total Revenue": NaN,
        "Gross Profit": NaN,
        "Operating Income": 218,
        "EBIT": 331,
        "Net Income": 138
    },
    "2018-09-30": {
        "Diluted EPS": 1.93,
        "Total Revenue": NaN,
        "Gross Profit": NaN,
        "Operating Income": 504,
        "EBIT": 612,
        "Net Income": 342
    },
    "2018-06-30": {
        "Diluted EPS": 1.94,
        "Total Revenue": NaN,
        "Gross Profit": 875,
        "Operating Income": 507,
        "EBIT": 617,
        "Net Income": 346
    },
    "2018-03-31": {
        "Diluted EPS": 1.5,
        "Total Revenue": NaN,
        "Gross Profit": 781,
        "Operating Income": 396,
        "EBIT": 500,
        "Net Income": 268
    },
    "2017-12-31": {
        "Diluted EPS": 2.92,
        "Total Revenue": NaN,
        "Gross Profit": 808,
        "Operating Income": 365,
        "EBIT": 471,
        "Net Income": 521
    },
    "2017-09-30": {
        "Diluted EPS": 1.53,
        "Total Revenue": NaN,
        "Gross Profit": 831,
        "Operating Income": 448,
        "EBIT": 551,
        "Net Income": 272
    },
    "2017-06-30": {
        "Diluted EPS": 0.33,
        "Total Revenue": NaN,
        "Gross Profit": 705,
        "Operating Income": 121,
        "EBIT": 245,
        "Net Income": 58
    },
    "2017-03-31": {
        "Diluted EPS": -0.26,
        "Total Revenue": NaN,
        "Gross Profit": 439,
        "Operating Income": -34,
        "EBIT": 63,
        "Net Income": -45
    },
    "2016-12-31": {
        "Diluted EPS": 0.31,
        "Total Revenue": NaN,
        "Gross Profit": 404,
        "Operating Income": 110,
        "EBIT": 203,
        "Net Income": 52
    },
    "2016-09-30": {
        "Diluted EPS": 0.42,
        "Total Revenue": NaN,
        "Gross Profit": 505,
        "Operating Income": 125,
        "EBIT": 216,
        "Net Income": 74
    },
    "2016-06-30": {
        "Diluted EPS": -2.33,
        "Total Revenue": NaN,
        "Gross Profit": 466,
        "Operating Income": -421,
        "EBIT": 324,
        "Net Income": -409
    },
    "2016-03-31": {
        "Diluted EPS": 0.12,
        "Total Revenue": NaN,
        "Gross Profit": 394,
        "Operating Income": 84,
        "EBIT": 171,
        "Net Income": 21
    },
    "2015-12-31": {
        "Diluted EPS": -0.18,
        "Total Revenue": NaN,
        "Gross Profit": 497,
        "Operating Income": -57,
        "EBIT": 34,
        "Net Income": -46
    },
    "2015-09-30": {
        "Diluted EPS": 1.04,
        "Total Revenue": NaN,
        "Gross Profit": 932,
        "Operating Income": 323,
        "EBIT": 410,
        "Net Income": 196
    },
    "2015-06-30": {
        "Diluted EPS": 1.88,
        "Total Revenue": NaN,
        "Gross Profit": 814,
        "Operating Income": 590,
        "EBIT": 678,
        "Net Income": 361
    },
    "2015-03-31": {
        "Diluted EPS": 1.16,
        "Total Revenue": NaN,
        "Gross Profit": 755,
        "Operating Income": 389,
        "EBIT": 469,
        "Net Income": 227
    },
    "2014-12-31": {
        "Diluted EPS": -1.11,
        "Total Revenue": NaN,
        "Gross Profit": 494,
        "Operating Income": -354,
        "EBIT": -254,
        "Net Income": -222
    },
    "2014-09-30": {
        "Diluted EPS": 0.88,
        "Total Revenue": NaN,
        "Gross Profit": 692,
        "Operating Income": 303,
        "EBIT": 384,
        "Net Income": 175
    },
    "2014-06-30": {
        "Diluted EPS": 0.89,
        "Total Revenue": NaN,
        "Gross Profit": 698,
        "Operating Income": 296,
        "EBIT": 398,
        "Net Income": 176
    },
    "2014-03-31": {
        "Diluted EPS": 0.76,
        "Total Revenue": NaN,
        "Gross Profit": 652,
        "Operating Income": 271,
        "EBIT": 352,
        "Net Income": 152
    },
    "2013-12-31": {
        "Diluted EPS": 0.33,
        "Total Revenue": NaN,
        "Gross Profit": 494,
        "Operating Income": 87,
        "EBIT": 166,
        "Net Income": 62
    },
    "2013-09-30": {
        "Diluted EPS": 0.41,
        "Total Revenue": NaN,
        "Gross Profit": 517,
        "Operating Income": 150,
        "EBIT": 232,
        "Net Income": 82
    },
    "2013-06-30": {
        "Diluted EPS": 1.27,
        "Total Revenue": NaN,
        "Gross Profit": 842,
        "Operating Income": 460,
        "EBIT": 530,
        "Net Income": 257
    },
    "2013-03-31": {
        "Diluted EPS": 1.63,
        "Total Revenue": NaN,
        "Gross Profit": 915,
        "Operating Income": 549,
        "EBIT": 621,
        "Net Income": 332
    },
    "2012-12-31": {
        "Diluted EPS": 1.89,
        "Total Revenue": NaN,
        "Gross Profit": NaN,
        "Operating Income": 673,
        "EBIT": 738,
        "Net Income": 389
    },
    "2012-09-30": {
        "Diluted EPS": 2.94,
        "Total Revenue": NaN,
        "Gross Profit": NaN,
        "Operating Income": 978,
        "EBIT": NaN,
        "Net Income": 598
    },
    "2012-06-30": {
        "Diluted EPS": 2.39,
        "Total Revenue": NaN,
        "Gross Profit": NaN,
        "Operating Income": 813,
        "EBIT": 870,
        "Net Income": 491
    },
    "2012-03-31": {
        "Diluted EPS": 1.16,
        "Total Revenue": NaN,
        "Gross Profit": 745,
        "Operating Income": 420,
        "EBIT": 476,
        "Net Income": 242
    },
    "2011-12-31": {
        "Diluted EPS": 1.36,
        "Total Revenue": NaN,
        "Gross Profit": 714,
        "Operating Income": 373,
        "EBIT": 426,
        "Net Income": 220
    },
    "2011-09-30": {
        "Diluted EPS": 2.48,
        "Total Revenue": NaN,
        "Gross Profit": NaN,
        "Operating Income": 869,
        "EBIT": 912,
        "Net Income": 523
    },
    "2011-06-30": {
        "Diluted EPS": 1.79,
        "Total Revenue": NaN,
        "Gross Profit": 520,
        "Operating Income": 330,
        "EBIT": 362,
        "Net Income": 192
    },
    "2011-03-31": {
        "Diluted EPS": 0.79,
        "Total Revenue": NaN,
        "Gross Profit": 342,
        "Operating Income": 159,
        "EBIT": 190,
        "Net Income": 85
    },
    "2010-12-31": {
        "Diluted EPS": 0.14,
        "Total Revenue": NaN,
        "Gross Profit": 224,
        "Operating Income": 46,
        "EBIT": 78,
        "Net Income": 15
    },
    "2010-09-30": {
        "Diluted EPS": 0.48,
        "Total Revenue": NaN,
        "Gross Profit": 284,
        "Operating Income": 108,
        "EBIT": 137,
        "Net Income": 51
    },
    "2010-06-30": {
        "Diluted EPS": 0.62,
        "Total Revenue": NaN,
        "Gross Profit": 298,
        "Operating Income": 132,
        "EBIT": 161,
        "Net Income": 66
    },
    "2010-03-31": {
        "Diluted EPS": -0.27,
        "Total Revenue": NaN,
        "Gross Profit": 150,
        "Operating Income": -23,
        "EBIT": 5,
        "Net Income": -28
    },
    "2009-12-31": {
        "Diluted EPS": -0.26,
        "Total Revenue": NaN,
        "Gross Profit": 111,
        "Operating Income": -51,
        "EBIT": -21,
        "Net Income": -41
    },
    "2009-09-30": {
        "Diluted EPS": 0.24,
        "Total Revenue": NaN,
        "Gross Profit": 193,
        "Operating Income": 56,
        "EBIT": 80,
        "Net Income": 23
    },
    "2009-06-30": {
        "Diluted EPS": 0.15,
        "Total Revenue": NaN,
        "Gross Profit": 156,
        "Operating Income": 37,
        "EBIT": 63,
        "Net Income": 15
    },
    "2009-03-31": {
        "Diluted EPS": 0.08,
        "Total Revenue": 648,
        "Gross Profit": 136,
        "Operating Income": 38,
        "EBIT": 58,
        "Net Income": 22
    },
    "2023-09-30": {
        "Tax Effect Of Unusual Items": NaN,
        "Tax Rate For Calcs": NaN,
        "Normalized EBITDA": NaN,
        "Total Unusual Items": NaN,
        "Total Unusual Items Excluding Goodwill": NaN,
        "Net Income From Continuing Operation Net Minority Interest": NaN,
        "Reconciled Depreciation": NaN,
        "Reconciled Cost Of Revenue": NaN,
        "EBITDA": NaN,
        "EBIT": NaN,
        "Net Interest Income": NaN,
        "Interest Expense": NaN,
        "Interest Income": NaN,
        "Normalized Income": NaN,
        "Net Income From Continuing And Discontinued Operation": NaN,
        "Total Expenses": NaN,
        "Total Operating Income As Reported": NaN,
        "Diluted Average Shares": NaN,
        "Basic Average Shares": NaN,
        "Diluted EPS": NaN,
        "Basic EPS": NaN,
        "Diluted NI Availto Com Stockholders": NaN,
        "Net Income Common Stockholders": NaN,
        "Otherunder Preferred Stock Dividend": NaN,
        "Net Income": NaN,
        "Minority Interests": NaN,
        "Net Income Including Noncontrolling Interests": NaN,
        "Net Income Continuous Operations": NaN,
        "Tax Provision": NaN,
        "Pretax Income": NaN,
        "Other Income Expense": NaN,
        "Special Income Charges": NaN,
        "Gain On Sale Of Ppe": NaN,
        "Gain On Sale Of Business": NaN,
        "Other Special Charges": NaN,
        "Write Off": 0.0,
        "Earnings From Equity Interest": NaN,
        "Gain On Sale Of Security": NaN,
        "Net Non Operating Interest Income Expense": NaN,
        "Interest Expense Non Operating": NaN,
        "Interest Income Non Operating": NaN,
        "Operating Income": NaN,
        "Operating Expense": NaN,
        "Other Operating Expenses": NaN,
        "Selling General And Administration": NaN,
        "Gross Profit": NaN,
        "Cost Of Revenue": NaN,
        "Total Revenue": NaN,
        "Operating Revenue": NaN
    },
    "2023-12-31": {
        "Tax Effect Of Unusual Items": NaN,
        "Tax Rate For Calcs": NaN,
        "Normalized EBITDA": NaN,
        "Total Unusual Items": NaN,
        "Total Unusual Items Excluding Goodwill": NaN,
        "Net Income From Continuing Operation Net Minority Interest": NaN,
        "Reconciled Depreciation": NaN,
        "Reconciled Cost Of Revenue": NaN,
        "EBITDA": NaN,
        "EBIT": NaN,
        "Net Interest Income": NaN,
        "Interest Expense": NaN,
        "Interest Income": NaN,
        "Normalized Income": NaN,
        "Net Income From Continuing And Discontinued Operation": NaN,
        "Total Expenses": NaN,
        "Total Operating Income As Reported": NaN,
        "Diluted Average Shares": 187035000.0,
        "Basic Average Shares": 187035000.0,
        "Diluted EPS": -0.34,
        "Basic EPS": -0.34,
        "Diluted NI Availto Com Stockholders": NaN,
        "Net Income Common Stockholders": NaN,
        "Otherunder Preferred Stock Dividend": NaN,
        "Net Income": NaN,
        "Minority Interests": NaN,
        "Net Income Including Noncontrolling Interests": NaN,
        "Net Income Continuous Operations": NaN,
        "Tax Provision": NaN,
        "Pretax Income": NaN,
        "Other Income Expense": NaN,
        "Special Income Charges": NaN,
        "Gain On Sale Of Ppe": NaN,
        "Gain On Sale Of Business": NaN,
        "Other Special Charges": NaN,
        "Write Off": NaN,
        "Earnings From Equity Interest": NaN,
        "Gain On Sale Of Security": 52000.0,
        "Net Non Operating Interest Income Expense": NaN,
        "Interest Expense Non Operating": NaN,
        "Interest Income Non Operating": NaN,
        "Operating Income": NaN,
        "Operating Expense": NaN,
        "Other Operating Expenses": NaN,
        "Selling General And Administration": NaN,
        "Gross Profit": NaN,
        "Cost Of Revenue": NaN,
        "Total Revenue": NaN,
        "Operating Revenue": NaN
    },
    "2024-03-31": {
        "Tax Effect Of Unusual Items": NaN,
        "Tax Rate For Calcs": NaN,
        "Normalized EBITDA": NaN,
        "Total Unusual Items": NaN,
        "Total Unusual Items Excluding Goodwill": NaN,
        "Net Income From Continuing Operation Net Minority Interest": NaN,
        "Reconciled Depreciation": NaN,
        "Reconciled Cost Of Revenue": NaN,
        "EBITDA": NaN,
        "EBIT": NaN,
        "Net Interest Income": NaN,
        "Interest Expense": NaN,
        "Interest Income": NaN,
        "Normalized Income": NaN,
        "Net Income From Continuing And Discontinued Operation": NaN,
        "Total Expenses": NaN,
        "Total Operating Income As Reported": NaN,
        "Diluted Average Shares": NaN,
        "Basic Average Shares": NaN,
        "Diluted EPS": NaN,
        "Basic EPS": NaN,
        "Diluted NI Availto Com Stockholders": NaN,
        "Net Income Common Stockholders": NaN,
        "Otherunder Preferred Stock Dividend": NaN,
        "Net Income": NaN,
        "Minority Interests": NaN,
        "Net Income Including Noncontrolling Interests": NaN,
        "Net Income Continuous Operations": NaN,
        "Tax Provision": NaN,
        "Pretax Income": NaN,
        "Other Income Expense": NaN,
        "Special Income Charges": NaN,
        "Gain On Sale Of Ppe": NaN,
        "Gain On Sale Of Business": 0.0,
        "Other Special Charges": NaN,
        "Write Off": NaN,
        "Earnings From Equity Interest": NaN,
        "Gain On Sale Of Security": 1000000.0,
        "Net Non Operating Interest Income Expense": NaN,
        "Interest Expense Non Operating": NaN,
        "Interest Income Non Operating": NaN,
        "Operating Income": NaN,
        "Operating Expense": NaN,
        "Other Operating Expenses": NaN,
        "Selling General And Administration": NaN,
        "Gross Profit": NaN,
        "Cost Of Revenue": NaN,
        "Total Revenue": NaN,
        "Operating Revenue": NaN
    },
    "2024-06-30": {
        "Tax Effect Of Unusual Items": -85455.0,
        "Tax Rate For Calcs": 0.135,
        "Normalized EBITDA": 429593000.0,
        "Total Unusual Items": -633000.0,
        "Total Unusual Items Excluding Goodwill": -633000.0,
        "Net Income From Continuing Operation Net Minority Interest": 151788000.0,
        "Reconciled Depreciation": 206049000.0,
        "Reconciled Cost Of Revenue": 7544039000.0,
        "EBITDA": 428960000.0,
        "EBIT": 222911000.0,
        "Net Interest Income": -26954000.0,
        "Interest Expense": 45449000.0,
        "Interest Income": 18495000.0,
        "Normalized Income": 152335545.0,
        "Net Income From Continuing And Discontinued Operation": 151788000.0,
        "Total Expenses": 7648897000.0,
        "Total Operating Income As Reported": 196934000.0,
        "Diluted Average Shares": 191510000.0,
        "Basic Average Shares": 191510000.0,
        "Diluted EPS": 0.79,
        "Basic EPS": 0.79,
        "Diluted NI Availto Com Stockholders": 150947000.0,
        "Net Income Common Stockholders": 150947000.0,
        "Otherunder Preferred Stock Dividend": 841000.0,
        "Net Income": 151788000.0,
        "Minority Interests": -1692000.0,
        "Net Income Including Noncontrolling Interests": 153480000.0,
        "Net Income Continuous Operations": 153480000.0,
        "Tax Provision": 23982000.0,
        "Pretax Income": 177462000.0,
        "Other Income Expense": 7482000.0,
        "Special Income Charges": -264000.0,
        "Gain On Sale Of Ppe": -264000.0,
        "Gain On Sale Of Business": NaN,
        "Other Special Charges": NaN,
        "Write Off": NaN,
        "Earnings From Equity Interest": 8115000.0,
        "Gain On Sale Of Security": -369000.0,
        "Net Non Operating Interest Income Expense": -26954000.0,
        "Interest Expense Non Operating": 45449000.0,
        "Interest Income Non Operating": 18495000.0,
        "Operating Income": 196934000.0,
        "Operating Expense": 104858000.0,
        "Other Operating Expenses": 591317000.0,
        "Selling General And Administration": 104858000.0,
        "Gross Profit": 301792000.0,
        "Cost Of Revenue": 7544039000.0,
        "Total Revenue": 7845831000.0,
        "Operating Revenue": 7815047000.0
    },
    "2024-09-30": {
        "Tax Effect Of Unusual Items": -1395870.0,
        "Tax Rate For Calcs": 0.21,
        "Normalized EBITDA": 125412000.0,
        "Total Unusual Items": -6647000.0,
        "Total Unusual Items Excluding Goodwill": -6647000.0,
        "Net Income From Continuing Operation Net Minority Interest": -75944000.0,
        "Reconciled Depreciation": 209716000.0,
        "Reconciled Cost Of Revenue": 7199890000.0,
        "EBITDA": 118765000.0,
        "EBIT": -90951000.0,
        "Net Interest Income": -22087000.0,
        "Interest Expense": 40396000.0,
        "Interest Income": 18309000.0,
        "Normalized Income": -70692870.0,
        "Net Income From Continuing And Discontinued Operation": -75944000.0,
        "Total Expenses": 7317904000.0,
        "Total Operating Income As Reported": -120748000.0,
        "Diluted Average Shares": 189840000.0,
        "Basic Average Shares": 189840000.0,
        "Diluted EPS": -0.4,
        "Basic EPS": -0.4,
        "Diluted NI Availto Com Stockholders": -76470000.0,
        "Net Income Common Stockholders": -76470000.0,
        "Otherunder Preferred Stock Dividend": 526000.0,
        "Net Income": -75944000.0,
        "Minority Interests": -1863000.0,
        "Net Income Including Noncontrolling Interests": -74081000.0,
        "Net Income Continuous Operations": -74081000.0,
        "Tax Provision": -57266000.0,
        "Pretax Income": -131347000.0,
        "Other Income Expense": 1504000.0,
        "Special Income Charges": -8048000.0,
        "Gain On Sale Of Ppe": 1936000.0,
        "Gain On Sale Of Business": NaN,
        "Other Special Charges": NaN,
        "Write Off": 9984000.0,
        "Earnings From Equity Interest": 8151000.0,
        "Gain On Sale Of Security": 1401000.0,
        "Net Non Operating Interest Income Expense": -22087000.0,
        "Interest Expense Non Operating": 40396000.0,
        "Interest Income Non Operating": 18309000.0,
        "Operating Income": -110764000.0,
        "Operating Expense": 118014000.0,
        "Other Operating Expenses": 629573000.0,
        "Selling General And Administration": 118014000.0,
        "Gross Profit": 7250000.0,
        "Cost Of Revenue": 7199890000.0,
        "Total Revenue": 7207140000.0,
        "Operating Revenue": 7163036000.0
    },
    "2024-12-31": {
        "Tax Effect Of Unusual Items": 222662.774585,
        "Tax Rate For Calcs": 0.079014,
        "Normalized EBITDA": 23670000.0,
        "Total Unusual Items": 2818000.0,
        "Total Unusual Items Excluding Goodwill": 2818000.0,
        "Net Income From Continuing Operation Net Minority Interest": -213508000.0,
        "Reconciled Depreciation": 218235000.0,
        "Reconciled Cost Of Revenue": 6598100000.0,
        "EBITDA": 26488000.0,
        "EBIT": -191747000.0,
        "Net Interest Income": -22447000.0,
        "Interest Expense": 38464000.0,
        "Interest Income": 16017000.0,
        "Normalized Income": -216103337.225415,
        "Net Income From Continuing And Discontinued Operation": -213508000.0,
        "Total Expenses": 6718854000.0,
        "Total Operating Income As Reported": -225986000.0,
        "Diluted Average Shares": 188307000.0,
        "Basic Average Shares": 188307000.0,
        "Diluted EPS": -1.14,
        "Basic EPS": -1.14,
        "Diluted NI Availto Com Stockholders": -213253000.0,
        "Net Income Common Stockholders": -213253000.0,
        "Otherunder Preferred Stock Dividend": -255000.0,
        "Net Income": -213508000.0,
        "Minority Interests": -1487000.0,
        "Net Income Including Noncontrolling Interests": -212021000.0,
        "Net Income Continuous Operations": -212021000.0,
        "Tax Provision": -18190000.0,
        "Pretax Income": -230211000.0,
        "Other Income Expense": 11206000.0,
        "Special Income Charges": 4293000.0,
        "Gain On Sale Of Ppe": 11309000.0,
        "Gain On Sale Of Business": NaN,
        "Other Special Charges": NaN,
        "Write Off": 7016000.0,
        "Earnings From Equity Interest": 8388000.0,
        "Gain On Sale Of Security": NaN,
        "Net Non Operating Interest Income Expense": -22447000.0,
        "Interest Expense Non Operating": 38464000.0,
        "Interest Income Non Operating": 16017000.0,
        "Operating Income": -218970000.0,
        "Operating Expense": 120754000.0,
        "Other Operating Expenses": 655998000.0,
        "Selling General And Administration": 120754000.0,
        "Gross Profit": -98216000.0,
        "Cost Of Revenue": 6598100000.0,
        "Total Revenue": 6499884000.0,
        "Operating Revenue": 6323078000.0
    },
    "2025-03-31": {
        "Tax Effect Of Unusual Items": -11130000.0,
        "Tax Rate For Calcs": 0.21,
        "Normalized EBITDA": 326000000.0,
        "Total Unusual Items": -53000000.0,
        "Total Unusual Items Excluding Goodwill": -53000000.0,
        "Net Income From Continuing Operation Net Minority Interest": -4000000.0,
        "Reconciled Depreciation": 225000000.0,
        "Reconciled Cost Of Revenue": 6180000000.0,
        "EBITDA": 273000000.0,
        "EBIT": 48000000.0,
        "Net Interest Income": -40000000.0,
        "Interest Expense": 49000000.0,
        "Interest Income": 9000000.0,
        "Normalized Income": 37870000.0,
        "Net Income From Continuing And Discontinued Operation": -4000000.0,
        "Total Expenses": 6289000000.0,
        "Total Operating Income As Reported": 81000000.0,
        "Diluted Average Shares": 188488000.0,
        "Basic Average Shares": 188488000.0,
        "Diluted EPS": -0.02,
        "Basic EPS": -0.02,
        "Diluted NI Availto Com Stockholders": -5000000.0,
        "Net Income Common Stockholders": -5000000.0,
        "Otherunder Preferred Stock Dividend": 1000000.0,
        "Net Income": -4000000.0,
        "Minority Interests": -2000000.0,
        "Net Income Including Noncontrolling Interests": -2000000.0,
        "Net Income Continuous Operations": -2000000.0,
        "Tax Provision": 1000000.0,
        "Pretax Income": -1000000.0,
        "Other Income Expense": -42000000.0,
        "Special Income Charges": -54000000.0,
        "Gain On Sale Of Ppe": 1000000.0,
        "Gain On Sale Of Business": -40000000.0,
        "Other Special Charges": 15000000.0,
        "Write Off": NaN,
        "Earnings From Equity Interest": 11000000.0,
        "Gain On Sale Of Security": 1000000.0,
        "Net Non Operating Interest Income Expense": -40000000.0,
        "Interest Expense Non Operating": 49000000.0,
        "Interest Income Non Operating": 9000000.0,
        "Operating Income": 81000000.0,
        "Operating Expense": 109000000.0,
        "Other Operating Expenses": 5000000.0,
        "Selling General And Administration": 104000000.0,
        "Gross Profit": 190000000.0,
        "Cost Of Revenue": 6180000000.0,
        "Total Revenue": 6370000000.0,
        "Operating Revenue": 6289000000.0
    },
    "2025-06-30": {
        "Tax Effect Of Unusual Items": 1024390.243902,
        "Tax Rate For Calcs": 0.146341,
        "Normalized EBITDA": 518000000.0,
        "Total Unusual Items": 7000000.0,
        "Total Unusual Items Excluding Goodwill": 7000000.0,
        "Net Income From Continuing Operation Net Minority Interest": 208000000.0,
        "Reconciled Depreciation": 226000000.0,
        "Reconciled Cost Of Revenue": 6386000000.0,
        "EBITDA": 525000000.0,
        "EBIT": 299000000.0,
        "Net Interest Income": -46000000.0,
        "Interest Expense": 53000000.0,
        "Interest Income": 7000000.0,
        "Normalized Income": 202024390.243902,
        "Net Income From Continuing And Discontinued Operation": 208000000.0,
        "Total Expenses": 6509000000.0,
        "Total Operating Income As Reported": 275000000.0,
        "Diluted Average Shares": 188110000.0,
        "Basic Average Shares": 188110000.0,
        "Diluted EPS": 1.1,
        "Basic EPS": 1.1,
        "Diluted NI Availto Com Stockholders": 206000000.0,
        "Net Income Common Stockholders": 206000000.0,
        "Otherunder Preferred Stock Dividend": 2000000.0,
        "Net Income": 208000000.0,
        "Minority Interests": -2000000.0,
        "Net Income Including Noncontrolling Interests": 210000000.0,
        "Net Income Continuous Operations": 210000000.0,
        "Tax Provision": 36000000.0,
        "Pretax Income": 246000000.0,
        "Other Income Expense": 17000000.0,
        "Special Income Charges": 6000000.0,
        "Gain On Sale Of Ppe": 7000000.0,
        "Gain On Sale Of Business": 0.0,
        "Other Special Charges": 1000000.0,
        "Write Off": NaN,
        "Earnings From Equity Interest": 10000000.0,
        "Gain On Sale Of Security": 1000000.0,
        "Net Non Operating Interest Income Expense": -46000000.0,
        "Interest Expense Non Operating": 53000000.0,
        "Interest Income Non Operating": 7000000.0,
        "Operating Income": 275000000.0,
        "Operating Expense": 123000000.0,
        "Other Operating Expenses": 9000000.0,
        "Selling General And Administration": 114000000.0,
        "Gross Profit": 398000000.0,
        "Cost Of Revenue": 6386000000.0,
        "Total Revenue": 6784000000.0,
        "Operating Revenue": 6694000000.0
    }
}