{
    "2023-03-31": {
        "Tax Effect Of Unusual Items": NaN,
        "Tax Rate For Calcs": NaN,
        "Normalized EBITDA": NaN,
        "Total Unusual Items": NaN,
        "Total Unusual Items Excluding Goodwill": NaN,
        "Net Income From Continuing Operation Net Minority Interest": NaN,
        "Reconciled Depreciation": NaN,
        "Reconciled Cost Of Revenue": NaN,
        "EBITDA": NaN,
        "EBIT": NaN,
        "Net Interest Income": NaN,
        "Interest Expense": NaN,
        "Interest Income": NaN,
        "Normalized Income": NaN,
        "Net Income From Continuing And Discontinued Operation": NaN,
        "Total Expenses": NaN,
        "Diluted Average Shares": NaN,
        "Basic Average Shares": NaN,
        "Diluted EPS": NaN,
        "Basic EPS": NaN,
        "Diluted NI Availto Com Stockholders": NaN,
        "Net Income Common Stockholders": NaN,
        "Net Income": NaN,
        "Minority Interests": NaN,
        "Net Income Including Noncontrolling Interests": NaN,
        "Net Income Discontinuous Operations": 0.0,
        "Net Income Continuous Operations": NaN,
        "Tax Provision": NaN,
        "Pretax Income": NaN,
        "Other Income Expense": NaN,
        "Other Non Operating Income Expenses": NaN,
        "Special Income Charges": NaN,
        "Other Special Charges": NaN,
        "Restructuring And Mergern Acquisition": NaN,
        "Earnings From Equity Interest": NaN,
        "Gain On Sale Of Security": 149000000.0,
        "Net Non Operating Interest Income Expense": NaN,
        "Total Other Finance Cost": -84000000.0,
        "Interest Expense Non Operating": NaN,
        "Interest Income Non Operating": NaN,
        "Operating Income": NaN,
        "Operating Expense": NaN,
        "Depreciation Amortization Depletion Income Statement": NaN,
        "Depreciation And Amortization In Income Statement": NaN,
        "Selling General And Administration": NaN,
        "Gross Profit": NaN,
        "Cost Of Revenue": NaN,
        "Total Revenue": NaN,
        "Operating Revenue": NaN
    },
    "2022-12-31": {
        "Tax Effect Of Unusual Items": NaN,
        "Tax Rate For Calcs": NaN,
        "Normalized EBITDA": NaN,
        "Total Unusual Items": NaN,
        "Total Unusual Items Excluding Goodwill": NaN,
        "Net Income From Continuing Operation Net Minority Interest": NaN,
        "Reconciled Depreciation": NaN,
        "Reconciled Cost Of Revenue": NaN,
        "EBITDA": NaN,
        "EBIT": NaN,
        "Net Interest Income": NaN,
        "Interest Expense": NaN,
        "Interest Income": NaN,
        "Normalized Income": NaN,
        "Net Income From Continuing And Discontinued Operation": NaN,
        "Total Expenses": NaN,
        "Diluted Average Shares": NaN,
        "Basic Average Shares": NaN,
        "Diluted EPS": NaN,
        "Basic EPS": NaN,
        "Diluted NI Availto Com Stockholders": NaN,
        "Net Income Common Stockholders": NaN,
        "Net Income": NaN,
        "Minority Interests": NaN,
        "Net Income Including Noncontrolling Interests": NaN,
        "Net Income Discontinuous Operations": 0.0,
        "Net Income Continuous Operations": NaN,
        "Tax Provision": NaN,
        "Pretax Income": NaN,
        "Other Income Expense": NaN,
        "Other Non Operating Income Expenses": 28000000.0,
        "Special Income Charges": NaN,
        "Other Special Charges": NaN,
        "Restructuring And Mergern Acquisition": NaN,
        "Earnings From Equity Interest": NaN,
        "Gain On Sale Of Security": -70000000.0,
        "Net Non Operating Interest Income Expense": NaN,
        "Total Other Finance Cost": NaN,
        "Interest Expense Non Operating": NaN,
        "Interest Income Non Operating": NaN,
        "Operating Income": NaN,
        "Operating Expense": NaN,
        "Depreciation Amortization Depletion Income Statement": NaN,
        "Depreciation And Amortization In Income Statement": NaN,
        "Selling General And Administration": NaN,
        "Gross Profit": NaN,
        "Cost Of Revenue": NaN,
        "Total Revenue": NaN,
        "Operating Revenue": NaN
    },
    "2022-09-30": {
        "Tax Effect Of Unusual Items": NaN,
        "Tax Rate For Calcs": NaN,
        "Normalized EBITDA": NaN,
        "Total Unusual Items": NaN,
        "Total Unusual Items Excluding Goodwill": NaN,
        "Net Income From Continuing Operation Net Minority Interest": NaN,
        "Reconciled Depreciation": NaN,
        "Reconciled Cost Of Revenue": NaN,
        "EBITDA": NaN,
        "EBIT": NaN,
        "Net Interest Income": NaN,
        "Interest Expense": NaN,
        "Interest Income": NaN,
        "Normalized Income": NaN,
        "Net Income From Continuing And Discontinued Operation": NaN,
        "Total Expenses": NaN,
        "Diluted Average Shares": NaN,
        "Basic Average Shares": NaN,
        "Diluted EPS": NaN,
        "Basic EPS": NaN,
        "Diluted NI Availto Com Stockholders": NaN,
        "Net Income Common Stockholders": NaN,
        "Net Income": NaN,
        "Minority Interests": NaN,
        "Net Income Including Noncontrolling Interests": NaN,
        "Net Income Discontinuous Operations": 0.0,
        "Net Income Continuous Operations": NaN,
        "Tax Provision": NaN,
        "Pretax Income": NaN,
        "Other Income Expense": NaN,
        "Other Non Operating Income Expenses": -45000000.0,
        "Special Income Charges": NaN,
        "Gain On Sale Of Business": 0.0,
        "Restructuring And Mergern Acquisition": NaN,
        "Earnings From Equity Interest": NaN,
        "Gain On Sale Of Security": 63000000.0,
        "Net Non Operating Interest Income Expense": NaN,
        "Total Other Finance Cost": NaN,
        "Interest Expense Non Operating": NaN,
        "Interest Income Non Operating": NaN,
        "Operating Income": NaN,
        "Operating Expense": NaN,
        "Depreciation Amortization Depletion Income Statement": NaN,
        "Depreciation And Amortization In Income Statement": NaN,
        "Selling General And Administration": NaN,
        "Gross Profit": NaN,
        "Cost Of Revenue": NaN,
        "Total Revenue": NaN,
        "Operating Revenue": NaN
    },
    "2022-06-30": {
        "Tax Effect Of Unusual Items": -51798000.0,
        "Tax Rate For Calcs": 0.291,
        "Normalized EBITDA": 3967000000.0,
        "Total Unusual Items": -178000000.0,
        "Total Unusual Items Excluding Goodwill": -178000000.0,
        "Net Income From Continuing Operation Net Minority Interest": 1409000000.0,
        "Reconciled Depreciation": 1290000000.0,
        "Reconciled Cost Of Revenue": 13682000000.0,
        "EBITDA": 3789000000.0,
        "EBIT": 2499000000.0,
        "Net Interest Income": -373000000.0,
        "Interest Expense": 380000000.0,
        "Interest Income": 7000000.0,
        "Normalized Income": 1535202000.0,
        "Net Income From Continuing And Discontinued Operation": 1409000000.0,
        "Total Expenses": 19072000000.0,
        "Diluted Average Shares": 1825000000.0,
        "Basic Average Shares": 1823000000.0,
        "Diluted EPS": 0.77,
        "Basic EPS": 0.77,
        "Diluted NI Availto Com Stockholders": 1409000000.0,
        "Net Income Common Stockholders": 1409000000.0,
        "Net Income": 1409000000.0,
        "Minority Interests": -93000000.0,
        "Net Income Including Noncontrolling Interests": 1502000000.0,
        "Net Income Discontinuous Operations": 0.0,
        "Net Income Continuous Operations": 1502000000.0,
        "Tax Provision": 617000000.0,
        "Pretax Income": 2119000000.0,
        "Other Income Expense": 59000000.0,
        "Other Non Operating Income Expenses": 12000000.0,
        "Special Income Charges": -42000000.0,
        "Gain On Sale Of Business": 0.0,
        "Restructuring And Mergern Acquisition": 42000000.0,
        "Earnings From Equity Interest": 225000000.0,
        "Gain On Sale Of Security": -136000000.0,
        "Net Non Operating Interest Income Expense": -373000000.0,
        "Total Other Finance Cost": NaN,
        "Interest Expense Non Operating": 380000000.0,
        "Interest Income Non Operating": 7000000.0,
        "Operating Income": 2432000000.0,
        "Operating Expense": 5390000000.0,
        "Depreciation Amortization Depletion Income Statement": 1290000000.0,
        "Depreciation And Amortization In Income Statement": 1290000000.0,
        "Selling General And Administration": 4100000000.0,
        "Gross Profit": 7822000000.0,
        "Cost Of Revenue": 13682000000.0,
        "Total Revenue": 21504000000.0,
        "Operating Revenue": 21504000000.0
    },
    "2022-03-31": {
        "Diluted EPS": 0.26,
        "Total Revenue": NaN,
        "Gross Profit": NaN,
        "Operating Income": NaN,
        "EBIT": NaN,
        "Net Income": 470
    },
    "2021-12-31": {
        "Diluted EPS": 0.6,
        "Total Revenue": NaN,
        "Gross Profit": NaN,
        "Operating Income": NaN,
        "EBIT": NaN,
        "Net Income": NaN
    },
    "2021-09-30": {
        "Diluted EPS": 0.09,
        "Total Revenue": NaN,
        "Gross Profit": NaN,
        "Operating Income": 507,
        "EBIT": NaN,
        "Net Income": 159
    },
    "2021-06-30": {
        "Diluted EPS": 0.5,
        "Total Revenue": NaN,
        "Gross Profit": NaN,
        "Operating Income": NaN,
        "EBIT": NaN,
        "Net Income": 918
    },
    "2021-03-31": {
        "Diluted EPS": 0.49,
        "Total Revenue": NaN,
        "Gross Profit": NaN,
        "Operating Income": NaN,
        "EBIT": NaN,
        "Net Income": 901
    },
    "2020-12-31": {
        "Diluted EPS": 0.01,
        "Total Revenue": NaN,
        "Gross Profit": NaN,
        "Operating Income": 146,
        "EBIT": NaN,
        "Net Income": 17
    },
    "2020-09-30": {
        "Diluted EPS": -0.38,
        "Total Revenue": NaN,
        "Gross Profit": NaN,
        "Operating Income": -846,
        "EBIT": 489,
        "Net Income": -710
    },
    "2020-06-30": {
        "Diluted EPS": -2.61,
        "Total Revenue": NaN,
        "Gross Profit": NaN,
        "Operating Income": NaN,
        "EBIT": NaN,
        "Net Income": NaN
    },
    "2020-03-31": {
        "Diluted EPS": 0.25,
        "Total Revenue": NaN,
        "Gross Profit": NaN,
        "Operating Income": NaN,
        "EBIT": NaN,
        "Net Income": 460
    },
    "2019-12-31": {
        "Diluted EPS": 1.16,
        "Total Revenue": NaN,
        "Gross Profit": NaN,
        "Operating Income": NaN,
        "EBIT": NaN,
        "Net Income": NaN
    },
    "2019-09-30": {
        "Diluted EPS": 0.26,
        "Total Revenue": NaN,
        "Gross Profit": NaN,
        "Operating Income": NaN,
        "EBIT": NaN,
        "Net Income": NaN
    },
    "2019-06-30": {
        "Diluted EPS": 0.97,
        "Total Revenue": NaN,
        "Gross Profit": NaN,
        "Operating Income": NaN,
        "EBIT": NaN,
        "Net Income": NaN
    },
    "2019-03-31": {
        "Diluted EPS": 3.55,
        "Total Revenue": NaN,
        "Gross Profit": NaN,
        "Operating Income": NaN,
        "EBIT": NaN,
        "Net Income": NaN
    },
    "2018-12-31": {
        "Diluted EPS": 1.86,
        "Total Revenue": NaN,
        "Gross Profit": NaN,
        "Operating Income": NaN,
        "EBIT": NaN,
        "Net Income": NaN
    },
    "2018-09-30": {
        "Diluted EPS": 1.55,
        "Total Revenue": NaN,
        "Gross Profit": NaN,
        "Operating Income": NaN,
        "EBIT": NaN,
        "Net Income": NaN
    },
    "2018-06-30": {
        "Diluted EPS": 1.95,
        "Total Revenue": NaN,
        "Gross Profit": NaN,
        "Operating Income": NaN,
        "EBIT": NaN,
        "Net Income": NaN
    },
    "2018-03-31": {
        "Diluted EPS": 1.95,
        "Total Revenue": NaN,
        "Gross Profit": NaN,
        "Operating Income": NaN,
        "EBIT": NaN,
        "Net Income": NaN
    },
    "2017-12-31": {
        "Diluted EPS": 2.91,
        "Total Revenue": NaN,
        "Gross Profit": NaN,
        "Operating Income": NaN,
        "EBIT": NaN,
        "Net Income": NaN
    },
    "2017-09-30": {
        "Diluted EPS": 1.13,
        "Total Revenue": NaN,
        "Gross Profit": NaN,
        "Operating Income": NaN,
        "EBIT": NaN,
        "Net Income": NaN
    },
    "2017-06-30": {
        "Diluted EPS": 1.51,
        "Total Revenue": NaN,
        "Gross Profit": NaN,
        "Operating Income": NaN,
        "EBIT": NaN,
        "Net Income": NaN
    },
    "2017-03-31": {
        "Diluted EPS": 1.5,
        "Total Revenue": NaN,
        "Gross Profit": NaN,
        "Operating Income": NaN,
        "EBIT": NaN,
        "Net Income": NaN
    },
    "2016-12-31": {
        "Diluted EPS": 1.55,
        "Total Revenue": NaN,
        "Gross Profit": NaN,
        "Operating Income": NaN,
        "EBIT": NaN,
        "Net Income": NaN
    },
    "2016-09-30": {
        "Diluted EPS": 1.11,
        "Total Revenue": NaN,
        "Gross Profit": NaN,
        "Operating Income": NaN,
        "EBIT": NaN,
        "Net Income": NaN
    },
    "2016-06-30": {
        "Diluted EPS": 1.59,
        "Total Revenue": NaN,
        "Gross Profit": NaN,
        "Operating Income": NaN,
        "EBIT": NaN,
        "Net Income": NaN
    },
    "2016-03-31": {
        "Diluted EPS": 1.3,
        "Total Revenue": NaN,
        "Gross Profit": NaN,
        "Operating Income": NaN,
        "EBIT": NaN,
        "Net Income": NaN
    },
    "2015-12-31": {
        "Diluted EPS": 1.73,
        "Total Revenue": NaN,
        "Gross Profit": NaN,
        "Operating Income": NaN,
        "EBIT": NaN,
        "Net Income": NaN
    },
    "2015-09-30": {
        "Diluted EPS": 0.95,
        "Total Revenue": NaN,
        "Gross Profit": NaN,
        "Operating Income": NaN,
        "EBIT": NaN,
        "Net Income": NaN
    },
    "2015-06-30": {
        "Diluted EPS": 1.45,
        "Total Revenue": NaN,
        "Gross Profit": NaN,
        "Operating Income": NaN,
        "EBIT": NaN,
        "Net Income": NaN
    },
    "2015-03-31": {
        "Diluted EPS": 1.23,
        "Total Revenue": NaN,
        "Gross Profit": NaN,
        "Operating Income": NaN,
        "EBIT": NaN,
        "Net Income": NaN
    },
    "2014-12-31": {
        "Diluted EPS": 1.27,
        "Total Revenue": NaN,
        "Gross Profit": NaN,
        "Operating Income": NaN,
        "EBIT": NaN,
        "Net Income": NaN
    },
    "2014-09-30": {
        "Diluted EPS": 0.86,
        "Total Revenue": NaN,
        "Gross Profit": NaN,
        "Operating Income": NaN,
        "EBIT": NaN,
        "Net Income": NaN
    },
    "2014-06-30": {
        "Diluted EPS": 1.28,
        "Total Revenue": NaN,
        "Gross Profit": NaN,
        "Operating Income": NaN,
        "EBIT": NaN,
        "Net Income": NaN
    },
    "2014-03-31": {
        "Diluted EPS": 1.08,
        "Total Revenue": NaN,
        "Gross Profit": NaN,
        "Operating Income": NaN,
        "EBIT": NaN,
        "Net Income": NaN
    },
    "2013-12-31": {
        "Diluted EPS": 1.03,
        "Total Revenue": NaN,
        "Gross Profit": NaN,
        "Operating Income": NaN,
        "EBIT": NaN,
        "Net Income": NaN
    },
    "2013-09-30": {
        "Diluted EPS": 0.77,
        "Total Revenue": NaN,
        "Gross Profit": NaN,
        "Operating Income": NaN,
        "EBIT": NaN,
        "Net Income": NaN
    },
    "2013-06-30": {
        "Diluted EPS": 1.01,
        "Total Revenue": NaN,
        "Gross Profit": NaN,
        "Operating Income": NaN,
        "EBIT": NaN,
        "Net Income": NaN
    },
    "2013-03-31": {
        "Diluted EPS": 0.83,
        "Total Revenue": NaN,
        "Gross Profit": NaN,
        "Operating Income": NaN,
        "EBIT": NaN,
        "Net Income": NaN
    },
    "2012-12-31": {
        "Diluted EPS": 0.77,
        "Total Revenue": NaN,
        "Gross Profit": NaN,
        "Operating Income": NaN,
        "EBIT": NaN,
        "Net Income": NaN
    },
    "2012-09-30": {
        "Diluted EPS": 0.68,
        "Total Revenue": NaN,
        "Gross Profit": NaN,
        "Operating Income": NaN,
        "EBIT": NaN,
        "Net Income": NaN
    },
    "2012-06-30": {
        "Diluted EPS": 1.01,
        "Total Revenue": NaN,
        "Gross Profit": NaN,
        "Operating Income": NaN,
        "EBIT": NaN,
        "Net Income": NaN
    },
    "2012-03-31": {
        "Diluted EPS": 0.63,
        "Total Revenue": NaN,
        "Gross Profit": NaN,
        "Operating Income": NaN,
        "EBIT": NaN,
        "Net Income": NaN
    },
    "2011-12-31": {
        "Diluted EPS": 0.8,
        "Total Revenue": NaN,
        "Gross Profit": NaN,
        "Operating Income": NaN,
        "EBIT": NaN,
        "Net Income": NaN
    },
    "2011-09-30": {
        "Diluted EPS": 0.58,
        "Total Revenue": NaN,
        "Gross Profit": NaN,
        "Operating Income": NaN,
        "EBIT": NaN,
        "Net Income": NaN
    },
    "2011-06-30": {
        "Diluted EPS": 0.77,
        "Total Revenue": NaN,
        "Gross Profit": NaN,
        "Operating Income": NaN,
        "EBIT": NaN,
        "Net Income": NaN
    },
    "2011-03-31": {
        "Diluted EPS": 0.49,
        "Total Revenue": NaN,
        "Gross Profit": NaN,
        "Operating Income": NaN,
        "EBIT": NaN,
        "Net Income": 942
    },
    "2010-12-31": {
        "Diluted EPS": 0.68,
        "Total Revenue": NaN,
        "Gross Profit": NaN,
        "Operating Income": NaN,
        "EBIT": NaN,
        "Net Income": NaN
    },
    "2010-09-30": {
        "Diluted EPS": 0.44,
        "Total Revenue": NaN,
        "Gross Profit": NaN,
        "Operating Income": NaN,
        "EBIT": NaN,
        "Net Income": 835
    },
    "2010-06-30": {
        "Diluted EPS": 0.67,
        "Total Revenue": NaN,
        "Gross Profit": NaN,
        "Operating Income": NaN,
        "EBIT": NaN,
        "Net Income": NaN
    },
    "2010-03-31": {
        "Diluted EPS": 0.48,
        "Total Revenue": NaN,
        "Gross Profit": NaN,
        "Operating Income": NaN,
        "EBIT": NaN,
        "Net Income": 953
    },
    "2009-12-31": {
        "Diluted EPS": 0.44,
        "Total Revenue": NaN,
        "Gross Profit": NaN,
        "Operating Income": NaN,
        "EBIT": NaN,
        "Net Income": 844
    },
    "2009-09-30": {
        "Diluted EPS": 0.47,
        "Total Revenue": NaN,
        "Gross Profit": NaN,
        "Operating Income": NaN,
        "EBIT": NaN,
        "Net Income": 895
    },
    "2009-06-30": {
        "Diluted EPS": 0.51,
        "Total Revenue": NaN,
        "Gross Profit": NaN,
        "Operating Income": NaN,
        "EBIT": NaN,
        "Net Income": 954
    },
    "2009-03-31": {
        "Diluted EPS": 0.33,
        "Total Revenue": NaN,
        "Gross Profit": NaN,
        "Operating Income": 982,
        "EBIT": NaN,
        "Net Income": 613
    },
    "2023-06-30": {
        "Tax Effect Of Unusual Items": NaN,
        "Tax Rate For Calcs": NaN,
        "Normalized EBITDA": NaN,
        "Total Unusual Items": NaN,
        "Total Unusual Items Excluding Goodwill": NaN,
        "Net Income From Continuing Operation Net Minority Interest": NaN,
        "Reconciled Depreciation": NaN,
        "Reconciled Cost Of Revenue": NaN,
        "EBITDA": NaN,
        "EBIT": NaN,
        "Net Interest Income": NaN,
        "Interest Expense": NaN,
        "Interest Income": NaN,
        "Normalized Income": NaN,
        "Net Income From Continuing And Discontinued Operation": NaN,
        "Total Expenses": NaN,
        "Diluted Average Shares": NaN,
        "Basic Average Shares": NaN,
        "Diluted EPS": NaN,
        "Basic EPS": NaN,
        "Diluted NI Availto Com Stockholders": NaN,
        "Net Income Common Stockholders": NaN,
        "Net Income": NaN,
        "Minority Interests": NaN,
        "Net Income Including Noncontrolling Interests": NaN,
        "Net Income Discontinuous Operations": 0.0,
        "Net Income Continuous Operations": NaN,
        "Tax Provision": NaN,
        "Pretax Income": NaN,
        "Other Income Expense": NaN,
        "Other Non Operating Income Expenses": -101000000.0,
        "Special Income Charges": NaN,
        "Other Special Charges": NaN,
        "Restructuring And Mergern Acquisition": NaN,
        "Earnings From Equity Interest": NaN,
        "Gain On Sale Of Security": 90000000.0,
        "Net Non Operating Interest Income Expense": NaN,
        "Interest Expense Non Operating": NaN,
        "Interest Income Non Operating": NaN,
        "Operating Income": NaN,
        "Operating Expense": NaN,
        "Depreciation Amortization Depletion Income Statement": NaN,
        "Depreciation And Amortization In Income Statement": NaN,
        "Selling General And Administration": NaN,
        "Gross Profit": NaN,
        "Cost Of Revenue": NaN,
        "Total Revenue": NaN,
        "Operating Revenue": NaN
    },
    "2023-09-30": {
        "Tax Effect Of Unusual Items": NaN,
        "Tax Rate For Calcs": NaN,
        "Normalized EBITDA": NaN,
        "Total Unusual Items": NaN,
        "Total Unusual Items Excluding Goodwill": NaN,
        "Net Income From Continuing Operation Net Minority Interest": NaN,
        "Reconciled Depreciation": NaN,
        "Reconciled Cost Of Revenue": NaN,
        "EBITDA": NaN,
        "EBIT": NaN,
        "Net Interest Income": NaN,
        "Interest Expense": NaN,
        "Interest Income": NaN,
        "Normalized Income": NaN,
        "Net Income From Continuing And Discontinued Operation": NaN,
        "Total Expenses": NaN,
        "Diluted Average Shares": NaN,
        "Basic Average Shares": NaN,
        "Diluted EPS": NaN,
        "Basic EPS": NaN,
        "Diluted NI Availto Com Stockholders": NaN,
        "Net Income Common Stockholders": NaN,
        "Net Income": NaN,
        "Minority Interests": NaN,
        "Net Income Including Noncontrolling Interests": NaN,
        "Net Income Discontinuous Operations": 0.0,
        "Net Income Continuous Operations": NaN,
        "Tax Provision": NaN,
        "Pretax Income": NaN,
        "Other Income Expense": NaN,
        "Other Non Operating Income Expenses": -257000000.0,
        "Special Income Charges": NaN,
        "Other Special Charges": NaN,
        "Restructuring And Mergern Acquisition": NaN,
        "Earnings From Equity Interest": NaN,
        "Gain On Sale Of Security": 0.0,
        "Net Non Operating Interest Income Expense": NaN,
        "Interest Expense Non Operating": NaN,
        "Interest Income Non Operating": NaN,
        "Operating Income": NaN,
        "Operating Expense": NaN,
        "Depreciation Amortization Depletion Income Statement": NaN,
        "Depreciation And Amortization In Income Statement": NaN,
        "Selling General And Administration": NaN,
        "Gross Profit": NaN,
        "Cost Of Revenue": NaN,
        "Total Revenue": NaN,
        "Operating Revenue": NaN
    },
    "2023-12-31": {
        "Tax Effect Of Unusual Items": NaN,
        "Tax Rate For Calcs": NaN,
        "Normalized EBITDA": NaN,
        "Total Unusual Items": NaN,
        "Total Unusual Items Excluding Goodwill": NaN,
        "Net Income From Continuing Operation Net Minority Interest": NaN,
        "Reconciled Depreciation": NaN,
        "Reconciled Cost Of Revenue": NaN,
        "EBITDA": NaN,
        "EBIT": NaN,
        "Net Interest Income": NaN,
        "Interest Expense": NaN,
        "Interest Income": NaN,
        "Normalized Income": NaN,
        "Net Income From Continuing And Discontinued Operation": NaN,
        "Total Expenses": NaN,
        "Diluted Average Shares": NaN,
        "Basic Average Shares": NaN,
        "Diluted EPS": NaN,
        "Basic EPS": NaN,
        "Diluted NI Availto Com Stockholders": NaN,
        "Net Income Common Stockholders": NaN,
        "Net Income": NaN,
        "Minority Interests": NaN,
        "Net Income Including Noncontrolling Interests": NaN,
        "Net Income Continuous Operations": NaN,
        "Tax Provision": NaN,
        "Pretax Income": NaN,
        "Other Income Expense": NaN,
        "Other Non Operating Income Expenses": 100000000.0,
        "Special Income Charges": NaN,
        "Gain On Sale Of Business": 0.0,
        "Other Special Charges": NaN,
        "Restructuring And Mergern Acquisition": NaN,
        "Earnings From Equity Interest": NaN,
        "Net Non Operating Interest Income Expense": NaN,
        "Interest Expense Non Operating": NaN,
        "Interest Income Non Operating": NaN,
        "Operating Income": NaN,
        "Operating Expense": NaN,
        "Depreciation Amortization Depletion Income Statement": NaN,
        "Depreciation And Amortization In Income Statement": NaN,
        "Selling General And Administration": NaN,
        "Gross Profit": NaN,
        "Cost Of Revenue": NaN,
        "Total Revenue": NaN,
        "Operating Revenue": NaN
    },
    "2024-03-31": {
        "Tax Effect Of Unusual Items": NaN,
        "Tax Rate For Calcs": NaN,
        "Normalized EBITDA": NaN,
        "Total Unusual Items": NaN,
        "Total Unusual Items Excluding Goodwill": NaN,
        "Net Income From Continuing Operation Net Minority Interest": NaN,
        "Reconciled Depreciation": NaN,
        "Reconciled Cost Of Revenue": NaN,
        "EBITDA": NaN,
        "EBIT": NaN,
        "Net Interest Income": NaN,
        "Interest Expense": NaN,
        "Interest Income": NaN,
        "Normalized Income": NaN,
        "Net Income From Continuing And Discontinued Operation": NaN,
        "Total Expenses": NaN,
        "Diluted Average Shares": NaN,
        "Basic Average Shares": NaN,
        "Diluted EPS": NaN,
        "Basic EPS": NaN,
        "Diluted NI Availto Com Stockholders": NaN,
        "Net Income Common Stockholders": NaN,
        "Net Income": NaN,
        "Minority Interests": NaN,
        "Net Income Including Noncontrolling Interests": NaN,
        "Net Income Continuous Operations": NaN,
        "Tax Provision": NaN,
        "Pretax Income": NaN,
        "Other Income Expense": NaN,
        "Other Non Operating Income Expenses": NaN,
        "Special Income Charges": NaN,
        "Gain On Sale Of Business": 0.0,
        "Other Special Charges": NaN,
        "Restructuring And Mergern Acquisition": NaN,
        "Earnings From Equity Interest": NaN,
        "Net Non Operating Interest Income Expense": NaN,
        "Interest Expense Non Operating": NaN,
        "Interest Income Non Operating": NaN,
        "Operating Income": NaN,
        "Operating Expense": NaN,
        "Depreciation Amortization Depletion Income Statement": NaN,
        "Depreciation And Amortization In Income Statement": NaN,
        "Selling General And Administration": NaN,
        "Gross Profit": NaN,
        "Cost Of Revenue": NaN,
        "Total Revenue": NaN,
        "Operating Revenue": NaN
    },
    "2024-06-30": {
        "Tax Effect Of Unusual Items": NaN,
        "Tax Rate For Calcs": NaN,
        "Normalized EBITDA": NaN,
        "Total Unusual Items": NaN,
        "Total Unusual Items Excluding Goodwill": NaN,
        "Net Income From Continuing Operation Net Minority Interest": NaN,
        "Reconciled Depreciation": NaN,
        "Reconciled Cost Of Revenue": NaN,
        "EBITDA": NaN,
        "EBIT": NaN,
        "Net Interest Income": NaN,
        "Interest Expense": NaN,
        "Interest Income": NaN,
        "Normalized Income": NaN,
        "Net Income From Continuing And Discontinued Operation": NaN,
        "Total Expenses": NaN,
        "Diluted Average Shares": NaN,
        "Basic Average Shares": NaN,
        "Diluted EPS": NaN,
        "Basic EPS": NaN,
        "Diluted NI Availto Com Stockholders": NaN,
        "Net Income Common Stockholders": NaN,
        "Net Income": NaN,
        "Minority Interests": NaN,
        "Net Income Including Noncontrolling Interests": NaN,
        "Net Income Continuous Operations": NaN,
        "Tax Provision": NaN,
        "Pretax Income": NaN,
        "Other Income Expense": NaN,
        "Other Non Operating Income Expenses": -65000000.0,
        "Special Income Charges": NaN,
        "Other Special Charges": 65000000.0,
        "Restructuring And Mergern Acquisition": NaN,
        "Earnings From Equity Interest": NaN,
        "Net Non Operating Interest Income Expense": NaN,
        "Interest Expense Non Operating": NaN,
        "Interest Income Non Operating": NaN,
        "Operating Income": NaN,
        "Operating Expense": NaN,
        "Depreciation Amortization Depletion Income Statement": NaN,
        "Depreciation And Amortization In Income Statement": NaN,
        "Selling General And Administration": NaN,
        "Gross Profit": NaN,
        "Cost Of Revenue": NaN,
        "Total Revenue": NaN,
        "Operating Revenue": NaN
    },
    "2024-09-30": {
        "Tax Effect Of Unusual Items": -324030000.0,
        "Tax Rate For Calcs": 0.21,
        "Normalized EBITDA": 4308000000.0,
        "Total Unusual Items": -1543000000.0,
        "Total Unusual Items Excluding Goodwill": -1543000000.0,
        "Net Income From Continuing Operation Net Minority Interest": 460000000.0,
        "Reconciled Depreciation": 1285000000.0,
        "Reconciled Cost Of Revenue": 14230000000.0,
        "EBITDA": 2765000000.0,
        "EBIT": 1480000000.0,
        "Net Interest Income": -765000000.0,
        "Interest Expense": 532000000.0,
        "Interest Income": -233000000.0,
        "Normalized Income": 1678970000.0,
        "Net Income From Continuing And Discontinued Operation": 460000000.0,
        "Total Expenses": 19829000000.0,
        "Diluted Average Shares": 1819000000.0,
        "Basic Average Shares": 1814000000.0,
        "Diluted EPS": 0.25,
        "Basic EPS": 0.25,
        "Diluted NI Availto Com Stockholders": 460000000.0,
        "Net Income Common Stockholders": 460000000.0,
        "Net Income": 460000000.0,
        "Minority Interests": -104000000.0,
        "Net Income Including Noncontrolling Interests": 564000000.0,
        "Net Income Continuous Operations": 564000000.0,
        "Tax Provision": 384000000.0,
        "Pretax Income": 948000000.0,
        "Other Income Expense": -1032000000.0,
        "Other Non Operating Income Expenses": NaN,
        "Special Income Charges": -1543000000.0,
        "Other Special Charges": 0.0,
        "Restructuring And Mergern Acquisition": 1543000000.0,
        "Earnings From Equity Interest": 107000000.0,
        "Net Non Operating Interest Income Expense": -765000000.0,
        "Interest Expense Non Operating": 532000000.0,
        "Interest Income Non Operating": -233000000.0,
        "Operating Income": 2745000000.0,
        "Operating Expense": 5599000000.0,
        "Depreciation Amortization Depletion Income Statement": 1285000000.0,
        "Depreciation And Amortization In Income Statement": 1285000000.0,
        "Selling General And Administration": 4314000000.0,
        "Gross Profit": 8344000000.0,
        "Cost Of Revenue": 14230000000.0,
        "Total Revenue": 22574000000.0,
        "Operating Revenue": 22574000000.0
    },
    "2024-12-31": {
        "Tax Effect Of Unusual Items": -39754000.0,
        "Tax Rate For Calcs": 0.278,
        "Normalized EBITDA": 5566000000.0,
        "Total Unusual Items": -143000000.0,
        "Total Unusual Items Excluding Goodwill": -143000000.0,
        "Net Income From Continuing Operation Net Minority Interest": 2554000000.0,
        "Reconciled Depreciation": 1276000000.0,
        "Reconciled Cost Of Revenue": 15406000000.0,
        "EBITDA": 5423000000.0,
        "EBIT": 4147000000.0,
        "Net Interest Income": -433000000.0,
        "Interest Expense": 487000000.0,
        "Interest Income": 54000000.0,
        "Normalized Income": 2657246000.0,
        "Net Income From Continuing And Discontinued Operation": 2554000000.0,
        "Total Expenses": 20612000000.0,
        "Diluted Average Shares": 1818000000.0,
        "Basic Average Shares": 1812000000.0,
        "Diluted EPS": 1.4,
        "Basic EPS": 1.41,
        "Diluted NI Availto Com Stockholders": 2554000000.0,
        "Net Income Common Stockholders": 2554000000.0,
        "Net Income": 2554000000.0,
        "Minority Interests": -90000000.0,
        "Net Income Including Noncontrolling Interests": 2644000000.0,
        "Net Income Continuous Operations": 2644000000.0,
        "Tax Provision": 1016000000.0,
        "Pretax Income": 3660000000.0,
        "Other Income Expense": 15000000.0,
        "Other Non Operating Income Expenses": 66000000.0,
        "Special Income Charges": -143000000.0,
        "Other Special Charges": NaN,
        "Restructuring And Mergern Acquisition": 143000000.0,
        "Earnings From Equity Interest": 92000000.0,
        "Net Non Operating Interest Income Expense": -433000000.0,
        "Interest Expense Non Operating": 487000000.0,
        "Interest Income Non Operating": 54000000.0,
        "Operating Income": 4078000000.0,
        "Operating Expense": 5206000000.0,
        "Depreciation Amortization Depletion Income Statement": 1276000000.0,
        "Depreciation And Amortization In Income Statement": 1276000000.0,
        "Selling General And Administration": 3930000000.0,
        "Gross Profit": 9284000000.0,
        "Cost Of Revenue": 15406000000.0,
        "Total Revenue": 24690000000.0,
        "Operating Revenue": 24690000000.0
    },
    "2025-03-31": {
        "Tax Effect Of Unusual Items": -22890000.0,
        "Tax Rate For Calcs": 0.21,
        "Normalized EBITDA": 4991000000.0,
        "Total Unusual Items": -109000000.0,
        "Total Unusual Items Excluding Goodwill": -109000000.0,
        "Net Income From Continuing Operation Net Minority Interest": 3275000000.0,
        "Reconciled Depreciation": 1324000000.0,
        "Reconciled Cost Of Revenue": 14810000000.0,
        "EBITDA": 4882000000.0,
        "EBIT": 3558000000.0,
        "Net Interest Income": -346000000.0,
        "Interest Expense": 471000000.0,
        "Interest Income": 125000000.0,
        "Normalized Income": 3361110000.0,
        "Net Income From Continuing And Discontinued Operation": 3275000000.0,
        "Total Expenses": 20115000000.0,
        "Diluted Average Shares": 1814000000.0,
        "Basic Average Shares": 1808000000.0,
        "Diluted EPS": 1.81,
        "Basic EPS": 1.81,
        "Diluted NI Availto Com Stockholders": 3275000000.0,
        "Net Income Common Stockholders": 3275000000.0,
        "Net Income": 3275000000.0,
        "Minority Interests": -126000000.0,
        "Net Income Including Noncontrolling Interests": 3401000000.0,
        "Net Income Continuous Operations": 3401000000.0,
        "Tax Provision": -314000000.0,
        "Pretax Income": 3087000000.0,
        "Other Income Expense": -73000000.0,
        "Other Non Operating Income Expenses": NaN,
        "Special Income Charges": -109000000.0,
        "Other Special Charges": NaN,
        "Restructuring And Mergern Acquisition": 109000000.0,
        "Earnings From Equity Interest": 36000000.0,
        "Net Non Operating Interest Income Expense": -346000000.0,
        "Interest Expense Non Operating": 471000000.0,
        "Interest Income Non Operating": 125000000.0,
        "Operating Income": 3506000000.0,
        "Operating Expense": 5305000000.0,
        "Depreciation Amortization Depletion Income Statement": 1324000000.0,
        "Depreciation And Amortization In Income Statement": 1324000000.0,
        "Selling General And Administration": 3981000000.0,
        "Gross Profit": 8811000000.0,
        "Cost Of Revenue": 14810000000.0,
        "Total Revenue": 23621000000.0,
        "Operating Revenue": 23621000000.0
    },
    "2025-06-30": {
        "Tax Effect Of Unusual Items": -38850000.0,
        "Tax Rate For Calcs": 0.21,
        "Normalized EBITDA": 5166000000.0,
        "Total Unusual Items": -185000000.0,
        "Total Unusual Items Excluding Goodwill": -185000000.0,
        "Net Income From Continuing Operation Net Minority Interest": 5262000000.0,
        "Reconciled Depreciation": 1332000000.0,
        "Reconciled Cost Of Revenue": 14532000000.0,
        "EBITDA": 4981000000.0,
        "EBIT": 3649000000.0,
        "Net Interest Income": -324000000.0,
        "Interest Expense": 438000000.0,
        "Interest Income": 114000000.0,
        "Normalized Income": 5408150000.0,
        "Net Income From Continuing And Discontinued Operation": 5262000000.0,
        "Total Expenses": 20005000000.0,
        "Diluted Average Shares": 1805000000.0,
        "Basic Average Shares": 1799000000.0,
        "Diluted EPS": 2.92,
        "Basic EPS": 2.92,
        "Diluted NI Availto Com Stockholders": 5262000000.0,
        "Net Income Common Stockholders": 5262000000.0,
        "Net Income": 5262000000.0,
        "Minority Interests": -681000000.0,
        "Net Income Including Noncontrolling Interests": 5943000000.0,
        "Net Income Continuous Operations": 5943000000.0,
        "Tax Provision": -2732000000.0,
        "Pretax Income": 3211000000.0,
        "Other Income Expense": -110000000.0,
        "Other Non Operating Income Expenses": NaN,
        "Special Income Charges": -185000000.0,
        "Other Special Charges": NaN,
        "Restructuring And Mergern Acquisition": 185000000.0,
        "Earnings From Equity Interest": 75000000.0,
        "Net Non Operating Interest Income Expense": -324000000.0,
        "Interest Expense Non Operating": 438000000.0,
        "Interest Income Non Operating": 114000000.0,
        "Operating Income": 3645000000.0,
        "Operating Expense": 5473000000.0,
        "Depreciation Amortization Depletion Income Statement": 1332000000.0,
        "Depreciation And Amortization In Income Statement": 1332000000.0,
        "Selling General And Administration": 4141000000.0,
        "Gross Profit": 9118000000.0,
        "Cost Of Revenue": 14532000000.0,
        "Total Revenue": 23650000000.0,
        "Operating Revenue": 23650000000.0
    },
    "2025-09-30": {
        "Tax Effect Of Unusual Items": -112451833.740831,
        "Tax Rate For Calcs": 0.294377,
        "Normalized EBITDA": 4237000000.0,
        "Total Unusual Items": -382000000.0,
        "Total Unusual Items Excluding Goodwill": -382000000.0,
        "Net Income From Continuing Operation Net Minority Interest": 1313000000.0,
        "Reconciled Depreciation": 1394000000.0,
        "Reconciled Cost Of Revenue": 14018000000.0,
        "EBITDA": 3855000000.0,
        "EBIT": 2461000000.0,
        "Net Interest Income": -268000000.0,
        "Interest Expense": 416000000.0,
        "Interest Income": 148000000.0,
        "Normalized Income": 1582548166.259169,
        "Net Income From Continuing And Discontinued Operation": 1313000000.0,
        "Total Expenses": 19861000000.0,
        "Diluted Average Shares": 1806000000.0,
        "Basic Average Shares": 1797000000.0,
        "Diluted EPS": 0.73,
        "Basic EPS": 0.73,
        "Diluted NI Availto Com Stockholders": 1313000000.0,
        "Net Income Common Stockholders": 1313000000.0,
        "Net Income": 1313000000.0,
        "Minority Interests": -130000000.0,
        "Net Income Including Noncontrolling Interests": 1443000000.0,
        "Net Income Continuous Operations": 1443000000.0,
        "Tax Provision": 602000000.0,
        "Pretax Income": 2045000000.0,
        "Other Income Expense": -290000000.0,
        "Other Non Operating Income Expenses": NaN,
        "Special Income Charges": -382000000.0,
        "Other Special Charges": NaN,
        "Restructuring And Mergern Acquisition": -328000000.0,
        "Earnings From Equity Interest": 92000000.0,
        "Net Non Operating Interest Income Expense": -268000000.0,
        "Interest Expense Non Operating": 416000000.0,
        "Interest Income Non Operating": 148000000.0,
        "Operating Income": 2603000000.0,
        "Operating Expense": 5843000000.0,
        "Depreciation Amortization Depletion Income Statement": 1394000000.0,
        "Depreciation And Amortization In Income Statement": 1394000000.0,
        "Selling General And Administration": 4449000000.0,
        "Gross Profit": 8446000000.0,
        "Cost Of Revenue": 14018000000.0,
        "Total Revenue": 22464000000.0,
        "Operating Revenue": 22464000000.0
    }
}