{
    "2023-09-30": {
        "Tax Effect Of Unusual Items": NaN,
        "Tax Rate For Calcs": NaN,
        "Normalized EBITDA": NaN,
        "Total Unusual Items": NaN,
        "Total Unusual Items Excluding Goodwill": NaN,
        "Net Income From Continuing Operation Net Minority Interest": NaN,
        "Reconciled Depreciation": NaN,
        "Reconciled Cost Of Revenue": NaN,
        "EBITDA": NaN,
        "EBIT": NaN,
        "Net Interest Income": NaN,
        "Interest Expense": NaN,
        "Interest Income": NaN,
        "Normalized Income": NaN,
        "Net Income From Continuing And Discontinued Operation": NaN,
        "Total Expenses": NaN,
        "Total Operating Income As Reported": NaN,
        "Diluted Average Shares": 136700583.0,
        "Basic Average Shares": 136700583.0,
        "Diluted EPS": -0.190439,
        "Basic EPS": -0.190439,
        "Diluted NI Availto Com Stockholders": NaN,
        "Net Income Common Stockholders": NaN,
        "Net Income": NaN,
        "Net Income Including Noncontrolling Interests": NaN,
        "Net Income Continuous Operations": NaN,
        "Tax Provision": NaN,
        "Pretax Income": NaN,
        "Other Income Expense": -7931200.0,
        "Other Non Operating Income Expenses": NaN,
        "Special Income Charges": NaN,
        "Other Special Charges": NaN,
        "Gain On Sale Of Security": -7931200.0,
        "Net Non Operating Interest Income Expense": NaN,
        "Interest Expense Non Operating": NaN,
        "Interest Income Non Operating": NaN,
        "Operating Income": NaN,
        "Operating Expense": NaN,
        "Depreciation Amortization Depletion Income Statement": NaN,
        "Depreciation And Amortization In Income Statement": NaN,
        "Depreciation Income Statement": NaN,
        "Research And Development": NaN,
        "Selling General And Administration": NaN,
        "Selling And Marketing Expense": NaN,
        "General And Administrative Expense": NaN,
        "Other Gand A": NaN,
        "Gross Profit": NaN,
        "Cost Of Revenue": NaN,
        "Total Revenue": NaN,
        "Operating Revenue": NaN
    },
    "2022-12-31": {
        "Tax Effect Of Unusual Items": NaN,
        "Tax Rate For Calcs": NaN,
        "Normalized EBITDA": NaN,
        "Total Unusual Items": NaN,
        "Total Unusual Items Excluding Goodwill": NaN,
        "Net Income From Continuing Operation Net Minority Interest": NaN,
        "Reconciled Depreciation": NaN,
        "Reconciled Cost Of Revenue": NaN,
        "EBITDA": NaN,
        "EBIT": NaN,
        "Net Interest Income": NaN,
        "Interest Expense": 726700.0,
        "Interest Income": NaN,
        "Normalized Income": NaN,
        "Net Income From Continuing And Discontinued Operation": NaN,
        "Total Expenses": NaN,
        "Total Operating Income As Reported": NaN,
        "Diluted Average Shares": NaN,
        "Basic Average Shares": NaN,
        "Diluted EPS": NaN,
        "Basic EPS": NaN,
        "Diluted NI Availto Com Stockholders": NaN,
        "Net Income Common Stockholders": NaN,
        "Net Income": NaN,
        "Net Income Including Noncontrolling Interests": NaN,
        "Net Income Continuous Operations": NaN,
        "Tax Provision": NaN,
        "Pretax Income": NaN,
        "Other Income Expense": 13653900.0,
        "Special Income Charges": NaN,
        "Other Special Charges": NaN,
        "Gain On Sale Of Security": 13653900.0,
        "Net Non Operating Interest Income Expense": NaN,
        "Interest Expense Non Operating": 726700.0,
        "Interest Income Non Operating": NaN,
        "Operating Income": NaN,
        "Operating Expense": NaN,
        "Depreciation Amortization Depletion Income Statement": NaN,
        "Depreciation And Amortization In Income Statement": NaN,
        "Depreciation Income Statement": NaN,
        "Research And Development": NaN,
        "Selling General And Administration": NaN,
        "Selling And Marketing Expense": NaN,
        "General And Administrative Expense": NaN,
        "Other Gand A": NaN,
        "Gross Profit": NaN,
        "Cost Of Revenue": NaN,
        "Total Revenue": NaN,
        "Operating Revenue": NaN
    },
    "2024-03-31": {
        "Tax Effect Of Unusual Items": 0.0,
        "Tax Rate For Calcs": 0.0,
        "Normalized EBITDA": -98278600.0,
        "Total Unusual Items": -226458300.0,
        "Total Unusual Items Excluding Goodwill": -226458300.0,
        "Net Income From Continuing Operation Net Minority Interest": -327599700.0,
        "Reconciled Depreciation": 45200.0,
        "Reconciled Cost Of Revenue": 53800.0,
        "EBITDA": -324736900.0,
        "EBIT": -324782100.0,
        "Net Interest Income": -2788800.0,
        "Interest Expense": 2817600.0,
        "Interest Income": 28800.0,
        "Normalized Income": -101141400.0,
        "Net Income From Continuing And Discontinued Operation": -327599700.0,
        "Total Expenses": 99123100.0,
        "Total Operating Income As Reported": -98352600.0,
        "Diluted Average Shares": 90743994.0,
        "Basic Average Shares": 90743994.0,
        "Diluted EPS": -3.61,
        "Basic EPS": -3.61,
        "Diluted NI Availto Com Stockholders": -327599700.0,
        "Net Income Common Stockholders": -327599700.0,
        "Net Income": -327599700.0,
        "Net Income Including Noncontrolling Interests": -327599700.0,
        "Net Income Continuous Operations": -327599700.0,
        "Tax Provision": 0.0,
        "Pretax Income": -327599700.0,
        "Other Income Expense": -226458300.0,
        "Other Non Operating Income Expenses": NaN,
        "Special Income Charges": -542300.0,
        "Other Special Charges": 542300.0,
        "Gain On Sale Of Security": -225916000.0,
        "Net Non Operating Interest Income Expense": -2788800.0,
        "Interest Expense Non Operating": 2817600.0,
        "Interest Income Non Operating": 28800.0,
        "Operating Income": -98352600.0,
        "Operating Expense": 99029700.0,
        "Depreciation Amortization Depletion Income Statement": 5600.0,
        "Depreciation And Amortization In Income Statement": 5600.0,
        "Depreciation Income Statement": 5600.0,
        "Research And Development": 33158600.0,
        "Selling General And Administration": 65865500.0,
        "Selling And Marketing Expense": 1070400.0,
        "General And Administrative Expense": 64795100.0,
        "Other Gand A": 64795100.0,
        "Gross Profit": 677100.0,
        "Cost Of Revenue": 93400.0,
        "Total Revenue": 770500.0,
        "Operating Revenue": 770500.0
    },
    "2023-03-31": {
        "Tax Effect Of Unusual Items": NaN,
        "Tax Rate For Calcs": NaN,
        "Normalized EBITDA": NaN,
        "Total Unusual Items": 5659900.0,
        "Total Unusual Items Excluding Goodwill": 5659900.0,
        "Net Income From Continuing Operation Net Minority Interest": NaN,
        "Reconciled Depreciation": NaN,
        "Reconciled Cost Of Revenue": NaN,
        "EBITDA": NaN,
        "EBIT": NaN,
        "Net Interest Income": NaN,
        "Interest Expense": 2024300.0,
        "Interest Income": 0.0,
        "Normalized Income": NaN,
        "Net Income From Continuing And Discontinued Operation": NaN,
        "Total Expenses": NaN,
        "Total Operating Income As Reported": NaN,
        "Diluted Average Shares": NaN,
        "Basic Average Shares": NaN,
        "Diluted EPS": NaN,
        "Basic EPS": NaN,
        "Diluted NI Availto Com Stockholders": NaN,
        "Net Income Common Stockholders": NaN,
        "Net Income": NaN,
        "Net Income Including Noncontrolling Interests": NaN,
        "Net Income Continuous Operations": NaN,
        "Tax Provision": NaN,
        "Pretax Income": NaN,
        "Other Income Expense": 5659900.0,
        "Special Income Charges": 0.0,
        "Other Special Charges": NaN,
        "Gain On Sale Of Security": 5659900.0,
        "Net Non Operating Interest Income Expense": NaN,
        "Interest Expense Non Operating": 2024300.0,
        "Interest Income Non Operating": 0.0,
        "Operating Income": NaN,
        "Operating Expense": NaN,
        "Depreciation Amortization Depletion Income Statement": NaN,
        "Depreciation And Amortization In Income Statement": NaN,
        "Depreciation Income Statement": 16300.0,
        "Research And Development": NaN,
        "Selling General And Administration": NaN,
        "Selling And Marketing Expense": NaN,
        "General And Administrative Expense": NaN,
        "Other Gand A": NaN,
        "Gross Profit": NaN,
        "Cost Of Revenue": NaN,
        "Total Revenue": NaN,
        "Operating Revenue": NaN
    },
    "2022-09-30": {
        "Tax Effect Of Unusual Items": 0.0,
        "Tax Rate For Calcs": 0.0,
        "Normalized EBITDA": -4129000.0,
        "Total Unusual Items": 17206600.0,
        "Total Unusual Items Excluding Goodwill": 17206600.0,
        "Net Income From Continuing Operation Net Minority Interest": 12545400.0,
        "Reconciled Depreciation": 16400.0,
        "Reconciled Cost Of Revenue": 0.0,
        "EBITDA": 13077600.0,
        "EBIT": 13061200.0,
        "Net Interest Income": -515800.0,
        "Interest Expense": 515800.0,
        "Interest Income": NaN,
        "Normalized Income": -4661200.0,
        "Net Income From Continuing And Discontinued Operation": 12545400.0,
        "Total Expenses": 4348700.0,
        "Total Operating Income As Reported": -4145400.0,
        "Diluted Average Shares": 100000000.0,
        "Basic Average Shares": 100000000.0,
        "Diluted EPS": 0.125454,
        "Basic EPS": 0.125454,
        "Diluted NI Availto Com Stockholders": 12545400.0,
        "Net Income Common Stockholders": 12545400.0,
        "Net Income": 12545400.0,
        "Net Income Including Noncontrolling Interests": 12545400.0,
        "Net Income Continuous Operations": 12545400.0,
        "Tax Provision": 0.0,
        "Pretax Income": 12545400.0,
        "Other Income Expense": 17206600.0,
        "Special Income Charges": NaN,
        "Other Special Charges": NaN,
        "Gain On Sale Of Security": 17206600.0,
        "Net Non Operating Interest Income Expense": -515800.0,
        "Interest Expense Non Operating": 515800.0,
        "Interest Income Non Operating": NaN,
        "Operating Income": -4145400.0,
        "Operating Expense": 4348700.0,
        "Depreciation Amortization Depletion Income Statement": 16400.0,
        "Depreciation And Amortization In Income Statement": 16400.0,
        "Depreciation Income Statement": NaN,
        "Research And Development": 1691100.0,
        "Selling General And Administration": 2641200.0,
        "Selling And Marketing Expense": 119600.0,
        "General And Administrative Expense": 2521600.0,
        "Other Gand A": 2521600.0,
        "Gross Profit": 203300.0,
        "Cost Of Revenue": 0.0,
        "Total Revenue": 203300.0,
        "Operating Revenue": 203300.0
    },
    "2024-06-30": {
        "Tax Effect Of Unusual Items": 0.0,
        "Tax Rate For Calcs": 0.0,
        "Normalized EBITDA": -18654800.0,
        "Total Unusual Items": 0.0,
        "Total Unusual Items Excluding Goodwill": 0.0,
        "Net Income From Continuing Operation Net Minority Interest": -16368000.0,
        "Reconciled Depreciation": -35900.0,
        "Reconciled Cost Of Revenue": 75800.0,
        "EBITDA": -18654800.0,
        "EBIT": -18658500.0,
        "Net Interest Income": 2290500.0,
        "Interest Expense": NaN,
        "Interest Income": 2290500.0,
        "Normalized Income": -16368000.0,
        "Net Income From Continuing And Discontinued Operation": -16368000.0,
        "Total Expenses": 19495400.0,
        "Total Operating Income As Reported": -18658500.0,
        "Diluted Average Shares": 166726512.0,
        "Basic Average Shares": 166726512.0,
        "Diluted EPS": -0.1,
        "Basic EPS": -0.1,
        "Diluted NI Availto Com Stockholders": -16368000.0,
        "Net Income Common Stockholders": -16368000.0,
        "Net Income": -16368000.0,
        "Net Income Including Noncontrolling Interests": -16368000.0,
        "Net Income Continuous Operations": -16368000.0,
        "Tax Provision": 0.0,
        "Pretax Income": -16368000.0,
        "Other Income Expense": NaN,
        "Other Non Operating Income Expenses": NaN,
        "Special Income Charges": 0.0,
        "Other Special Charges": NaN,
        "Gain On Sale Of Security": NaN,
        "Net Non Operating Interest Income Expense": 2290500.0,
        "Interest Expense Non Operating": NaN,
        "Interest Income Non Operating": 2290500.0,
        "Operating Income": -18658500.0,
        "Operating Expense": 19459200.0,
        "Depreciation Amortization Depletion Income Statement": 3700.0,
        "Depreciation And Amortization In Income Statement": 3700.0,
        "Depreciation Income Statement": 3700.0,
        "Research And Development": 4861600.0,
        "Selling General And Administration": 14593900.0,
        "Selling And Marketing Expense": 1175300.0,
        "General And Administrative Expense": 13418600.0,
        "Other Gand A": 13418600.0,
        "Gross Profit": 800700.0,
        "Cost Of Revenue": 36200.0,
        "Total Revenue": 836900.0,
        "Operating Revenue": 836900.0
    },
    "2023-06-30": {
        "Tax Effect Of Unusual Items": NaN,
        "Tax Rate For Calcs": NaN,
        "Normalized EBITDA": NaN,
        "Total Unusual Items": NaN,
        "Total Unusual Items Excluding Goodwill": NaN,
        "Net Income From Continuing Operation Net Minority Interest": NaN,
        "Reconciled Depreciation": NaN,
        "Reconciled Cost Of Revenue": NaN,
        "EBITDA": NaN,
        "EBIT": NaN,
        "Net Interest Income": NaN,
        "Interest Expense": NaN,
        "Interest Income": NaN,
        "Normalized Income": NaN,
        "Net Income From Continuing And Discontinued Operation": NaN,
        "Total Expenses": NaN,
        "Total Operating Income As Reported": NaN,
        "Diluted Average Shares": 136700583.0,
        "Basic Average Shares": 136700583.0,
        "Diluted EPS": -0.166555,
        "Basic EPS": -0.166555,
        "Diluted NI Availto Com Stockholders": NaN,
        "Net Income Common Stockholders": NaN,
        "Net Income": NaN,
        "Net Income Including Noncontrolling Interests": NaN,
        "Net Income Continuous Operations": NaN,
        "Tax Provision": NaN,
        "Pretax Income": NaN,
        "Other Income Expense": 1611100.0,
        "Other Non Operating Income Expenses": NaN,
        "Special Income Charges": 0.0,
        "Other Special Charges": NaN,
        "Gain On Sale Of Security": 1611100.0,
        "Net Non Operating Interest Income Expense": NaN,
        "Interest Expense Non Operating": NaN,
        "Interest Income Non Operating": NaN,
        "Operating Income": NaN,
        "Operating Expense": NaN,
        "Depreciation Amortization Depletion Income Statement": NaN,
        "Depreciation And Amortization In Income Statement": NaN,
        "Depreciation Income Statement": 16600.0,
        "Research And Development": NaN,
        "Selling General And Administration": NaN,
        "Selling And Marketing Expense": NaN,
        "General And Administrative Expense": NaN,
        "Other Gand A": NaN,
        "Gross Profit": NaN,
        "Cost Of Revenue": NaN,
        "Total Revenue": NaN,
        "Operating Revenue": NaN
    },
    "2024-09-30": {
        "Tax Effect Of Unusual Items": 0.0,
        "Tax Rate For Calcs": 0.0,
        "Normalized EBITDA": -18038300.0,
        "Total Unusual Items": NaN,
        "Total Unusual Items Excluding Goodwill": NaN,
        "Net Income From Continuing Operation Net Minority Interest": -19248400.0,
        "Reconciled Depreciation": 963400.0,
        "Reconciled Cost Of Revenue": 123300.0,
        "EBITDA": -18038300.0,
        "EBIT": -19001700.0,
        "Net Interest Income": 4406300.0,
        "Interest Expense": 246700.0,
        "Interest Income": 4653000.0,
        "Normalized Income": -19248400.0,
        "Net Income From Continuing And Discontinued Operation": -19248400.0,
        "Total Expenses": 24665600.0,
        "Total Operating Income As Reported": -23654700.0,
        "Diluted Average Shares": 200833835.0,
        "Basic Average Shares": 200833835.0,
        "Diluted EPS": -0.1,
        "Basic EPS": -0.1,
        "Diluted NI Availto Com Stockholders": -19248400.0,
        "Net Income Common Stockholders": -19248400.0,
        "Net Income": -19248400.0,
        "Net Income Including Noncontrolling Interests": -19248400.0,
        "Net Income Continuous Operations": -19248400.0,
        "Tax Provision": 0.0,
        "Pretax Income": -19248400.0,
        "Other Income Expense": NaN,
        "Other Non Operating Income Expenses": NaN,
        "Special Income Charges": NaN,
        "Other Special Charges": NaN,
        "Gain On Sale Of Security": NaN,
        "Net Non Operating Interest Income Expense": 4406300.0,
        "Interest Expense Non Operating": 246700.0,
        "Interest Income Non Operating": 4653000.0,
        "Operating Income": -23654700.0,
        "Operating Expense": 24542300.0,
        "Depreciation Amortization Depletion Income Statement": 762200.0,
        "Depreciation And Amortization In Income Statement": 762200.0,
        "Depreciation Income Statement": NaN,
        "Research And Development": 3893700.0,
        "Selling General And Administration": 19886400.0,
        "Selling And Marketing Expense": 2189400.0,
        "General And Administrative Expense": 17697000.0,
        "Other Gand A": 17697000.0,
        "Gross Profit": 887600.0,
        "Cost Of Revenue": 123300.0,
        "Total Revenue": 1010900.0,
        "Operating Revenue": 1010900.0
    },
    "2024-12-31": {
        "Tax Effect Of Unusual Items": 0.0,
        "Tax Rate For Calcs": 0.0,
        "Normalized EBITDA": -35085300.0,
        "Total Unusual Items": 0.0,
        "Total Unusual Items Excluding Goodwill": 0.0,
        "Net Income From Continuing Operation Net Minority Interest": -37648700.0,
        "Reconciled Depreciation": 2380100.0,
        "Reconciled Cost Of Revenue": 148400.0,
        "EBITDA": -35085300.0,
        "EBIT": -37465400.0,
        "Net Interest Income": 7724400.0,
        "Interest Expense": 183300.0,
        "Interest Income": 7907700.0,
        "Normalized Income": -37648700.0,
        "Net Income From Continuing And Discontinued Operation": -37648700.0,
        "Total Expenses": 46373600.0,
        "Total Operating Income As Reported": -45373100.0,
        "Diluted Average Shares": NaN,
        "Basic Average Shares": NaN,
        "Diluted EPS": NaN,
        "Basic EPS": NaN,
        "Diluted NI Availto Com Stockholders": -37648700.0,
        "Net Income Common Stockholders": -37648700.0,
        "Net Income": -37648700.0,
        "Net Income Including Noncontrolling Interests": -37648700.0,
        "Net Income Continuous Operations": -37648700.0,
        "Tax Provision": 0.0,
        "Pretax Income": -37648700.0,
        "Other Income Expense": 0.0,
        "Other Non Operating Income Expenses": 0.0,
        "Special Income Charges": NaN,
        "Other Special Charges": NaN,
        "Gain On Sale Of Security": 0.0,
        "Net Non Operating Interest Income Expense": 7724400.0,
        "Interest Expense Non Operating": 183300.0,
        "Interest Income Non Operating": 7907700.0,
        "Operating Income": -45373100.0,
        "Operating Expense": 46007500.0,
        "Depreciation Amortization Depletion Income Statement": 2162400.0,
        "Depreciation And Amortization In Income Statement": 2162400.0,
        "Depreciation Income Statement": NaN,
        "Research And Development": 7190400.0,
        "Selling General And Administration": 36654700.0,
        "Selling And Marketing Expense": 1948600.0,
        "General And Administrative Expense": 34706100.0,
        "Other Gand A": 34706100.0,
        "Gross Profit": 634400.0,
        "Cost Of Revenue": 366100.0,
        "Total Revenue": 1000500.0,
        "Operating Revenue": 1000500.0
    },
    "2023-12-31": {
        "Tax Effect Of Unusual Items": NaN,
        "Tax Rate For Calcs": NaN,
        "Normalized EBITDA": NaN,
        "Total Unusual Items": -2131400.0,
        "Total Unusual Items Excluding Goodwill": -2131400.0,
        "Net Income From Continuing Operation Net Minority Interest": NaN,
        "Reconciled Depreciation": NaN,
        "Reconciled Cost Of Revenue": NaN,
        "EBITDA": NaN,
        "EBIT": NaN,
        "Net Interest Income": NaN,
        "Interest Expense": 1726600.0,
        "Interest Income": NaN,
        "Normalized Income": NaN,
        "Net Income From Continuing And Discontinued Operation": NaN,
        "Total Expenses": NaN,
        "Total Operating Income As Reported": NaN,
        "Diluted Average Shares": NaN,
        "Basic Average Shares": NaN,
        "Diluted EPS": NaN,
        "Basic EPS": NaN,
        "Diluted NI Availto Com Stockholders": NaN,
        "Net Income Common Stockholders": NaN,
        "Net Income": NaN,
        "Net Income Including Noncontrolling Interests": NaN,
        "Net Income Continuous Operations": NaN,
        "Tax Provision": NaN,
        "Pretax Income": NaN,
        "Other Income Expense": -2131400.0,
        "Other Non Operating Income Expenses": NaN,
        "Special Income Charges": NaN,
        "Other Special Charges": NaN,
        "Gain On Sale Of Security": -2131400.0,
        "Net Non Operating Interest Income Expense": NaN,
        "Interest Expense Non Operating": 1726600.0,
        "Interest Income Non Operating": NaN,
        "Operating Income": NaN,
        "Operating Expense": NaN,
        "Depreciation Amortization Depletion Income Statement": NaN,
        "Depreciation And Amortization In Income Statement": NaN,
        "Depreciation Income Statement": NaN,
        "Research And Development": NaN,
        "Selling General And Administration": NaN,
        "Selling And Marketing Expense": NaN,
        "General And Administrative Expense": NaN,
        "Other Gand A": NaN,
        "Gross Profit": NaN,
        "Cost Of Revenue": NaN,
        "Total Revenue": NaN,
        "Operating Revenue": NaN
    },
    "2025-03-31": {
        "Tax Effect Of Unusual Items": 0.0,
        "Tax Rate For Calcs": 0.0,
        "Normalized EBITDA": -29538600.0,
        "Total Unusual Items": 0.0,
        "Total Unusual Items Excluding Goodwill": 0.0,
        "Net Income From Continuing Operation Net Minority Interest": -31726600.0,
        "Reconciled Depreciation": 2001200.0,
        "Reconciled Cost Of Revenue": 114700.0,
        "EBITDA": -29538600.0,
        "EBIT": -31539800.0,
        "Net Interest Income": 7808400.0,
        "Interest Expense": 186800.0,
        "Interest Income": 7995200.0,
        "Normalized Income": -31726600.0,
        "Net Income From Continuing And Discontinued Operation": -31726600.0,
        "Total Expenses": 40356200.0,
        "Total Operating Income As Reported": -39535000.0,
        "Diluted Average Shares": 220576705.0,
        "Basic Average Shares": 220576705.0,
        "Diluted EPS": -0.14,
        "Basic EPS": -0.14,
        "Diluted NI Availto Com Stockholders": -31726600.0,
        "Net Income Common Stockholders": -31726600.0,
        "Net Income": -31726600.0,
        "Net Income Including Noncontrolling Interests": -31726600.0,
        "Net Income Continuous Operations": -31726600.0,
        "Tax Provision": 0.0,
        "Pretax Income": -31726600.0,
        "Other Income Expense": NaN,
        "Other Non Operating Income Expenses": NaN,
        "Special Income Charges": 0.0,
        "Other Special Charges": NaN,
        "Gain On Sale Of Security": NaN,
        "Net Non Operating Interest Income Expense": 7808400.0,
        "Interest Expense Non Operating": 186800.0,
        "Interest Income Non Operating": 7995200.0,
        "Operating Income": -39535000.0,
        "Operating Expense": 40019500.0,
        "Depreciation Amortization Depletion Income Statement": 1779200.0,
        "Depreciation And Amortization In Income Statement": 1779200.0,
        "Depreciation Income Statement": NaN,
        "Research And Development": 12564900.0,
        "Selling General And Administration": 25675400.0,
        "Selling And Marketing Expense": 497400.0,
        "General And Administrative Expense": 25178000.0,
        "Other Gand A": 25178000.0,
        "Gross Profit": 484500.0,
        "Cost Of Revenue": 336700.0,
        "Total Revenue": 821200.0,
        "Operating Revenue": 821200.0
    }
}