{
    "2023-03-31": {
        "Tax Effect Of Unusual Items": NaN,
        "Tax Rate For Calcs": NaN,
        "Normalized EBITDA": NaN,
        "Total Unusual Items": NaN,
        "Total Unusual Items Excluding Goodwill": NaN,
        "Net Income From Continuing Operation Net Minority Interest": NaN,
        "Reconciled Depreciation": NaN,
        "Reconciled Cost Of Revenue": NaN,
        "EBITDA": NaN,
        "EBIT": NaN,
        "Net Interest Income": NaN,
        "Interest Expense": NaN,
        "Normalized Income": NaN,
        "Net Income From Continuing And Discontinued Operation": NaN,
        "Total Expenses": NaN,
        "Total Operating Income As Reported": NaN,
        "Diluted Average Shares": NaN,
        "Basic Average Shares": NaN,
        "Diluted EPS": NaN,
        "Basic EPS": NaN,
        "Diluted NI Availto Com Stockholders": NaN,
        "Net Income Common Stockholders": NaN,
        "Net Income": NaN,
        "Minority Interests": NaN,
        "Net Income Including Noncontrolling Interests": NaN,
        "Net Income Discontinuous Operations": NaN,
        "Net Income Continuous Operations": NaN,
        "Tax Provision": NaN,
        "Pretax Income": NaN,
        "Other Income Expense": NaN,
        "Other Non Operating Income Expenses": NaN,
        "Special Income Charges": NaN,
        "Write Off": NaN,
        "Impairment Of Capital Assets": NaN,
        "Earnings From Equity Interest": NaN,
        "Net Non Operating Interest Income Expense": NaN,
        "Interest Expense Non Operating": NaN,
        "Operating Income": NaN,
        "Operating Expense": NaN,
        "Other Operating Expenses": NaN,
        "Depreciation Amortization Depletion Income Statement": 6600000.0,
        "Depreciation And Amortization In Income Statement": 6600000.0,
        "Selling General And Administration": NaN,
        "General And Administrative Expense": NaN,
        "Other Gand A": NaN,
        "Gross Profit": NaN,
        "Cost Of Revenue": NaN,
        "Total Revenue": NaN,
        "Operating Revenue": NaN
    },
    "2022-12-31": {
        "Tax Effect Of Unusual Items": NaN,
        "Tax Rate For Calcs": NaN,
        "Normalized EBITDA": NaN,
        "Total Unusual Items": NaN,
        "Total Unusual Items Excluding Goodwill": NaN,
        "Net Income From Continuing Operation Net Minority Interest": NaN,
        "Reconciled Depreciation": NaN,
        "Reconciled Cost Of Revenue": NaN,
        "EBITDA": NaN,
        "EBIT": NaN,
        "Net Interest Income": NaN,
        "Interest Expense": NaN,
        "Normalized Income": NaN,
        "Net Income From Continuing And Discontinued Operation": NaN,
        "Total Expenses": NaN,
        "Total Operating Income As Reported": NaN,
        "Diluted Average Shares": NaN,
        "Basic Average Shares": NaN,
        "Diluted EPS": NaN,
        "Basic EPS": NaN,
        "Diluted NI Availto Com Stockholders": NaN,
        "Net Income Common Stockholders": NaN,
        "Net Income": NaN,
        "Minority Interests": NaN,
        "Net Income Including Noncontrolling Interests": NaN,
        "Net Income Continuous Operations": NaN,
        "Tax Provision": NaN,
        "Pretax Income": NaN,
        "Other Income Expense": NaN,
        "Other Non Operating Income Expenses": NaN,
        "Special Income Charges": NaN,
        "Impairment Of Capital Assets": NaN,
        "Earnings From Equity Interest": NaN,
        "Net Non Operating Interest Income Expense": NaN,
        "Interest Expense Non Operating": NaN,
        "Operating Income": NaN,
        "Operating Expense": NaN,
        "Other Operating Expenses": NaN,
        "Depreciation Amortization Depletion Income Statement": 6000000.0,
        "Depreciation And Amortization In Income Statement": 6000000.0,
        "Selling General And Administration": NaN,
        "General And Administrative Expense": NaN,
        "Other Gand A": NaN,
        "Gross Profit": NaN,
        "Cost Of Revenue": NaN,
        "Total Revenue": NaN,
        "Operating Revenue": NaN
    },
    "2022-09-30": {
        "Tax Effect Of Unusual Items": NaN,
        "Tax Rate For Calcs": NaN,
        "Normalized EBITDA": NaN,
        "Net Income From Continuing Operation Net Minority Interest": NaN,
        "Reconciled Depreciation": NaN,
        "Reconciled Cost Of Revenue": NaN,
        "EBITDA": NaN,
        "EBIT": NaN,
        "Net Interest Income": NaN,
        "Interest Expense": NaN,
        "Normalized Income": NaN,
        "Net Income From Continuing And Discontinued Operation": NaN,
        "Total Expenses": NaN,
        "Total Operating Income As Reported": NaN,
        "Diluted Average Shares": NaN,
        "Basic Average Shares": NaN,
        "Diluted EPS": NaN,
        "Basic EPS": NaN,
        "Diluted NI Availto Com Stockholders": NaN,
        "Net Income Common Stockholders": NaN,
        "Net Income": NaN,
        "Minority Interests": NaN,
        "Net Income Including Noncontrolling Interests": NaN,
        "Net Income Continuous Operations": NaN,
        "Tax Provision": NaN,
        "Pretax Income": NaN,
        "Other Income Expense": NaN,
        "Other Non Operating Income Expenses": NaN,
        "Earnings From Equity Interest": NaN,
        "Net Non Operating Interest Income Expense": NaN,
        "Interest Expense Non Operating": NaN,
        "Operating Income": NaN,
        "Operating Expense": NaN,
        "Other Operating Expenses": NaN,
        "Depreciation Amortization Depletion Income Statement": 6400000.0,
        "Depreciation And Amortization In Income Statement": 6400000.0,
        "Selling General And Administration": NaN,
        "General And Administrative Expense": NaN,
        "Other Gand A": NaN,
        "Gross Profit": NaN,
        "Cost Of Revenue": NaN,
        "Total Revenue": NaN,
        "Operating Revenue": NaN
    },
    "2022-06-30": {
        "Tax Effect Of Unusual Items": 0.0,
        "Tax Rate For Calcs": 0.214072,
        "Normalized EBITDA": 517800000.0,
        "Total Unusual Items": 0.0,
        "Total Unusual Items Excluding Goodwill": 0.0,
        "Net Income From Continuing Operation Net Minority Interest": 361800000.0,
        "Reconciled Depreciation": 5200000.0,
        "Reconciled Cost Of Revenue": 5333900000.0,
        "EBITDA": 517800000.0,
        "EBIT": 512600000.0,
        "Net Interest Income": -43600000.0,
        "Interest Expense": 43600000.0,
        "Normalized Income": 361800000.0,
        "Net Income From Continuing And Discontinued Operation": 361800000.0,
        "Total Expenses": 5489300000.0,
        "Total Operating Income As Reported": 493300000.0,
        "Diluted Average Shares": 71679954.0,
        "Basic Average Shares": 70805458.0,
        "Diluted EPS": 5.05,
        "Basic EPS": 5.11,
        "Diluted NI Availto Com Stockholders": 361800000.0,
        "Net Income Common Stockholders": 361800000.0,
        "Net Income": 361800000.0,
        "Minority Interests": -6800000.0,
        "Net Income Including Noncontrolling Interests": 368600000.0,
        "Net Income Continuous Operations": 368600000.0,
        "Tax Provision": 100400000.0,
        "Pretax Income": 469000000.0,
        "Other Income Expense": 19300000.0,
        "Other Non Operating Income Expenses": 3600000.0,
        "Special Income Charges": 0.0,
        "Other Special Charges": NaN,
        "Impairment Of Capital Assets": 0.0,
        "Earnings From Equity Interest": 15700000.0,
        "Net Non Operating Interest Income Expense": -43600000.0,
        "Interest Expense Non Operating": 43600000.0,
        "Operating Income": 493300000.0,
        "Operating Expense": 155400000.0,
        "Other Operating Expenses": 23700000.0,
        "Depreciation Amortization Depletion Income Statement": 5200000.0,
        "Depreciation And Amortization In Income Statement": 5200000.0,
        "Selling General And Administration": 126500000.0,
        "General And Administrative Expense": 126500000.0,
        "Other Gand A": 126500000.0,
        "Gross Profit": 648700000.0,
        "Cost Of Revenue": 5333900000.0,
        "Total Revenue": 5982600000.0,
        "Operating Revenue": 5982600000.0
    },
    "2023-06-30": {
        "Tax Effect Of Unusual Items": NaN,
        "Tax Rate For Calcs": NaN,
        "Normalized EBITDA": NaN,
        "Total Unusual Items": 0.0,
        "Total Unusual Items Excluding Goodwill": 0.0,
        "Net Income From Continuing Operation Net Minority Interest": NaN,
        "Reconciled Depreciation": NaN,
        "Reconciled Cost Of Revenue": NaN,
        "EBITDA": NaN,
        "EBIT": NaN,
        "Net Interest Income": NaN,
        "Interest Expense": NaN,
        "Normalized Income": NaN,
        "Net Income From Continuing And Discontinued Operation": NaN,
        "Total Expenses": NaN,
        "Total Operating Income As Reported": NaN,
        "Diluted Average Shares": NaN,
        "Basic Average Shares": NaN,
        "Diluted EPS": NaN,
        "Basic EPS": NaN,
        "Diluted NI Availto Com Stockholders": NaN,
        "Net Income Common Stockholders": NaN,
        "Net Income": NaN,
        "Minority Interests": NaN,
        "Net Income Including Noncontrolling Interests": NaN,
        "Net Income Discontinuous Operations": NaN,
        "Net Income Continuous Operations": NaN,
        "Tax Provision": NaN,
        "Pretax Income": NaN,
        "Other Income Expense": NaN,
        "Other Non Operating Income Expenses": NaN,
        "Special Income Charges": 0.0,
        "Write Off": NaN,
        "Impairment Of Capital Assets": 0.0,
        "Earnings From Equity Interest": NaN,
        "Net Non Operating Interest Income Expense": NaN,
        "Interest Expense Non Operating": NaN,
        "Operating Income": NaN,
        "Operating Expense": NaN,
        "Other Operating Expenses": NaN,
        "Depreciation Amortization Depletion Income Statement": 6800000.0,
        "Depreciation And Amortization In Income Statement": 6800000.0,
        "Selling General And Administration": NaN,
        "General And Administrative Expense": NaN,
        "Other Gand A": NaN,
        "Gross Profit": NaN,
        "Cost Of Revenue": NaN,
        "Total Revenue": NaN,
        "Operating Revenue": NaN
    },
    "2023-09-30": {
        "Tax Effect Of Unusual Items": NaN,
        "Tax Rate For Calcs": NaN,
        "Normalized EBITDA": NaN,
        "Total Unusual Items": 0.0,
        "Total Unusual Items Excluding Goodwill": 0.0,
        "Net Income From Continuing Operation Net Minority Interest": NaN,
        "Reconciled Depreciation": NaN,
        "Reconciled Cost Of Revenue": NaN,
        "EBITDA": NaN,
        "EBIT": NaN,
        "Net Interest Income": NaN,
        "Interest Expense": NaN,
        "Normalized Income": NaN,
        "Net Income From Continuing And Discontinued Operation": NaN,
        "Total Expenses": NaN,
        "Total Operating Income As Reported": NaN,
        "Diluted Average Shares": NaN,
        "Basic Average Shares": NaN,
        "Diluted EPS": NaN,
        "Basic EPS": NaN,
        "Diluted NI Availto Com Stockholders": NaN,
        "Net Income Common Stockholders": NaN,
        "Net Income": NaN,
        "Minority Interests": NaN,
        "Net Income Including Noncontrolling Interests": NaN,
        "Net Income Discontinuous Operations": 10500000.0,
        "Net Income Continuous Operations": NaN,
        "Tax Provision": NaN,
        "Pretax Income": NaN,
        "Other Income Expense": NaN,
        "Other Non Operating Income Expenses": NaN,
        "Special Income Charges": 0.0,
        "Write Off": 0.0,
        "Impairment Of Capital Assets": NaN,
        "Earnings From Equity Interest": NaN,
        "Net Non Operating Interest Income Expense": NaN,
        "Interest Expense Non Operating": NaN,
        "Operating Income": NaN,
        "Operating Expense": NaN,
        "Other Operating Expenses": NaN,
        "Depreciation Amortization Depletion Income Statement": NaN,
        "Depreciation And Amortization In Income Statement": NaN,
        "Selling General And Administration": NaN,
        "General And Administrative Expense": NaN,
        "Other Gand A": NaN,
        "Gross Profit": NaN,
        "Cost Of Revenue": NaN,
        "Total Revenue": NaN,
        "Operating Revenue": NaN
    },
    "2023-12-31": {
        "Tax Effect Of Unusual Items": NaN,
        "Tax Rate For Calcs": NaN,
        "Normalized EBITDA": NaN,
        "Total Unusual Items": NaN,
        "Total Unusual Items Excluding Goodwill": NaN,
        "Net Income From Continuing Operation Net Minority Interest": NaN,
        "Reconciled Depreciation": NaN,
        "Reconciled Cost Of Revenue": NaN,
        "EBITDA": NaN,
        "EBIT": NaN,
        "Net Interest Income": NaN,
        "Interest Expense": NaN,
        "Normalized Income": NaN,
        "Net Income From Continuing And Discontinued Operation": NaN,
        "Total Expenses": NaN,
        "Total Operating Income As Reported": NaN,
        "Diluted Average Shares": NaN,
        "Basic Average Shares": NaN,
        "Diluted EPS": NaN,
        "Basic EPS": NaN,
        "Diluted NI Availto Com Stockholders": NaN,
        "Net Income Common Stockholders": NaN,
        "Net Income": NaN,
        "Minority Interests": NaN,
        "Net Income Including Noncontrolling Interests": NaN,
        "Net Income Discontinuous Operations": NaN,
        "Net Income Continuous Operations": NaN,
        "Tax Provision": NaN,
        "Pretax Income": NaN,
        "Other Income Expense": NaN,
        "Other Non Operating Income Expenses": -900000.0,
        "Special Income Charges": NaN,
        "Write Off": NaN,
        "Impairment Of Capital Assets": NaN,
        "Earnings From Equity Interest": NaN,
        "Net Non Operating Interest Income Expense": NaN,
        "Interest Expense Non Operating": NaN,
        "Operating Income": NaN,
        "Operating Expense": NaN,
        "Other Operating Expenses": NaN,
        "Depreciation Amortization Depletion Income Statement": NaN,
        "Depreciation And Amortization In Income Statement": NaN,
        "Selling General And Administration": NaN,
        "General And Administrative Expense": NaN,
        "Other Gand A": NaN,
        "Gross Profit": NaN,
        "Cost Of Revenue": NaN,
        "Total Revenue": NaN,
        "Operating Revenue": NaN
    },
    "2024-03-31": {
        "Tax Effect Of Unusual Items": NaN,
        "Tax Rate For Calcs": NaN,
        "Normalized EBITDA": NaN,
        "Total Unusual Items": NaN,
        "Total Unusual Items Excluding Goodwill": NaN,
        "Net Income From Continuing Operation Net Minority Interest": NaN,
        "Reconciled Depreciation": NaN,
        "Reconciled Cost Of Revenue": NaN,
        "EBITDA": NaN,
        "EBIT": NaN,
        "Net Interest Income": NaN,
        "Interest Expense": NaN,
        "Normalized Income": NaN,
        "Net Income From Continuing And Discontinued Operation": NaN,
        "Total Expenses": NaN,
        "Total Operating Income As Reported": NaN,
        "Diluted Average Shares": NaN,
        "Basic Average Shares": NaN,
        "Diluted EPS": NaN,
        "Basic EPS": NaN,
        "Diluted NI Availto Com Stockholders": NaN,
        "Net Income Common Stockholders": NaN,
        "Net Income": NaN,
        "Minority Interests": NaN,
        "Net Income Including Noncontrolling Interests": NaN,
        "Net Income Discontinuous Operations": NaN,
        "Net Income Continuous Operations": NaN,
        "Tax Provision": NaN,
        "Pretax Income": NaN,
        "Other Income Expense": NaN,
        "Other Non Operating Income Expenses": NaN,
        "Special Income Charges": NaN,
        "Write Off": NaN,
        "Impairment Of Capital Assets": NaN,
        "Earnings From Equity Interest": NaN,
        "Net Non Operating Interest Income Expense": NaN,
        "Interest Expense Non Operating": NaN,
        "Operating Income": NaN,
        "Operating Expense": NaN,
        "Other Operating Expenses": NaN,
        "Depreciation Amortization Depletion Income Statement": 8800000.0,
        "Depreciation And Amortization In Income Statement": 8800000.0,
        "Selling General And Administration": NaN,
        "General And Administrative Expense": NaN,
        "Other Gand A": NaN,
        "Gross Profit": NaN,
        "Cost Of Revenue": NaN,
        "Total Revenue": NaN,
        "Operating Revenue": NaN
    },
    "2024-06-30": {
        "Tax Effect Of Unusual Items": NaN,
        "Tax Rate For Calcs": NaN,
        "Normalized EBITDA": NaN,
        "Total Unusual Items": -22100000.0,
        "Total Unusual Items Excluding Goodwill": -22100000.0,
        "Net Income From Continuing Operation Net Minority Interest": NaN,
        "Reconciled Depreciation": NaN,
        "Reconciled Cost Of Revenue": NaN,
        "EBITDA": NaN,
        "EBIT": NaN,
        "Net Interest Income": NaN,
        "Interest Expense": NaN,
        "Normalized Income": NaN,
        "Net Income From Continuing And Discontinued Operation": NaN,
        "Total Expenses": NaN,
        "Total Operating Income As Reported": NaN,
        "Diluted Average Shares": NaN,
        "Basic Average Shares": NaN,
        "Diluted EPS": NaN,
        "Basic EPS": NaN,
        "Diluted NI Availto Com Stockholders": NaN,
        "Net Income Common Stockholders": NaN,
        "Net Income": NaN,
        "Minority Interests": NaN,
        "Net Income Including Noncontrolling Interests": NaN,
        "Net Income Discontinuous Operations": NaN,
        "Net Income Continuous Operations": NaN,
        "Tax Provision": NaN,
        "Pretax Income": NaN,
        "Other Income Expense": NaN,
        "Other Non Operating Income Expenses": NaN,
        "Special Income Charges": -22100000.0,
        "Write Off": NaN,
        "Impairment Of Capital Assets": 22100000.0,
        "Earnings From Equity Interest": NaN,
        "Net Non Operating Interest Income Expense": NaN,
        "Interest Expense Non Operating": NaN,
        "Operating Income": NaN,
        "Operating Expense": NaN,
        "Other Operating Expenses": NaN,
        "Depreciation Amortization Depletion Income Statement": NaN,
        "Depreciation And Amortization In Income Statement": NaN,
        "Selling General And Administration": NaN,
        "General And Administrative Expense": NaN,
        "Other Gand A": NaN,
        "Gross Profit": NaN,
        "Cost Of Revenue": NaN,
        "Total Revenue": NaN,
        "Operating Revenue": NaN
    },
    "2024-09-30": {
        "Tax Effect Of Unusual Items": -2116000.0,
        "Tax Rate For Calcs": 0.23,
        "Normalized EBITDA": 11000000.0,
        "Total Unusual Items": -9200000.0,
        "Total Unusual Items Excluding Goodwill": -9200000.0,
        "Net Income From Continuing Operation Net Minority Interest": -144100000.0,
        "Reconciled Depreciation": 98100000.0,
        "Reconciled Cost Of Revenue": 3068200000.0,
        "EBITDA": 1800000.0,
        "EBIT": -96300000.0,
        "Net Interest Income": -78800000.0,
        "Interest Expense": 78800000.0,
        "Normalized Income": -137016000.0,
        "Net Income From Continuing And Discontinued Operation": -76800000.0,
        "Total Expenses": 3155100000.0,
        "Total Operating Income As Reported": -121900000.0,
        "Diluted Average Shares": 64063609.0,
        "Basic Average Shares": 64063609.0,
        "Diluted EPS": -1.2,
        "Basic EPS": -1.2,
        "Diluted NI Availto Com Stockholders": -76800000.0,
        "Net Income Common Stockholders": -76800000.0,
        "Net Income": -76800000.0,
        "Minority Interests": -9300000.0,
        "Net Income Including Noncontrolling Interests": -67500000.0,
        "Net Income Discontinuous Operations": 67300000.0,
        "Net Income Continuous Operations": -134800000.0,
        "Tax Provision": -40300000.0,
        "Pretax Income": -175100000.0,
        "Other Income Expense": 16400000.0,
        "Other Non Operating Income Expenses": 500000.0,
        "Special Income Charges": -9200000.0,
        "Write Off": 9200000.0,
        "Impairment Of Capital Assets": 9200000.0,
        "Earnings From Equity Interest": 25100000.0,
        "Net Non Operating Interest Income Expense": -78800000.0,
        "Interest Expense Non Operating": 78800000.0,
        "Operating Income": -112700000.0,
        "Operating Expense": 86900000.0,
        "Other Operating Expenses": 16500000.0,
        "Depreciation Amortization Depletion Income Statement": NaN,
        "Depreciation And Amortization In Income Statement": NaN,
        "Selling General And Administration": 70400000.0,
        "General And Administrative Expense": 70400000.0,
        "Other Gand A": 70400000.0,
        "Gross Profit": -25800000.0,
        "Cost Of Revenue": 3068200000.0,
        "Total Revenue": 3042400000.0,
        "Operating Revenue": 3042400000.0
    },
    "2024-12-31": {
        "Tax Effect Of Unusual Items": -21688967.499447,
        "Tax Rate For Calcs": 0.113199,
        "Normalized EBITDA": -95500000.0,
        "Total Unusual Items": -191600000.0,
        "Total Unusual Items Excluding Goodwill": -191600000.0,
        "Net Income From Continuing Operation Net Minority Interest": -412800000.0,
        "Reconciled Depreciation": 96300000.0,
        "Reconciled Cost Of Revenue": 2514500000.0,
        "EBITDA": -287100000.0,
        "EBIT": -383400000.0,
        "Net Interest Income": -68900000.0,
        "Interest Expense": 68900000.0,
        "Normalized Income": -242888967.499447,
        "Net Income From Continuing And Discontinued Operation": -413800000.0,
        "Total Expenses": 2585500000.0,
        "Total Operating Income As Reported": -403400000.0,
        "Diluted Average Shares": 63234505.0,
        "Basic Average Shares": 63234505.0,
        "Diluted EPS": -6.55,
        "Basic EPS": -6.55,
        "Diluted NI Availto Com Stockholders": -413800000.0,
        "Net Income Common Stockholders": -413800000.0,
        "Net Income": -413800000.0,
        "Minority Interests": -11700000.0,
        "Net Income Including Noncontrolling Interests": -402100000.0,
        "Net Income Discontinuous Operations": -1000000.0,
        "Net Income Continuous Operations": -401100000.0,
        "Tax Provision": -51200000.0,
        "Pretax Income": -452300000.0,
        "Other Income Expense": -171600000.0,
        "Other Non Operating Income Expenses": 5200000.0,
        "Special Income Charges": -191600000.0,
        "Write Off": 212200000.0,
        "Impairment Of Capital Assets": NaN,
        "Earnings From Equity Interest": 14800000.0,
        "Net Non Operating Interest Income Expense": -68900000.0,
        "Interest Expense Non Operating": 68900000.0,
        "Operating Income": -211800000.0,
        "Operating Expense": 71000000.0,
        "Other Operating Expenses": 9800000.0,
        "Depreciation Amortization Depletion Income Statement": NaN,
        "Depreciation And Amortization In Income Statement": NaN,
        "Selling General And Administration": 61200000.0,
        "General And Administrative Expense": 61200000.0,
        "Other Gand A": 61200000.0,
        "Gross Profit": -140800000.0,
        "Cost Of Revenue": 2514500000.0,
        "Total Revenue": 2373700000.0,
        "Operating Revenue": 2373700000.0
    },
    "2025-03-31": {
        "Tax Effect Of Unusual Items": 0.0,
        "Tax Rate For Calcs": 0.189,
        "Normalized EBITDA": -9600000.0,
        "Total Unusual Items": NaN,
        "Total Unusual Items Excluding Goodwill": NaN,
        "Net Income From Continuing Operation Net Minority Interest": -172400000.0,
        "Reconciled Depreciation": 101300000.0,
        "Reconciled Cost Of Revenue": 2711900000.0,
        "EBITDA": -9600000.0,
        "EBIT": -110900000.0,
        "Net Interest Income": -84100000.0,
        "Interest Expense": 84100000.0,
        "Normalized Income": -172400000.0,
        "Net Income From Continuing And Discontinued Operation": -172700000.0,
        "Total Expenses": 2767700000.0,
        "Total Operating Income As Reported": -125800000.0,
        "Diluted Average Shares": 62115776.0,
        "Basic Average Shares": 62115776.0,
        "Diluted EPS": -2.78,
        "Basic EPS": -2.78,
        "Diluted NI Availto Com Stockholders": -172700000.0,
        "Net Income Common Stockholders": -172700000.0,
        "Net Income": -172700000.0,
        "Minority Interests": -14200000.0,
        "Net Income Including Noncontrolling Interests": -158500000.0,
        "Net Income Discontinuous Operations": -300000.0,
        "Net Income Continuous Operations": -158200000.0,
        "Tax Provision": -36800000.0,
        "Pretax Income": -195000000.0,
        "Other Income Expense": 14900000.0,
        "Other Non Operating Income Expenses": 1600000.0,
        "Special Income Charges": NaN,
        "Write Off": NaN,
        "Impairment Of Capital Assets": NaN,
        "Earnings From Equity Interest": 13300000.0,
        "Net Non Operating Interest Income Expense": -84100000.0,
        "Interest Expense Non Operating": 84100000.0,
        "Operating Income": -125800000.0,
        "Operating Expense": 55800000.0,
        "Other Operating Expenses": -5700000.0,
        "Depreciation Amortization Depletion Income Statement": NaN,
        "Depreciation And Amortization In Income Statement": NaN,
        "Selling General And Administration": 61500000.0,
        "General And Administrative Expense": 61500000.0,
        "Other Gand A": 61500000.0,
        "Gross Profit": -70000000.0,
        "Cost Of Revenue": 2711900000.0,
        "Total Revenue": 2641900000.0,
        "Operating Revenue": 2641900000.0
    },
    "2025-06-30": {
        "Tax Effect Of Unusual Items": 0.0,
        "Tax Rate For Calcs": 0.136,
        "Normalized EBITDA": 76600000.0,
        "Total Unusual Items": 0.0,
        "Total Unusual Items Excluding Goodwill": 0.0,
        "Net Income From Continuing Operation Net Minority Interest": -105600000.0,
        "Reconciled Depreciation": 94100000.0,
        "Reconciled Cost Of Revenue": 2718900000.0,
        "EBITDA": 76600000.0,
        "EBIT": -17500000.0,
        "Net Interest Income": -85900000.0,
        "Interest Expense": 85900000.0,
        "Normalized Income": -105600000.0,
        "Net Income From Continuing And Discontinued Operation": -106400000.0,
        "Total Expenses": 2798100000.0,
        "Total Operating Income As Reported": -33500000.0,
        "Diluted Average Shares": 60506943.0,
        "Basic Average Shares": 60506943.0,
        "Diluted EPS": -1.76,
        "Basic EPS": -1.76,
        "Diluted NI Availto Com Stockholders": -106400000.0,
        "Net Income Common Stockholders": -106400000.0,
        "Net Income": -106400000.0,
        "Minority Interests": -16300000.0,
        "Net Income Including Noncontrolling Interests": -90100000.0,
        "Net Income Discontinuous Operations": -800000.0,
        "Net Income Continuous Operations": -89300000.0,
        "Tax Provision": -14100000.0,
        "Pretax Income": -103400000.0,
        "Other Income Expense": 16000000.0,
        "Other Non Operating Income Expenses": -6200000.0,
        "Special Income Charges": 0.0,
        "Write Off": NaN,
        "Impairment Of Capital Assets": 0.0,
        "Earnings From Equity Interest": 22200000.0,
        "Net Non Operating Interest Income Expense": -85900000.0,
        "Interest Expense Non Operating": 85900000.0,
        "Operating Income": -33500000.0,
        "Operating Expense": 79200000.0,
        "Other Operating Expenses": 2600000.0,
        "Depreciation Amortization Depletion Income Statement": NaN,
        "Depreciation And Amortization In Income Statement": NaN,
        "Selling General And Administration": 76600000.0,
        "General And Administrative Expense": 76600000.0,
        "Other Gand A": 76600000.0,
        "Gross Profit": 45700000.0,
        "Cost Of Revenue": 2718900000.0,
        "Total Revenue": 2764600000.0,
        "Operating Revenue": 2764600000.0
    },
    "2025-09-30": {
        "Tax Effect Of Unusual Items": -2771000.0,
        "Tax Rate For Calcs": 0.17,
        "Normalized EBITDA": 445700000.0,
        "Total Unusual Items": -16300000.0,
        "Total Unusual Items Excluding Goodwill": -16300000.0,
        "Net Income From Continuing Operation Net Minority Interest": 178300000.0,
        "Reconciled Depreciation": 101300000.0,
        "Reconciled Cost Of Revenue": 2494800000.0,
        "EBITDA": 429400000.0,
        "EBIT": 328100000.0,
        "Net Interest Income": -93100000.0,
        "Interest Expense": 93100000.0,
        "Normalized Income": 191829000.0,
        "Net Income From Continuing And Discontinued Operation": 178000000.0,
        "Total Expenses": 2575000000.0,
        "Total Operating Income As Reported": 295700000.0,
        "Diluted Average Shares": 60944900.0,
        "Basic Average Shares": 60190054.0,
        "Diluted EPS": 2.93,
        "Basic EPS": 2.96,
        "Diluted NI Availto Com Stockholders": 178000000.0,
        "Net Income Common Stockholders": 178000000.0,
        "Net Income": 178000000.0,
        "Minority Interests": -16800000.0,
        "Net Income Including Noncontrolling Interests": 194800000.0,
        "Net Income Discontinuous Operations": -300000.0,
        "Net Income Continuous Operations": 195100000.0,
        "Tax Provision": 39900000.0,
        "Pretax Income": 235000000.0,
        "Other Income Expense": 16100000.0,
        "Other Non Operating Income Expenses": 1200000.0,
        "Special Income Charges": -16300000.0,
        "Write Off": NaN,
        "Impairment Of Capital Assets": 16300000.0,
        "Earnings From Equity Interest": 31200000.0,
        "Net Non Operating Interest Income Expense": -93100000.0,
        "Interest Expense Non Operating": 93100000.0,
        "Operating Income": 312000000.0,
        "Operating Expense": 80200000.0,
        "Other Operating Expenses": 3400000.0,
        "Depreciation Amortization Depletion Income Statement": NaN,
        "Depreciation And Amortization In Income Statement": NaN,
        "Selling General And Administration": 76800000.0,
        "General And Administrative Expense": 76800000.0,
        "Other Gand A": 76800000.0,
        "Gross Profit": 392200000.0,
        "Cost Of Revenue": 2494800000.0,
        "Total Revenue": 2887000000.0,
        "Operating Revenue": 2887000000.0
    }
}