{
    "2023-04-30": {
        "Tax Effect Of Unusual Items": NaN,
        "Tax Rate For Calcs": NaN,
        "Normalized EBITDA": NaN,
        "Total Unusual Items": NaN,
        "Total Unusual Items Excluding Goodwill": NaN,
        "Net Income From Continuing Operation Net Minority Interest": NaN,
        "Reconciled Depreciation": NaN,
        "Reconciled Cost Of Revenue": NaN,
        "EBITDA": NaN,
        "EBIT": NaN,
        "Net Interest Income": NaN,
        "Interest Expense": NaN,
        "Normalized Income": NaN,
        "Net Income From Continuing And Discontinued Operation": NaN,
        "Total Expenses": NaN,
        "Total Operating Income As Reported": NaN,
        "Diluted Average Shares": 89664000.0,
        "Basic Average Shares": 83071000.0,
        "Diluted EPS": 3.4,
        "Basic EPS": 3.67,
        "Diluted NI Availto Com Stockholders": NaN,
        "Average Dilution Earnings": 337000.0,
        "Net Income Common Stockholders": NaN,
        "Net Income": NaN,
        "Net Income Including Noncontrolling Interests": NaN,
        "Net Income Continuous Operations": NaN,
        "Tax Provision": NaN,
        "Pretax Income": NaN,
        "Other Income Expense": NaN,
        "Other Non Operating Income Expenses": NaN,
        "Special Income Charges": NaN,
        "Other Special Charges": NaN,
        "Net Non Operating Interest Income Expense": NaN,
        "Interest Expense Non Operating": NaN,
        "Operating Income": NaN,
        "Operating Expense": NaN,
        "Other Operating Expenses": 9090000.0,
        "Selling General And Administration": NaN,
        "Gross Profit": NaN,
        "Cost Of Revenue": NaN,
        "Total Revenue": NaN,
        "Operating Revenue": NaN
    },
    "2023-01-31": {
        "Tax Effect Of Unusual Items": NaN,
        "Tax Rate For Calcs": NaN,
        "Normalized EBITDA": NaN,
        "Total Unusual Items": NaN,
        "Total Unusual Items Excluding Goodwill": NaN,
        "Net Income From Continuing Operation Net Minority Interest": NaN,
        "Reconciled Depreciation": NaN,
        "Reconciled Cost Of Revenue": NaN,
        "EBITDA": NaN,
        "EBIT": NaN,
        "Net Interest Income": NaN,
        "Interest Expense": NaN,
        "Normalized Income": NaN,
        "Net Income From Continuing And Discontinued Operation": NaN,
        "Total Expenses": NaN,
        "Total Operating Income As Reported": NaN,
        "Diluted Average Shares": NaN,
        "Basic Average Shares": NaN,
        "Diluted EPS": NaN,
        "Basic EPS": NaN,
        "Diluted NI Availto Com Stockholders": NaN,
        "Average Dilution Earnings": NaN,
        "Net Income Common Stockholders": NaN,
        "Net Income": NaN,
        "Net Income Including Noncontrolling Interests": NaN,
        "Net Income Continuous Operations": NaN,
        "Tax Provision": NaN,
        "Pretax Income": NaN,
        "Other Income Expense": NaN,
        "Other Non Operating Income Expenses": NaN,
        "Special Income Charges": NaN,
        "Other Special Charges": NaN,
        "Net Non Operating Interest Income Expense": NaN,
        "Interest Expense Non Operating": NaN,
        "Operating Income": NaN,
        "Operating Expense": NaN,
        "Other Operating Expenses": 2129000.0,
        "Selling General And Administration": NaN,
        "Gross Profit": NaN,
        "Cost Of Revenue": NaN,
        "Total Revenue": NaN,
        "Operating Revenue": NaN
    },
    "2022-10-31": {
        "Tax Effect Of Unusual Items": NaN,
        "Tax Rate For Calcs": NaN,
        "Normalized EBITDA": NaN,
        "Total Unusual Items": NaN,
        "Total Unusual Items Excluding Goodwill": NaN,
        "Net Income From Continuing Operation Net Minority Interest": NaN,
        "Reconciled Depreciation": NaN,
        "Reconciled Cost Of Revenue": NaN,
        "EBITDA": NaN,
        "EBIT": NaN,
        "Net Interest Income": NaN,
        "Interest Expense": NaN,
        "Normalized Income": NaN,
        "Net Income From Continuing And Discontinued Operation": NaN,
        "Total Expenses": NaN,
        "Total Operating Income As Reported": NaN,
        "Diluted Average Shares": NaN,
        "Basic Average Shares": NaN,
        "Diluted EPS": NaN,
        "Basic EPS": NaN,
        "Diluted NI Availto Com Stockholders": NaN,
        "Average Dilution Earnings": NaN,
        "Net Income Common Stockholders": NaN,
        "Net Income": NaN,
        "Net Income Including Noncontrolling Interests": NaN,
        "Net Income Continuous Operations": NaN,
        "Tax Provision": NaN,
        "Pretax Income": NaN,
        "Other Income Expense": NaN,
        "Other Non Operating Income Expenses": NaN,
        "Special Income Charges": NaN,
        "Other Special Charges": NaN,
        "Net Non Operating Interest Income Expense": NaN,
        "Interest Expense Non Operating": NaN,
        "Operating Income": NaN,
        "Operating Expense": NaN,
        "Other Operating Expenses": 7212000.0,
        "Selling General And Administration": NaN,
        "Gross Profit": NaN,
        "Cost Of Revenue": NaN,
        "Total Revenue": NaN,
        "Operating Revenue": NaN
    },
    "2022-07-31": {
        "Tax Effect Of Unusual Items": 0.0,
        "Tax Rate For Calcs": 0.254654,
        "Normalized EBITDA": 537411000.0,
        "Net Income From Continuing Operation Net Minority Interest": 318502000.0,
        "Reconciled Depreciation": 84596000.0,
        "Reconciled Cost Of Revenue": 1991037000.0,
        "EBITDA": 537411000.0,
        "EBIT": 452815000.0,
        "Net Interest Income": -25494000.0,
        "Interest Expense": 25494000.0,
        "Normalized Income": 318502000.0,
        "Net Income From Continuing And Discontinued Operation": 318502000.0,
        "Total Expenses": 2652241000.0,
        "Total Operating Income As Reported": 460178000.0,
        "Diluted Average Shares": 100389000.0,
        "Basic Average Shares": 75610000.0,
        "Diluted EPS": 3.25,
        "Basic EPS": 4.21,
        "Diluted NI Availto Com Stockholders": 318502000.0,
        "Average Dilution Earnings": 7992000.0,
        "Net Income Common Stockholders": 318502000.0,
        "Net Income": 318502000.0,
        "Net Income Including Noncontrolling Interests": 318502000.0,
        "Net Income Continuous Operations": 318502000.0,
        "Tax Provision": 108819000.0,
        "Pretax Income": 427321000.0,
        "Other Income Expense": -7363000.0,
        "Other Non Operating Income Expenses": -7363000.0,
        "Net Non Operating Interest Income Expense": -25494000.0,
        "Interest Expense Non Operating": 25494000.0,
        "Operating Income": 460178000.0,
        "Operating Expense": 661204000.0,
        "Other Operating Expenses": 3836000.0,
        "Selling General And Administration": 657368000.0,
        "Gross Profit": 1121382000.0,
        "Cost Of Revenue": 1991037000.0,
        "Total Revenue": 3112419000.0,
        "Operating Revenue": 3112419000.0
    },
    "2022-04-30": {
        "Diluted EPS": 2.47,
        "Total Revenue": NaN,
        "Gross Profit": 985,
        "Operating Income": 367,
        "EBIT": 448,
        "Net Income": 261
    },
    "2022-01-31": {
        "Diluted EPS": 3.15,
        "Total Revenue": NaN,
        "Gross Profit": NaN,
        "Operating Income": 475,
        "EBIT": 568,
        "Net Income": 346
    },
    "2021-10-31": {
        "Diluted EPS": 2.78,
        "Total Revenue": NaN,
        "Gross Profit": NaN,
        "Operating Income": 420,
        "EBIT": 507,
        "Net Income": 317
    },
    "2021-07-31": {
        "Diluted EPS": 4.53,
        "Total Revenue": NaN,
        "Gross Profit": NaN,
        "Operating Income": 664,
        "EBIT": 751,
        "Net Income": 496
    },
    "2021-04-30": {
        "Diluted EPS": 3.41,
        "Total Revenue": NaN,
        "Gross Profit": NaN,
        "Operating Income": 476,
        "EBIT": 561,
        "Net Income": 362
    },
    "2021-01-31": {
        "Diluted EPS": 2.47,
        "Total Revenue": NaN,
        "Gross Profit": NaN,
        "Operating Income": 290,
        "EBIT": 384,
        "Net Income": 220
    },
    "2020-10-31": {
        "Diluted EPS": 1.84,
        "Total Revenue": NaN,
        "Gross Profit": 842,
        "Operating Income": 246,
        "EBIT": 330,
        "Net Income": 177
    },
    "2020-07-31": {
        "Diluted EPS": 3.12,
        "Total Revenue": NaN,
        "Gross Profit": 937,
        "Operating Income": 391,
        "EBIT": 475,
        "Net Income": 277
    },
    "2020-04-30": {
        "Diluted EPS": -1.71,
        "Total Revenue": NaN,
        "Gross Profit": 219,
        "Operating Income": -186,
        "EBIT": -99,
        "Net Income": -143
    },
    "2020-01-31": {
        "Diluted EPS": 0.81,
        "Total Revenue": NaN,
        "Gross Profit": 733,
        "Operating Income": 99,
        "EBIT": 190,
        "Net Income": 70
    },
    "2019-10-31": {
        "Diluted EPS": 0.66,
        "Total Revenue": NaN,
        "Gross Profit": 581,
        "Operating Income": 46,
        "EBIT": 132,
        "Net Income": 58
    },
    "2019-07-31": {
        "Diluted EPS": 1.26,
        "Total Revenue": NaN,
        "Gross Profit": 677,
        "Operating Income": 155,
        "EBIT": 230,
        "Net Income": 113
    },
    "2019-04-30": {
        "Diluted EPS": 0.61,
        "Total Revenue": NaN,
        "Gross Profit": 564,
        "Operating Income": 76,
        "EBIT": 159,
        "Net Income": 58
    },
    "2019-01-31": {
        "Diluted EPS": 1.06,
        "Total Revenue": NaN,
        "Gross Profit": 695,
        "Operating Income": 142,
        "EBIT": 270,
        "Net Income": 103
    },
    "2018-10-31": {
        "Diluted EPS": 0.39,
        "Total Revenue": NaN,
        "Gross Profit": 524,
        "Operating Income": 53,
        "EBIT": 112,
        "Net Income": 38
    },
    "2018-07-31": {
        "Diluted EPS": 1.2,
        "Total Revenue": NaN,
        "Gross Profit": 659,
        "Operating Income": 163,
        "EBIT": 226,
        "Net Income": 119
    },
    "2018-04-30": {
        "Diluted EPS": 0.59,
        "Total Revenue": NaN,
        "Gross Profit": 560,
        "Operating Income": 87,
        "EBIT": 144,
        "Net Income": 60
    },
    "2018-01-31": {
        "Diluted EPS": 1.11,
        "Total Revenue": NaN,
        "Gross Profit": 776,
        "Operating Income": 178,
        "EBIT": 255,
        "Net Income": 116
    },
    "2017-10-31": {
        "Diluted EPS": 0.35,
        "Total Revenue": NaN,
        "Gross Profit": 534,
        "Operating Income": 50,
        "EBIT": 107,
        "Net Income": 37
    },
    "2017-07-31": {
        "Diluted EPS": 1.03,
        "Total Revenue": NaN,
        "Gross Profit": 637,
        "Operating Income": 159,
        "EBIT": 215,
        "Net Income": 112
    },
    "2017-04-30": {
        "Diluted EPS": 0.52,
        "Total Revenue": NaN,
        "Gross Profit": 542,
        "Operating Income": 90,
        "EBIT": 143,
        "Net Income": 58
    },
    "2017-01-31": {
        "Diluted EPS": 0.8,
        "Total Revenue": NaN,
        "Gross Profit": 720,
        "Operating Income": 138,
        "EBIT": 223,
        "Net Income": 90
    },
    "2016-10-31": {
        "Diluted EPS": 0.44,
        "Total Revenue": NaN,
        "Gross Profit": 553,
        "Operating Income": 74,
        "EBIT": 126,
        "Net Income": 49
    },
    "2016-07-31": {
        "Diluted EPS": 0.82,
        "Total Revenue": NaN,
        "Gross Profit": 597,
        "Operating Income": 147,
        "EBIT": 196,
        "Net Income": 91
    },
    "2016-04-30": {
        "Diluted EPS": 0.5,
        "Total Revenue": NaN,
        "Gross Profit": 496,
        "Operating Income": 91,
        "EBIT": 139,
        "Net Income": 57
    },
    "2016-01-31": {
        "Diluted EPS": 1.12,
        "Total Revenue": NaN,
        "Gross Profit": 672,
        "Operating Income": 208,
        "EBIT": 265,
        "Net Income": 129
    },
    "2015-10-31": {
        "Diluted EPS": 0.41,
        "Total Revenue": NaN,
        "Gross Profit": 488,
        "Operating Income": 77,
        "EBIT": 123,
        "Net Income": 47
    },
    "2015-07-31": {
        "Diluted EPS": 0.77,
        "Total Revenue": NaN,
        "Gross Profit": 554,
        "Operating Income": 148,
        "EBIT": 196,
        "Net Income": 91
    },
    "2015-04-30": {
        "Diluted EPS": 0.53,
        "Total Revenue": NaN,
        "Gross Profit": 469,
        "Operating Income": 102,
        "EBIT": 144,
        "Net Income": 63
    },
    "2015-01-31": {
        "Diluted EPS": 1.29,
        "Total Revenue": NaN,
        "Gross Profit": 691,
        "Operating Income": 250,
        "EBIT": 299,
        "Net Income": 156
    },
    "2014-10-31": {
        "Diluted EPS": 0.41,
        "Total Revenue": NaN,
        "Gross Profit": 452,
        "Operating Income": 80,
        "EBIT": 121,
        "Net Income": 49
    },
    "2014-07-31": {
        "Diluted EPS": 0.57,
        "Total Revenue": NaN,
        "Gross Profit": 503,
        "Operating Income": 112,
        "EBIT": 164,
        "Net Income": 69
    },
    "2014-04-30": {
        "Diluted EPS": 0.57,
        "Total Revenue": NaN,
        "Gross Profit": 441,
        "Operating Income": 112,
        "EBIT": 149,
        "Net Income": 70
    },
    "2014-01-31": {
        "Diluted EPS": 1.1,
        "Total Revenue": NaN,
        "Gross Profit": 628,
        "Operating Income": 223,
        "EBIT": 265,
        "Net Income": 139
    },
    "2013-10-31": {
        "Diluted EPS": 0.4,
        "Total Revenue": NaN,
        "Gross Profit": 425,
        "Operating Income": 79,
        "EBIT": 116,
        "Net Income": 50
    },
    "2013-07-31": {
        "Diluted EPS": 0.67,
        "Total Revenue": NaN,
        "Gross Profit": 479,
        "Operating Income": 137,
        "EBIT": 181,
        "Net Income": 84
    },
    "2013-04-30": {
        "Diluted EPS": 0.52,
        "Total Revenue": NaN,
        "Gross Profit": 412,
        "Operating Income": 98,
        "EBIT": 130,
        "Net Income": 65
    },
    "2013-01-31": {
        "Diluted EPS": 1.03,
        "Total Revenue": NaN,
        "Gross Profit": 589,
        "Operating Income": 211,
        "EBIT": 248,
        "Net Income": 130
    },
    "2012-10-31": {
        "Diluted EPS": 0.4,
        "Total Revenue": NaN,
        "Gross Profit": 406,
        "Operating Income": 82,
        "EBIT": 113,
        "Net Income": 50
    },
    "2012-07-31": {
        "Diluted EPS": 0.43,
        "Total Revenue": NaN,
        "Gross Profit": 448,
        "Operating Income": 135,
        "EBIT": 165,
        "Net Income": 54
    },
    "2012-04-30": {
        "Diluted EPS": 0.45,
        "Total Revenue": NaN,
        "Gross Profit": 395,
        "Operating Income": 96,
        "EBIT": 123,
        "Net Income": 57
    },
    "2012-01-31": {
        "Diluted EPS": 0.88,
        "Total Revenue": NaN,
        "Gross Profit": 513,
        "Operating Income": 184,
        "EBIT": 217,
        "Net Income": 111
    },
    "2011-10-31": {
        "Diluted EPS": 0.33,
        "Total Revenue": NaN,
        "Gross Profit": 351,
        "Operating Income": 72,
        "EBIT": 100,
        "Net Income": 41
    },
    "2011-07-31": {
        "Diluted EPS": 0.59,
        "Total Revenue": NaN,
        "Gross Profit": 401,
        "Operating Income": 112,
        "EBIT": 140,
        "Net Income": 74
    },
    "2011-04-30": {
        "Diluted EPS": 0.3,
        "Total Revenue": NaN,
        "Gross Profit": 330,
        "Operating Income": 64,
        "EBIT": 92,
        "Net Income": 37
    },
    "2011-01-31": {
        "Diluted EPS": 0.71,
        "Total Revenue": NaN,
        "Gross Profit": 480,
        "Operating Income": 146,
        "EBIT": 176,
        "Net Income": 87
    },
    "2010-10-31": {
        "Diluted EPS": 0.14,
        "Total Revenue": NaN,
        "Gross Profit": 307,
        "Operating Income": 28,
        "EBIT": 56,
        "Net Income": 17
    },
    "2010-07-31": {
        "Diluted EPS": 0.43,
        "Total Revenue": NaN,
        "Gross Profit": 360,
        "Operating Income": 88,
        "EBIT": 114,
        "Net Income": 52
    },
    "2010-04-30": {
        "Diluted EPS": 0.22,
        "Total Revenue": NaN,
        "Gross Profit": 302,
        "Operating Income": 47,
        "EBIT": 73,
        "Net Income": 26
    },
    "2010-01-31": {
        "Diluted EPS": 0.57,
        "Total Revenue": NaN,
        "Gross Profit": 390,
        "Operating Income": 113,
        "EBIT": 138,
        "Net Income": 67
    },
    "2009-10-31": {
        "Diluted EPS": 0.16,
        "Total Revenue": 990,
        "Gross Profit": 267,
        "Operating Income": 32,
        "EBIT": 57,
        "Net Income": 19
    },
    "2009-07-31": {
        "Diluted EPS": 0.33,
        "Total Revenue": NaN,
        "Gross Profit": 310,
        "Operating Income": 64,
        "EBIT": 90,
        "Net Income": 39
    },
    "2009-04-30": {
        "Diluted EPS": 0.09,
        "Total Revenue": 960,
        "Gross Profit": 250,
        "Operating Income": 17,
        "EBIT": 42,
        "Net Income": 10
    },
    "2009-01-31": {
        "Diluted EPS": -0.92,
        "Total Revenue": NaN,
        "Gross Profit": 352,
        "Operating Income": -93,
        "EBIT": 98,
        "Net Income": -106
    },
    "2023-07-31": {
        "Tax Effect Of Unusual Items": NaN,
        "Tax Rate For Calcs": NaN,
        "Normalized EBITDA": NaN,
        "Total Unusual Items": NaN,
        "Total Unusual Items Excluding Goodwill": NaN,
        "Net Income From Continuing Operation Net Minority Interest": NaN,
        "Reconciled Depreciation": NaN,
        "Reconciled Cost Of Revenue": NaN,
        "EBITDA": NaN,
        "EBIT": NaN,
        "Net Interest Income": NaN,
        "Interest Expense": NaN,
        "Normalized Income": NaN,
        "Net Income From Continuing And Discontinued Operation": NaN,
        "Total Expenses": NaN,
        "Total Operating Income As Reported": NaN,
        "Diluted Average Shares": 86783000.0,
        "Basic Average Shares": 84142000.0,
        "Diluted EPS": 2.82,
        "Basic EPS": 2.9,
        "Diluted NI Availto Com Stockholders": NaN,
        "Average Dilution Earnings": NaN,
        "Net Income Common Stockholders": NaN,
        "Net Income": NaN,
        "Net Income Including Noncontrolling Interests": NaN,
        "Net Income Continuous Operations": NaN,
        "Tax Provision": NaN,
        "Pretax Income": NaN,
        "Other Income Expense": NaN,
        "Other Non Operating Income Expenses": NaN,
        "Special Income Charges": NaN,
        "Other Special Charges": NaN,
        "Net Non Operating Interest Income Expense": NaN,
        "Interest Expense Non Operating": NaN,
        "Operating Income": NaN,
        "Operating Expense": NaN,
        "Other Operating Expenses": NaN,
        "Selling General And Administration": NaN,
        "Gross Profit": NaN,
        "Cost Of Revenue": NaN,
        "Total Revenue": NaN,
        "Operating Revenue": NaN
    },
    "2023-10-31": {
        "Tax Effect Of Unusual Items": NaN,
        "Tax Rate For Calcs": NaN,
        "Normalized EBITDA": NaN,
        "Total Unusual Items": NaN,
        "Total Unusual Items Excluding Goodwill": NaN,
        "Net Income From Continuing Operation Net Minority Interest": NaN,
        "Reconciled Depreciation": NaN,
        "Reconciled Cost Of Revenue": NaN,
        "EBITDA": NaN,
        "EBIT": NaN,
        "Net Interest Income": NaN,
        "Interest Expense": NaN,
        "Normalized Income": NaN,
        "Net Income From Continuing And Discontinued Operation": NaN,
        "Total Expenses": NaN,
        "Total Operating Income As Reported": NaN,
        "Diluted Average Shares": 84291000.0,
        "Basic Average Shares": 81772000.0,
        "Diluted EPS": 2.39,
        "Basic EPS": 2.46,
        "Diluted NI Availto Com Stockholders": NaN,
        "Average Dilution Earnings": NaN,
        "Net Income Common Stockholders": NaN,
        "Net Income": NaN,
        "Net Income Including Noncontrolling Interests": NaN,
        "Net Income Continuous Operations": NaN,
        "Tax Provision": NaN,
        "Pretax Income": NaN,
        "Other Income Expense": NaN,
        "Other Non Operating Income Expenses": NaN,
        "Special Income Charges": NaN,
        "Other Special Charges": NaN,
        "Net Non Operating Interest Income Expense": NaN,
        "Interest Expense Non Operating": NaN,
        "Operating Income": NaN,
        "Operating Expense": NaN,
        "Other Operating Expenses": 20331000.0,
        "Selling General And Administration": NaN,
        "Gross Profit": NaN,
        "Cost Of Revenue": NaN,
        "Total Revenue": NaN,
        "Operating Revenue": NaN
    },
    "2024-01-31": {
        "Tax Effect Of Unusual Items": NaN,
        "Tax Rate For Calcs": NaN,
        "Normalized EBITDA": NaN,
        "Total Unusual Items": NaN,
        "Total Unusual Items Excluding Goodwill": NaN,
        "Net Income From Continuing Operation Net Minority Interest": NaN,
        "Reconciled Depreciation": NaN,
        "Reconciled Cost Of Revenue": NaN,
        "EBITDA": NaN,
        "EBIT": NaN,
        "Net Interest Income": NaN,
        "Interest Expense": NaN,
        "Normalized Income": NaN,
        "Net Income From Continuing And Discontinued Operation": NaN,
        "Total Expenses": NaN,
        "Total Operating Income As Reported": NaN,
        "Diluted Average Shares": NaN,
        "Basic Average Shares": NaN,
        "Diluted EPS": NaN,
        "Basic EPS": NaN,
        "Diluted NI Availto Com Stockholders": NaN,
        "Average Dilution Earnings": 0.0,
        "Net Income Common Stockholders": NaN,
        "Net Income": NaN,
        "Net Income Including Noncontrolling Interests": NaN,
        "Net Income Continuous Operations": NaN,
        "Tax Provision": NaN,
        "Pretax Income": NaN,
        "Other Income Expense": NaN,
        "Other Non Operating Income Expenses": NaN,
        "Special Income Charges": NaN,
        "Other Special Charges": NaN,
        "Restructuring And Mergern Acquisition": NaN,
        "Net Non Operating Interest Income Expense": NaN,
        "Interest Expense Non Operating": NaN,
        "Operating Income": NaN,
        "Operating Expense": NaN,
        "Other Operating Expenses": 3564000.0,
        "Selling General And Administration": NaN,
        "Gross Profit": NaN,
        "Cost Of Revenue": NaN,
        "Total Revenue": NaN,
        "Operating Revenue": NaN
    },
    "2024-04-30": {
        "Tax Effect Of Unusual Items": NaN,
        "Tax Rate For Calcs": NaN,
        "Normalized EBITDA": NaN,
        "Total Unusual Items": NaN,
        "Total Unusual Items Excluding Goodwill": NaN,
        "Net Income From Continuing Operation Net Minority Interest": NaN,
        "Reconciled Depreciation": NaN,
        "Reconciled Cost Of Revenue": NaN,
        "EBITDA": NaN,
        "EBIT": NaN,
        "Net Interest Income": NaN,
        "Interest Expense": NaN,
        "Normalized Income": NaN,
        "Net Income From Continuing And Discontinued Operation": NaN,
        "Total Expenses": NaN,
        "Total Operating Income As Reported": NaN,
        "Diluted Average Shares": 83346000.0,
        "Basic Average Shares": 80582000.0,
        "Diluted EPS": 3.3,
        "Basic EPS": 3.42,
        "Diluted NI Availto Com Stockholders": NaN,
        "Average Dilution Earnings": 0.0,
        "Net Income Common Stockholders": NaN,
        "Net Income": NaN,
        "Net Income Including Noncontrolling Interests": NaN,
        "Net Income Continuous Operations": NaN,
        "Tax Provision": NaN,
        "Pretax Income": NaN,
        "Other Income Expense": NaN,
        "Other Non Operating Income Expenses": NaN,
        "Special Income Charges": NaN,
        "Other Special Charges": NaN,
        "Restructuring And Mergern Acquisition": NaN,
        "Net Non Operating Interest Income Expense": NaN,
        "Interest Expense Non Operating": NaN,
        "Operating Income": NaN,
        "Operating Expense": NaN,
        "Other Operating Expenses": 21095000.0,
        "Selling General And Administration": NaN,
        "Gross Profit": NaN,
        "Cost Of Revenue": NaN,
        "Total Revenue": NaN,
        "Operating Revenue": NaN
    },
    "2024-07-31": {
        "Tax Effect Of Unusual Items": -2223829.757988,
        "Tax Rate For Calcs": 0.249001,
        "Normalized EBITDA": 602525000.0,
        "Total Unusual Items": -8931000.0,
        "Total Unusual Items Excluding Goodwill": -8931000.0,
        "Net Income From Continuing Operation Net Minority Interest": 362230000.0,
        "Reconciled Depreciation": 97742000.0,
        "Reconciled Cost Of Revenue": 2197935000.0,
        "EBITDA": 593594000.0,
        "EBIT": 495852000.0,
        "Net Interest Income": -13521000.0,
        "Interest Expense": 13521000.0,
        "Normalized Income": 368937170.242012,
        "Net Income From Continuing And Discontinued Operation": 362230000.0,
        "Total Expenses": 2994608000.0,
        "Total Operating Income As Reported": 470096000.0,
        "Diluted Average Shares": 82814000.0,
        "Basic Average Shares": 80432000.0,
        "Diluted EPS": 4.37,
        "Basic EPS": 4.5,
        "Diluted NI Availto Com Stockholders": 362230000.0,
        "Average Dilution Earnings": 0.0,
        "Net Income Common Stockholders": 362230000.0,
        "Net Income": 362230000.0,
        "Net Income Including Noncontrolling Interests": 362230000.0,
        "Net Income Continuous Operations": 362230000.0,
        "Tax Provision": 120101000.0,
        "Pretax Income": 482331000.0,
        "Other Income Expense": 16825000.0,
        "Other Non Operating Income Expenses": 25756000.0,
        "Special Income Charges": -8931000.0,
        "Other Special Charges": 8931000.0,
        "Restructuring And Mergern Acquisition": 0.0,
        "Net Non Operating Interest Income Expense": -13521000.0,
        "Interest Expense Non Operating": 13521000.0,
        "Operating Income": 479027000.0,
        "Operating Expense": 796673000.0,
        "Other Operating Expenses": 8931000.0,
        "Selling General And Administration": 796673000.0,
        "Gross Profit": 1275700000.0,
        "Cost Of Revenue": 2197935000.0,
        "Total Revenue": 3473635000.0,
        "Operating Revenue": 3473635000.0
    },
    "2024-10-31": {
        "Tax Effect Of Unusual Items": -3909507.0,
        "Tax Rate For Calcs": 0.233,
        "Normalized EBITDA": 427940000.0,
        "Total Unusual Items": -16779000.0,
        "Total Unusual Items Excluding Goodwill": -16779000.0,
        "Net Income From Continuing Operation Net Minority Interest": 227813000.0,
        "Reconciled Depreciation": 101141000.0,
        "Reconciled Cost Of Revenue": 1963737000.0,
        "EBITDA": 411161000.0,
        "EBIT": 310020000.0,
        "Net Interest Income": -12947000.0,
        "Interest Expense": 12947000.0,
        "Normalized Income": 240682493.0,
        "Net Income From Continuing And Discontinued Operation": 227813000.0,
        "Total Expenses": 2754358000.0,
        "Total Operating Income As Reported": 286044000.0,
        "Diluted Average Shares": 82776000.0,
        "Basic Average Shares": 80404000.0,
        "Diluted EPS": 2.75,
        "Basic EPS": 2.83,
        "Diluted NI Availto Com Stockholders": 227813000.0,
        "Average Dilution Earnings": 0.0,
        "Net Income Common Stockholders": 227813000.0,
        "Net Income": 227813000.0,
        "Net Income Including Noncontrolling Interests": 227813000.0,
        "Net Income Continuous Operations": 227813000.0,
        "Tax Provision": 69260000.0,
        "Pretax Income": 297073000.0,
        "Other Income Expense": 7197000.0,
        "Other Non Operating Income Expenses": 23976000.0,
        "Special Income Charges": -16779000.0,
        "Other Special Charges": 16779000.0,
        "Restructuring And Mergern Acquisition": NaN,
        "Net Non Operating Interest Income Expense": -12947000.0,
        "Interest Expense Non Operating": 12947000.0,
        "Operating Income": 302823000.0,
        "Operating Expense": 790621000.0,
        "Other Operating Expenses": 16779000.0,
        "Selling General And Administration": 790621000.0,
        "Gross Profit": 1093444000.0,
        "Cost Of Revenue": 1963737000.0,
        "Total Revenue": 3057181000.0,
        "Operating Revenue": 3057181000.0
    },
    "2025-01-31": {
        "Tax Effect Of Unusual Items": -2617293.040302,
        "Tax Rate For Calcs": 0.244927,
        "Normalized EBITDA": 530691000.0,
        "Total Unusual Items": -10686000.0,
        "Total Unusual Items Excluding Goodwill": -10686000.0,
        "Net Income From Continuing Operation Net Minority Interest": 299970000.0,
        "Reconciled Depreciation": 110049000.0,
        "Reconciled Cost Of Revenue": 2532391000.0,
        "EBITDA": 520005000.0,
        "EBIT": 409956000.0,
        "Net Interest Income": -12683000.0,
        "Interest Expense": 12683000.0,
        "Normalized Income": 308038706.959698,
        "Net Income From Continuing And Discontinued Operation": 299970000.0,
        "Total Expenses": 3495971000.0,
        "Total Operating Income As Reported": 386992000.0,
        "Diluted Average Shares": NaN,
        "Basic Average Shares": NaN,
        "Diluted EPS": NaN,
        "Basic EPS": NaN,
        "Diluted NI Availto Com Stockholders": 299970000.0,
        "Average Dilution Earnings": 0.0,
        "Net Income Common Stockholders": 299970000.0,
        "Net Income": 299970000.0,
        "Net Income Including Noncontrolling Interests": 299970000.0,
        "Net Income Continuous Operations": 299970000.0,
        "Tax Provision": 97303000.0,
        "Pretax Income": 397273000.0,
        "Other Income Expense": 12278000.0,
        "Other Non Operating Income Expenses": 22964000.0,
        "Special Income Charges": -10686000.0,
        "Other Special Charges": 10686000.0,
        "Restructuring And Mergern Acquisition": NaN,
        "Net Non Operating Interest Income Expense": -12683000.0,
        "Interest Expense Non Operating": 12683000.0,
        "Operating Income": 397678000.0,
        "Operating Expense": 963580000.0,
        "Other Operating Expenses": NaN,
        "Selling General And Administration": 963580000.0,
        "Gross Profit": 1361258000.0,
        "Cost Of Revenue": 2532391000.0,
        "Total Revenue": 3893649000.0,
        "Operating Revenue": 3893649000.0
    },
    "2025-04-30": {
        "Tax Effect Of Unusual Items": -3226080.0,
        "Tax Rate For Calcs": 0.24,
        "Normalized EBITDA": 471162000.0,
        "Total Unusual Items": -13442000.0,
        "Total Unusual Items Excluding Goodwill": -13442000.0,
        "Net Income From Continuing Operation Net Minority Interest": 264288000.0,
        "Reconciled Depreciation": 97860000.0,
        "Reconciled Cost Of Revenue": 2009591000.0,
        "EBITDA": 457720000.0,
        "EBIT": 359860000.0,
        "Net Interest Income": -12138000.0,
        "Interest Expense": 12138000.0,
        "Normalized Income": 274503920.0,
        "Net Income From Continuing And Discontinued Operation": 264288000.0,
        "Total Expenses": 2795119000.0,
        "Total Operating Income As Reported": 366116000.0,
        "Diluted Average Shares": 81478000.0,
        "Basic Average Shares": 79341000.0,
        "Diluted EPS": 3.24,
        "Basic EPS": 3.33,
        "Diluted NI Availto Com Stockholders": 264288000.0,
        "Average Dilution Earnings": NaN,
        "Net Income Common Stockholders": 264288000.0,
        "Net Income": 264288000.0,
        "Net Income Including Noncontrolling Interests": 264288000.0,
        "Net Income Continuous Operations": 264288000.0,
        "Tax Provision": 83434000.0,
        "Pretax Income": 347722000.0,
        "Other Income Expense": -19698000.0,
        "Other Non Operating Income Expenses": -6256000.0,
        "Special Income Charges": -13442000.0,
        "Other Special Charges": 13442000.0,
        "Restructuring And Mergern Acquisition": NaN,
        "Net Non Operating Interest Income Expense": -12138000.0,
        "Interest Expense Non Operating": 12138000.0,
        "Operating Income": 379558000.0,
        "Operating Expense": 785528000.0,
        "Other Operating Expenses": NaN,
        "Selling General And Administration": 785528000.0,
        "Gross Profit": 1165086000.0,
        "Cost Of Revenue": 2009591000.0,
        "Total Revenue": 3174677000.0,
        "Operating Revenue": 3174677000.0
    },
    "2025-07-31": {
        "Tax Effect Of Unusual Items": -5125819.707502,
        "Tax Rate For Calcs": 0.251883,
        "Normalized EBITDA": 651946000.0,
        "Total Unusual Items": -20350000.0,
        "Total Unusual Items Excluding Goodwill": -20350000.0,
        "Net Income From Continuing Operation Net Minority Interest": 381402000.0,
        "Reconciled Depreciation": 105662000.0,
        "Reconciled Cost Of Revenue": 2295344000.0,
        "EBITDA": 631596000.0,
        "EBIT": 525934000.0,
        "Net Interest Income": -16118000.0,
        "Interest Expense": 16118000.0,
        "Normalized Income": 396626180.292498,
        "Net Income From Continuing And Discontinued Operation": 381402000.0,
        "Total Expenses": 3174081000.0,
        "Total Operating Income As Reported": 452185000.0,
        "Diluted Average Shares": 81041000.0,
        "Basic Average Shares": 79147000.0,
        "Diluted EPS": 4.71,
        "Basic EPS": 4.82,
        "Diluted NI Availto Com Stockholders": 381402000.0,
        "Average Dilution Earnings": NaN,
        "Net Income Common Stockholders": 381402000.0,
        "Net Income": 381402000.0,
        "Net Income Including Noncontrolling Interests": 381402000.0,
        "Net Income Continuous Operations": 381402000.0,
        "Tax Provision": 128414000.0,
        "Pretax Income": 509816000.0,
        "Other Income Expense": 53399000.0,
        "Other Non Operating Income Expenses": 73749000.0,
        "Special Income Charges": -20350000.0,
        "Other Special Charges": 12322000.0,
        "Restructuring And Mergern Acquisition": 8028000.0,
        "Net Non Operating Interest Income Expense": -16118000.0,
        "Interest Expense Non Operating": 16118000.0,
        "Operating Income": 472535000.0,
        "Operating Expense": 878737000.0,
        "Other Operating Expenses": NaN,
        "Selling General And Administration": 878737000.0,
        "Gross Profit": 1351272000.0,
        "Cost Of Revenue": 2295344000.0,
        "Total Revenue": 3646616000.0,
        "Operating Revenue": 3646616000.0
    }
}