{
    "2023-03-31": {
        "Tax Effect Of Unusual Items": NaN,
        "Tax Rate For Calcs": NaN,
        "Normalized EBITDA": NaN,
        "Total Unusual Items": NaN,
        "Total Unusual Items Excluding Goodwill": NaN,
        "Net Income From Continuing Operation Net Minority Interest": NaN,
        "Reconciled Depreciation": NaN,
        "Reconciled Cost Of Revenue": NaN,
        "EBITDA": NaN,
        "EBIT": NaN,
        "Net Interest Income": NaN,
        "Interest Expense": NaN,
        "Interest Income": NaN,
        "Normalized Income": NaN,
        "Net Income From Continuing And Discontinued Operation": NaN,
        "Total Expenses": NaN,
        "Total Operating Income As Reported": NaN,
        "Diluted Average Shares": NaN,
        "Basic Average Shares": NaN,
        "Diluted EPS": NaN,
        "Basic EPS": NaN,
        "Diluted NI Availto Com Stockholders": NaN,
        "Average Dilution Earnings": NaN,
        "Net Income Common Stockholders": NaN,
        "Otherunder Preferred Stock Dividend": NaN,
        "Net Income": NaN,
        "Net Income Including Noncontrolling Interests": NaN,
        "Net Income Continuous Operations": NaN,
        "Earnings From Equity Interest Net Of Tax": NaN,
        "Tax Provision": NaN,
        "Pretax Income": NaN,
        "Other Income Expense": NaN,
        "Other Non Operating Income Expenses": -10444.0,
        "Special Income Charges": NaN,
        "Write Off": NaN,
        "Impairment Of Capital Assets": NaN,
        "Restructuring And Mergern Acquisition": NaN,
        "Gain On Sale Of Security": NaN,
        "Net Non Operating Interest Income Expense": NaN,
        "Interest Expense Non Operating": NaN,
        "Interest Income Non Operating": NaN,
        "Operating Income": NaN,
        "Operating Expense": NaN,
        "Depreciation Amortization Depletion Income Statement": NaN,
        "Depreciation And Amortization In Income Statement": NaN,
        "Selling General And Administration": NaN,
        "General And Administrative Expense": NaN,
        "Other Gand A": NaN,
        "Salaries And Wages": NaN,
        "Gross Profit": NaN,
        "Cost Of Revenue": NaN,
        "Total Revenue": NaN,
        "Operating Revenue": NaN
    },
    "2022-12-31": {
        "Tax Effect Of Unusual Items": NaN,
        "Tax Rate For Calcs": NaN,
        "Normalized EBITDA": NaN,
        "Total Unusual Items": NaN,
        "Total Unusual Items Excluding Goodwill": NaN,
        "Net Income From Continuing Operation Net Minority Interest": NaN,
        "Reconciled Depreciation": NaN,
        "Reconciled Cost Of Revenue": NaN,
        "EBITDA": NaN,
        "EBIT": NaN,
        "Net Interest Income": NaN,
        "Interest Expense": NaN,
        "Interest Income": NaN,
        "Normalized Income": NaN,
        "Net Income From Continuing And Discontinued Operation": NaN,
        "Total Expenses": NaN,
        "Total Operating Income As Reported": NaN,
        "Diluted Average Shares": NaN,
        "Basic Average Shares": NaN,
        "Diluted EPS": NaN,
        "Basic EPS": NaN,
        "Diluted NI Availto Com Stockholders": NaN,
        "Average Dilution Earnings": -82194.0,
        "Net Income Common Stockholders": NaN,
        "Otherunder Preferred Stock Dividend": NaN,
        "Net Income": NaN,
        "Net Income Including Noncontrolling Interests": NaN,
        "Net Income Continuous Operations": NaN,
        "Earnings From Equity Interest Net Of Tax": NaN,
        "Tax Provision": NaN,
        "Pretax Income": NaN,
        "Other Income Expense": NaN,
        "Other Non Operating Income Expenses": 77057.0,
        "Special Income Charges": NaN,
        "Impairment Of Capital Assets": NaN,
        "Restructuring And Mergern Acquisition": NaN,
        "Gain On Sale Of Security": 15000.0,
        "Net Non Operating Interest Income Expense": NaN,
        "Interest Expense Non Operating": NaN,
        "Interest Income Non Operating": NaN,
        "Operating Income": NaN,
        "Operating Expense": NaN,
        "Depreciation Amortization Depletion Income Statement": NaN,
        "Depreciation And Amortization In Income Statement": NaN,
        "Selling General And Administration": NaN,
        "General And Administrative Expense": NaN,
        "Other Gand A": NaN,
        "Salaries And Wages": NaN,
        "Gross Profit": NaN,
        "Cost Of Revenue": NaN,
        "Total Revenue": NaN,
        "Operating Revenue": NaN
    },
    "2022-09-30": {
        "Tax Effect Of Unusual Items": NaN,
        "Tax Rate For Calcs": NaN,
        "Normalized EBITDA": NaN,
        "Total Unusual Items": NaN,
        "Total Unusual Items Excluding Goodwill": NaN,
        "Net Income From Continuing Operation Net Minority Interest": NaN,
        "Reconciled Depreciation": NaN,
        "Reconciled Cost Of Revenue": NaN,
        "EBITDA": NaN,
        "EBIT": NaN,
        "Net Interest Income": NaN,
        "Interest Expense": NaN,
        "Interest Income": 91722.0,
        "Normalized Income": NaN,
        "Net Income From Continuing And Discontinued Operation": NaN,
        "Total Expenses": NaN,
        "Total Operating Income As Reported": NaN,
        "Diluted Average Shares": 9793715.0,
        "Basic Average Shares": 9664681.0,
        "Diluted EPS": -0.14,
        "Basic EPS": -0.14,
        "Diluted NI Availto Com Stockholders": NaN,
        "Average Dilution Earnings": -45779.0,
        "Net Income Common Stockholders": NaN,
        "Otherunder Preferred Stock Dividend": 0.0,
        "Net Income": NaN,
        "Net Income Including Noncontrolling Interests": NaN,
        "Net Income Continuous Operations": NaN,
        "Earnings From Equity Interest Net Of Tax": NaN,
        "Tax Provision": NaN,
        "Pretax Income": NaN,
        "Other Income Expense": NaN,
        "Other Non Operating Income Expenses": 45642.0,
        "Special Income Charges": NaN,
        "Gain On Sale Of Ppe": 0.0,
        "Impairment Of Capital Assets": 0.0,
        "Restructuring And Mergern Acquisition": NaN,
        "Gain On Sale Of Security": 10000.0,
        "Net Non Operating Interest Income Expense": NaN,
        "Interest Expense Non Operating": NaN,
        "Interest Income Non Operating": 91722.0,
        "Operating Income": NaN,
        "Operating Expense": NaN,
        "Depreciation Amortization Depletion Income Statement": NaN,
        "Depreciation And Amortization In Income Statement": NaN,
        "Selling General And Administration": NaN,
        "General And Administrative Expense": NaN,
        "Other Gand A": NaN,
        "Salaries And Wages": NaN,
        "Gross Profit": NaN,
        "Cost Of Revenue": NaN,
        "Total Revenue": NaN,
        "Operating Revenue": NaN
    },
    "2022-06-30": {
        "Tax Effect Of Unusual Items": 10678.082635,
        "Tax Rate For Calcs": 0.011241,
        "Normalized EBITDA": 243627.0,
        "Total Unusual Items": 949900.0,
        "Total Unusual Items Excluding Goodwill": 949900.0,
        "Net Income From Continuing Operation Net Minority Interest": 612008.0,
        "Reconciled Depreciation": 425547.0,
        "Reconciled Cost Of Revenue": 929389.0,
        "EBITDA": 1193527.0,
        "EBIT": 767980.0,
        "Net Interest Income": -125348.0,
        "Interest Expense": 125348.0,
        "Interest Income": NaN,
        "Normalized Income": -327213.917365,
        "Net Income From Continuing And Discontinued Operation": 612008.0,
        "Total Expenses": 10472546.0,
        "Total Operating Income As Reported": -488958.0,
        "Diluted Average Shares": 9626143.0,
        "Basic Average Shares": 9498266.0,
        "Diluted EPS": -0.01,
        "Basic EPS": 0.02,
        "Diluted NI Availto Com Stockholders": 377849.0,
        "Average Dilution Earnings": -221669.0,
        "Net Income Common Stockholders": 599518.0,
        "Otherunder Preferred Stock Dividend": 12490.0,
        "Net Income": 612008.0,
        "Net Income Including Noncontrolling Interests": 612008.0,
        "Net Income Continuous Operations": 612008.0,
        "Earnings From Equity Interest Net Of Tax": -23400.0,
        "Tax Provision": 7224.0,
        "Pretax Income": 642632.0,
        "Other Income Expense": 949900.0,
        "Other Non Operating Income Expenses": NaN,
        "Special Income Charges": 670878.0,
        "Gain On Sale Of Ppe": 0.0,
        "Impairment Of Capital Assets": NaN,
        "Restructuring And Mergern Acquisition": -670878.0,
        "Gain On Sale Of Security": 279022.0,
        "Net Non Operating Interest Income Expense": -125348.0,
        "Interest Expense Non Operating": 125348.0,
        "Interest Income Non Operating": NaN,
        "Operating Income": -181920.0,
        "Operating Expense": 9533157.0,
        "Depreciation Amortization Depletion Income Statement": 415547.0,
        "Depreciation And Amortization In Income Statement": 415547.0,
        "Selling General And Administration": 9117610.0,
        "General And Administrative Expense": 9117610.0,
        "Other Gand A": 2133806.0,
        "Salaries And Wages": 6983804.0,
        "Gross Profit": 9351237.0,
        "Cost Of Revenue": 939389.0,
        "Total Revenue": 10290626.0,
        "Operating Revenue": 10290626.0
    },
    "2022-03-31": {
        "Diluted EPS": -0.23,
        "Total Revenue": 9,
        "Gross Profit": 8,
        "Operating Income": -2,
        "EBIT": -1,
        "Net Income": -2
    },
    "2021-12-31": {
        "Diluted EPS": -0.27,
        "Total Revenue": 11,
        "Gross Profit": 9,
        "Operating Income": -3,
        "EBIT": -2,
        "Net Income": -3
    },
    "2021-09-30": {
        "Diluted EPS": 0.02,
        "Total Revenue": 9,
        "Gross Profit": 8,
        "Operating Income": -1,
        "EBIT": -1,
        "Net Income": 0
    },
    "2021-06-30": {
        "Diluted EPS": 0.13,
        "Total Revenue": 9,
        "Gross Profit": 8,
        "Operating Income": 0,
        "EBIT": 1,
        "Net Income": 1
    },
    "2021-03-31": {
        "Diluted EPS": -0.73,
        "Total Revenue": 7,
        "Gross Profit": 6,
        "Operating Income": -2,
        "EBIT": -1,
        "Net Income": -5
    },
    "2020-12-31": {
        "Diluted EPS": 0.03,
        "Total Revenue": 7,
        "Gross Profit": 6,
        "Operating Income": -1,
        "EBIT": 0,
        "Net Income": -1
    },
    "2020-09-30": {
        "Diluted EPS": -0.04,
        "Total Revenue": 6,
        "Gross Profit": 5,
        "Operating Income": 0,
        "EBIT": 0,
        "Net Income": 0
    },
    "2020-06-30": {
        "Diluted EPS": -0.62,
        "Total Revenue": 5,
        "Gross Profit": 5,
        "Operating Income": 0,
        "EBIT": 0,
        "Net Income": -3
    },
    "2020-03-31": {
        "Diluted EPS": 0.05,
        "Total Revenue": 7,
        "Gross Profit": 6,
        "Operating Income": -1,
        "EBIT": 0,
        "Net Income": 2
    },
    "2019-12-31": {
        "Diluted EPS": -0.3,
        "Total Revenue": 6,
        "Gross Profit": 5,
        "Operating Income": -1,
        "EBIT": 1,
        "Net Income": -2
    },
    "2019-09-30": {
        "Diluted EPS": -0.25,
        "Total Revenue": 6,
        "Gross Profit": 4,
        "Operating Income": -1,
        "EBIT": 0,
        "Net Income": 0
    },
    "2019-06-30": {
        "Diluted EPS": -0.25,
        "Total Revenue": 6,
        "Gross Profit": 5,
        "Operating Income": -1,
        "EBIT": -1,
        "Net Income": -1
    },
    "2019-03-31": {
        "Diluted EPS": -0.4,
        "Total Revenue": 6,
        "Gross Profit": 5,
        "Operating Income": -1,
        "EBIT": 0,
        "Net Income": 0
    },
    "2018-12-31": {
        "Diluted EPS": -1.5,
        "Total Revenue": 6,
        "Gross Profit": 5,
        "Operating Income": -4,
        "EBIT": -1,
        "Net Income": -4
    },
    "2018-09-30": {
        "Diluted EPS": 0.05,
        "Total Revenue": 6,
        "Gross Profit": 5,
        "Operating Income": -1,
        "EBIT": 0,
        "Net Income": 0
    },
    "2018-06-30": {
        "Diluted EPS": -0.05,
        "Total Revenue": 5,
        "Gross Profit": 5,
        "Operating Income": 0,
        "EBIT": 0,
        "Net Income": 0
    },
    "2018-03-31": {
        "Diluted EPS": 0.35,
        "Total Revenue": 6,
        "Gross Profit": 5,
        "Operating Income": 0,
        "EBIT": 0,
        "Net Income": 1
    },
    "2017-12-31": {
        "Diluted EPS": -2.85,
        "Total Revenue": 7,
        "Gross Profit": 6,
        "Operating Income": -1,
        "EBIT": 1,
        "Net Income": -3
    },
    "2017-09-30": {
        "Diluted EPS": 2.2,
        "Total Revenue": 7,
        "Gross Profit": 6,
        "Operating Income": 1,
        "EBIT": 2,
        "Net Income": 6
    },
    "2017-06-30": {
        "Diluted EPS": -0.85,
        "Total Revenue": 8,
        "Gross Profit": 5,
        "Operating Income": 0,
        "EBIT": 2,
        "Net Income": -2
    },
    "2017-03-31": {
        "Diluted EPS": 0.5,
        "Total Revenue": 1,
        "Gross Profit": 0,
        "Operating Income": -1,
        "EBIT": 0,
        "Net Income": 5
    },
    "2016-12-31": {
        "Diluted EPS": -1.4,
        "Total Revenue": 8,
        "Gross Profit": -1,
        "Operating Income": -5,
        "EBIT": 4,
        "Net Income": -14
    },
    "2016-09-30": {
        "Diluted EPS": -10.8,
        "Total Revenue": 1,
        "Gross Profit": 0,
        "Operating Income": -11,
        "EBIT": -10,
        "Net Income": -12
    },
    "2016-06-30": {
        "Diluted EPS": -17.6,
        "Total Revenue": 0,
        "Gross Profit": 0,
        "Operating Income": -1,
        "EBIT": -1,
        "Net Income": -8
    },
    "2016-03-31": {
        "Diluted EPS": -18.5,
        "Total Revenue": 0,
        "Gross Profit": 0,
        "Operating Income": -1,
        "EBIT": -1,
        "Net Income": -9
    },
    "2015-12-31": {
        "Diluted EPS": -7.3,
        "Total Revenue": 1,
        "Gross Profit": 0,
        "Operating Income": -2,
        "EBIT": -1,
        "Net Income": -3
    },
    "2015-09-30": {
        "Diluted EPS": -3.5,
        "Total Revenue": 2,
        "Gross Profit": 1,
        "Operating Income": -1,
        "EBIT": 1,
        "Net Income": -1
    },
    "2015-06-30": {
        "Diluted EPS": -5.2,
        "Total Revenue": 0,
        "Gross Profit": 0,
        "Operating Income": -1,
        "EBIT": -1,
        "Net Income": -2
    },
    "2015-03-31": {
        "Diluted EPS": -5.6,
        "Total Revenue": 0,
        "Gross Profit": 0,
        "Operating Income": -2,
        "EBIT": -2,
        "Net Income": -2
    },
    "2014-12-31": {
        "Diluted EPS": 2.0,
        "Total Revenue": 1,
        "Gross Profit": 0,
        "Operating Income": 0,
        "EBIT": 0,
        "Net Income": 0
    },
    "2014-09-30": {
        "Diluted EPS": -2.0,
        "Total Revenue": 1,
        "Gross Profit": 0,
        "Operating Income": 0,
        "EBIT": 0,
        "Net Income": -1
    },
    "2014-06-30": {
        "Diluted EPS": -2.0,
        "Total Revenue": 1,
        "Gross Profit": 1,
        "Operating Income": 0,
        "EBIT": 0,
        "Net Income": 0
    },
    "2014-03-31": {
        "Diluted EPS": -2.0,
        "Total Revenue": 1,
        "Gross Profit": 1,
        "Operating Income": 0,
        "EBIT": 0,
        "Net Income": 0
    },
    "2013-12-31": {
        "Diluted EPS": 0.0,
        "Total Revenue": 1,
        "Gross Profit": 0,
        "Operating Income": 0,
        "EBIT": 0,
        "Net Income": 0
    },
    "2013-09-30": {
        "Diluted EPS": -2.0,
        "Total Revenue": 1,
        "Gross Profit": 0,
        "Operating Income": 0,
        "EBIT": 0,
        "Net Income": 0
    },
    "2013-06-30": {
        "Diluted EPS": -2.0,
        "Total Revenue": 1,
        "Gross Profit": 0,
        "Operating Income": -1,
        "EBIT": -1,
        "Net Income": -1
    },
    "2013-03-31": {
        "Diluted EPS": -2.0,
        "Total Revenue": 1,
        "Gross Profit": 0,
        "Operating Income": -1,
        "EBIT": 0,
        "Net Income": -1
    },
    "2012-12-31": {
        "Diluted EPS": 0.0,
        "Total Revenue": 1,
        "Gross Profit": 0,
        "Operating Income": -1,
        "EBIT": 0,
        "Net Income": -1
    },
    "2012-09-30": {
        "Diluted EPS": -4.0,
        "Total Revenue": 2,
        "Gross Profit": 1,
        "Operating Income": -1,
        "EBIT": 1,
        "Net Income": -1
    },
    "2012-06-30": {
        "Diluted EPS": -2.0,
        "Total Revenue": 1,
        "Gross Profit": 0,
        "Operating Income": -1,
        "EBIT": 0,
        "Net Income": 0
    },
    "2012-03-31": {
        "Diluted EPS": -2.0,
        "Total Revenue": NaN,
        "Gross Profit": NaN,
        "Operating Income": -1,
        "EBIT": -1,
        "Net Income": -1
    },
    "2011-12-31": {
        "Diluted EPS": 0.0,
        "Total Revenue": NaN,
        "Gross Profit": NaN,
        "Operating Income": -1,
        "EBIT": -1,
        "Net Income": 0
    },
    "2011-09-30": {
        "Diluted EPS": -2.0,
        "Total Revenue": NaN,
        "Gross Profit": NaN,
        "Operating Income": 0,
        "EBIT": 0,
        "Net Income": 0
    },
    "2011-06-30": {
        "Diluted EPS": 0.0,
        "Total Revenue": 0,
        "Gross Profit": 0,
        "Operating Income": 0,
        "EBIT": 0,
        "Net Income": 0
    },
    "2011-03-31": {
        "Diluted EPS": 0.0,
        "Total Revenue": 0,
        "Gross Profit": 0,
        "Operating Income": 0,
        "EBIT": 0,
        "Net Income": 0
    },
    "2010-12-31": {
        "Diluted EPS": -2.0,
        "Total Revenue": NaN,
        "Gross Profit": NaN,
        "Operating Income": -3,
        "EBIT": -3,
        "Net Income": -2
    },
    "2010-09-30": {
        "Diluted EPS": -2.0,
        "Total Revenue": 0,
        "Gross Profit": 0,
        "Operating Income": 0,
        "EBIT": 0,
        "Net Income": 0
    },
    "2010-06-30": {
        "Diluted EPS": -2.0,
        "Total Revenue": 0,
        "Gross Profit": 0,
        "Operating Income": -1,
        "EBIT": -1,
        "Net Income": -1
    },
    "2010-03-31": {
        "Diluted EPS": -6.0,
        "Total Revenue": NaN,
        "Gross Profit": NaN,
        "Operating Income": -1,
        "EBIT": -1,
        "Net Income": -2
    },
    "2009-12-31": {
        "Diluted EPS": -2.0,
        "Total Revenue": NaN,
        "Gross Profit": NaN,
        "Operating Income": -1,
        "EBIT": -1,
        "Net Income": -1
    },
    "2009-09-30": {
        "Diluted EPS": -8.0,
        "Total Revenue": NaN,
        "Gross Profit": NaN,
        "Operating Income": -2,
        "EBIT": -2,
        "Net Income": -2
    },
    "2009-06-30": {
        "Diluted EPS": -2.0,
        "Total Revenue": NaN,
        "Gross Profit": NaN,
        "Operating Income": -1,
        "EBIT": -1,
        "Net Income": -1
    },
    "2009-03-31": {
        "Diluted EPS": -6.0,
        "Total Revenue": NaN,
        "Gross Profit": NaN,
        "Operating Income": -1,
        "EBIT": -1,
        "Net Income": -1
    },
    "2023-06-30": {
        "Tax Effect Of Unusual Items": -1371329.61,
        "Tax Rate For Calcs": 0.21,
        "Normalized EBITDA": -264555.0,
        "Total Unusual Items": -6530141.0,
        "Total Unusual Items Excluding Goodwill": -6530141.0,
        "Net Income From Continuing Operation Net Minority Interest": -7959244.0,
        "Reconciled Depreciation": 543939.0,
        "Reconciled Cost Of Revenue": 217245.0,
        "EBITDA": -6794696.0,
        "EBIT": -7338635.0,
        "Net Interest Income": -349533.0,
        "Interest Expense": 452637.0,
        "Interest Income": 103104.0,
        "Normalized Income": -2800432.61,
        "Net Income From Continuing And Discontinued Operation": -7959244.0,
        "Total Expenses": 11940533.0,
        "Total Operating Income As Reported": -7450739.0,
        "Diluted Average Shares": 6606155.0,
        "Basic Average Shares": 6606155.0,
        "Diluted EPS": -1.2,
        "Basic EPS": -1.2,
        "Diluted NI Availto Com Stockholders": -7959244.0,
        "Average Dilution Earnings": 0.0,
        "Net Income Common Stockholders": -7959244.0,
        "Otherunder Preferred Stock Dividend": 0.0,
        "Net Income": -7959244.0,
        "Net Income Including Noncontrolling Interests": -7959244.0,
        "Net Income Continuous Operations": -7959244.0,
        "Earnings From Equity Interest Net Of Tax": -134886.0,
        "Tax Provision": 33086.0,
        "Pretax Income": -7791272.0,
        "Other Income Expense": -6526141.0,
        "Other Non Operating Income Expenses": 4000.0,
        "Special Income Charges": -6535141.0,
        "Write Off": NaN,
        "Impairment Of Capital Assets": 6517400.0,
        "Restructuring And Mergern Acquisition": 17741.0,
        "Gain On Sale Of Security": 5000.0,
        "Net Non Operating Interest Income Expense": -349533.0,
        "Interest Expense Non Operating": 452637.0,
        "Interest Income Non Operating": 103104.0,
        "Operating Income": -915598.0,
        "Operating Expense": 11723288.0,
        "Depreciation Amortization Depletion Income Statement": 543939.0,
        "Depreciation And Amortization In Income Statement": 543939.0,
        "Selling General And Administration": 11179349.0,
        "General And Administrative Expense": 11179349.0,
        "Other Gand A": 2501856.0,
        "Salaries And Wages": 8677493.0,
        "Gross Profit": 10807690.0,
        "Cost Of Revenue": 217245.0,
        "Total Revenue": 11024935.0,
        "Operating Revenue": 11024935.0
    },
    "2023-09-30": {
        "Tax Effect Of Unusual Items": NaN,
        "Tax Rate For Calcs": NaN,
        "Normalized EBITDA": NaN,
        "Total Unusual Items": NaN,
        "Total Unusual Items Excluding Goodwill": NaN,
        "Net Income From Continuing Operation Net Minority Interest": NaN,
        "Reconciled Depreciation": NaN,
        "Reconciled Cost Of Revenue": NaN,
        "EBITDA": NaN,
        "EBIT": NaN,
        "Net Interest Income": NaN,
        "Interest Expense": NaN,
        "Interest Income": NaN,
        "Normalized Income": NaN,
        "Net Income From Continuing And Discontinued Operation": NaN,
        "Total Expenses": NaN,
        "Total Operating Income As Reported": NaN,
        "Diluted Average Shares": 7060638.0,
        "Basic Average Shares": 7060638.0,
        "Diluted EPS": -0.55,
        "Basic EPS": -0.55,
        "Diluted NI Availto Com Stockholders": NaN,
        "Average Dilution Earnings": 0.0,
        "Net Income Common Stockholders": NaN,
        "Otherunder Preferred Stock Dividend": 0.0,
        "Net Income": NaN,
        "Net Income Including Noncontrolling Interests": NaN,
        "Net Income Continuous Operations": NaN,
        "Earnings From Equity Interest Net Of Tax": NaN,
        "Tax Provision": NaN,
        "Pretax Income": NaN,
        "Other Income Expense": NaN,
        "Other Non Operating Income Expenses": NaN,
        "Special Income Charges": NaN,
        "Write Off": 0.0,
        "Impairment Of Capital Assets": 341417.0,
        "Restructuring And Mergern Acquisition": NaN,
        "Gain On Sale Of Security": NaN,
        "Net Non Operating Interest Income Expense": NaN,
        "Interest Expense Non Operating": NaN,
        "Interest Income Non Operating": NaN,
        "Operating Income": NaN,
        "Operating Expense": NaN,
        "Depreciation Amortization Depletion Income Statement": NaN,
        "Depreciation And Amortization In Income Statement": NaN,
        "Selling General And Administration": NaN,
        "Selling And Marketing Expense": NaN,
        "General And Administrative Expense": NaN,
        "Other Gand A": NaN,
        "Salaries And Wages": NaN,
        "Gross Profit": NaN,
        "Cost Of Revenue": NaN,
        "Total Revenue": NaN,
        "Operating Revenue": NaN
    },
    "2024-03-31": {
        "Tax Effect Of Unusual Items": NaN,
        "Tax Rate For Calcs": NaN,
        "Normalized EBITDA": NaN,
        "Total Unusual Items": NaN,
        "Total Unusual Items Excluding Goodwill": NaN,
        "Net Income From Continuing Operation Net Minority Interest": NaN,
        "Reconciled Depreciation": NaN,
        "Reconciled Cost Of Revenue": NaN,
        "EBITDA": NaN,
        "EBIT": NaN,
        "Net Interest Income": NaN,
        "Interest Expense": NaN,
        "Interest Income": NaN,
        "Normalized Income": NaN,
        "Net Income From Continuing And Discontinued Operation": NaN,
        "Total Expenses": NaN,
        "Total Operating Income As Reported": NaN,
        "Diluted Average Shares": NaN,
        "Basic Average Shares": NaN,
        "Diluted EPS": NaN,
        "Basic EPS": NaN,
        "Diluted NI Availto Com Stockholders": NaN,
        "Average Dilution Earnings": NaN,
        "Net Income Common Stockholders": NaN,
        "Otherunder Preferred Stock Dividend": NaN,
        "Net Income": NaN,
        "Net Income Including Noncontrolling Interests": NaN,
        "Net Income Continuous Operations": NaN,
        "Earnings From Equity Interest Net Of Tax": 0.0,
        "Tax Provision": NaN,
        "Pretax Income": NaN,
        "Other Income Expense": NaN,
        "Other Non Operating Income Expenses": NaN,
        "Special Income Charges": NaN,
        "Other Special Charges": NaN,
        "Write Off": NaN,
        "Impairment Of Capital Assets": NaN,
        "Restructuring And Mergern Acquisition": NaN,
        "Gain On Sale Of Security": 5000.0,
        "Net Non Operating Interest Income Expense": NaN,
        "Interest Expense Non Operating": NaN,
        "Interest Income Non Operating": NaN,
        "Operating Income": NaN,
        "Operating Expense": NaN,
        "Depreciation Amortization Depletion Income Statement": NaN,
        "Depreciation And Amortization In Income Statement": NaN,
        "Selling General And Administration": NaN,
        "Selling And Marketing Expense": NaN,
        "General And Administrative Expense": NaN,
        "Other Gand A": NaN,
        "Salaries And Wages": NaN,
        "Gross Profit": NaN,
        "Cost Of Revenue": NaN,
        "Total Revenue": NaN,
        "Operating Revenue": NaN
    },
    "2024-06-30": {
        "Tax Effect Of Unusual Items": NaN,
        "Tax Rate For Calcs": NaN,
        "Normalized EBITDA": NaN,
        "Total Unusual Items": NaN,
        "Total Unusual Items Excluding Goodwill": NaN,
        "Net Income From Continuing Operation Net Minority Interest": NaN,
        "Reconciled Depreciation": NaN,
        "Reconciled Cost Of Revenue": NaN,
        "EBITDA": NaN,
        "EBIT": NaN,
        "Net Interest Income": NaN,
        "Interest Expense": NaN,
        "Interest Income": NaN,
        "Normalized Income": NaN,
        "Net Income From Continuing And Discontinued Operation": NaN,
        "Total Expenses": NaN,
        "Total Operating Income As Reported": NaN,
        "Diluted Average Shares": 9787094.0,
        "Basic Average Shares": 9723155.0,
        "Diluted EPS": -0.17,
        "Basic EPS": -0.17,
        "Diluted NI Availto Com Stockholders": NaN,
        "Average Dilution Earnings": -30137.0,
        "Net Income Common Stockholders": NaN,
        "Otherunder Preferred Stock Dividend": 0.0,
        "Net Income": NaN,
        "Net Income Including Noncontrolling Interests": NaN,
        "Net Income Continuous Operations": NaN,
        "Earnings From Equity Interest Net Of Tax": 0.0,
        "Tax Provision": NaN,
        "Pretax Income": NaN,
        "Other Income Expense": NaN,
        "Other Non Operating Income Expenses": NaN,
        "Special Income Charges": NaN,
        "Other Special Charges": NaN,
        "Write Off": NaN,
        "Impairment Of Capital Assets": 190565.0,
        "Restructuring And Mergern Acquisition": NaN,
        "Gain On Sale Of Security": NaN,
        "Net Non Operating Interest Income Expense": NaN,
        "Interest Expense Non Operating": NaN,
        "Interest Income Non Operating": NaN,
        "Operating Income": NaN,
        "Operating Expense": NaN,
        "Depreciation Amortization Depletion Income Statement": NaN,
        "Depreciation And Amortization In Income Statement": NaN,
        "Selling General And Administration": NaN,
        "Selling And Marketing Expense": NaN,
        "General And Administrative Expense": NaN,
        "Other Gand A": NaN,
        "Salaries And Wages": NaN,
        "Gross Profit": NaN,
        "Cost Of Revenue": NaN,
        "Total Revenue": NaN,
        "Operating Revenue": NaN
    },
    "2024-09-30": {
        "Tax Effect Of Unusual Items": -2156.033905,
        "Tax Rate For Calcs": 0.000273,
        "Normalized EBITDA": 375264.0,
        "Total Unusual Items": -7899790.0,
        "Total Unusual Items Excluding Goodwill": -7899790.0,
        "Net Income From Continuing Operation Net Minority Interest": -8692389.0,
        "Reconciled Depreciation": 636782.0,
        "Reconciled Cost Of Revenue": 254574.0,
        "EBITDA": -7524526.0,
        "EBIT": -8161308.0,
        "Net Interest Income": -530063.0,
        "Interest Expense": 533454.0,
        "Interest Income": 3391.0,
        "Normalized Income": -794755.033905,
        "Net Income From Continuing And Discontinued Operation": -8692389.0,
        "Total Expenses": 12937346.0,
        "Total Operating Income As Reported": -8154699.0,
        "Diluted Average Shares": 10930286.0,
        "Basic Average Shares": 10930286.0,
        "Diluted EPS": -0.8,
        "Basic EPS": -0.8,
        "Diluted NI Availto Com Stockholders": -8692389.0,
        "Average Dilution Earnings": 0.0,
        "Net Income Common Stockholders": -8692389.0,
        "Otherunder Preferred Stock Dividend": 0.0,
        "Net Income": -8692389.0,
        "Net Income Including Noncontrolling Interests": -8692389.0,
        "Net Income Continuous Operations": -8692389.0,
        "Earnings From Equity Interest Net Of Tax": 0.0,
        "Tax Provision": -2373.0,
        "Pretax Income": -8694762.0,
        "Other Income Expense": -7909790.0,
        "Other Non Operating Income Expenses": -10000.0,
        "Special Income Charges": -7899790.0,
        "Other Special Charges": NaN,
        "Write Off": 1270000.0,
        "Impairment Of Capital Assets": 6480992.0,
        "Restructuring And Mergern Acquisition": 148798.0,
        "Gain On Sale Of Security": NaN,
        "Net Non Operating Interest Income Expense": -530063.0,
        "Interest Expense Non Operating": 533454.0,
        "Interest Income Non Operating": 3391.0,
        "Operating Income": -254909.0,
        "Operating Expense": 12682772.0,
        "Depreciation Amortization Depletion Income Statement": 636782.0,
        "Depreciation And Amortization In Income Statement": 636782.0,
        "Selling General And Administration": 12045990.0,
        "Selling And Marketing Expense": 1838765.0,
        "General And Administrative Expense": 10207225.0,
        "Other Gand A": 631629.0,
        "Salaries And Wages": 9575596.0,
        "Gross Profit": 12427863.0,
        "Cost Of Revenue": 254574.0,
        "Total Revenue": 12682437.0,
        "Operating Revenue": 12682437.0
    },
    "2024-12-31": {
        "Tax Effect Of Unusual Items": -10500.0,
        "Tax Rate For Calcs": 0.21,
        "Normalized EBITDA": -707296.0,
        "Total Unusual Items": -50000.0,
        "Total Unusual Items Excluding Goodwill": -50000.0,
        "Net Income From Continuing Operation Net Minority Interest": -1959611.0,
        "Reconciled Depreciation": 636782.0,
        "Reconciled Cost Of Revenue": 476418.0,
        "EBITDA": -757296.0,
        "EBIT": -1394078.0,
        "Net Interest Income": -520914.0,
        "Interest Expense": 522385.0,
        "Interest Income": 1471.0,
        "Normalized Income": -1920111.0,
        "Net Income From Continuing And Discontinued Operation": -1959611.0,
        "Total Expenses": 13643115.0,
        "Total Operating Income As Reported": -1375549.0,
        "Diluted Average Shares": NaN,
        "Basic Average Shares": NaN,
        "Diluted EPS": NaN,
        "Basic EPS": NaN,
        "Diluted NI Availto Com Stockholders": -1959611.0,
        "Average Dilution Earnings": NaN,
        "Net Income Common Stockholders": -1959611.0,
        "Otherunder Preferred Stock Dividend": NaN,
        "Net Income": -1959611.0,
        "Net Income Including Noncontrolling Interests": -1959611.0,
        "Net Income Continuous Operations": -1959611.0,
        "Earnings From Equity Interest Net Of Tax": 0.0,
        "Tax Provision": 43148.0,
        "Pretax Income": -1916463.0,
        "Other Income Expense": -70000.0,
        "Other Non Operating Income Expenses": -20000.0,
        "Special Income Charges": -50000.0,
        "Other Special Charges": NaN,
        "Write Off": 0.0,
        "Impairment Of Capital Assets": 0.0,
        "Restructuring And Mergern Acquisition": 50000.0,
        "Gain On Sale Of Security": 0.0,
        "Net Non Operating Interest Income Expense": -520914.0,
        "Interest Expense Non Operating": 522385.0,
        "Interest Income Non Operating": 1471.0,
        "Operating Income": -1325549.0,
        "Operating Expense": 13166697.0,
        "Depreciation Amortization Depletion Income Statement": 636782.0,
        "Depreciation And Amortization In Income Statement": 636782.0,
        "Selling General And Administration": 12529915.0,
        "Selling And Marketing Expense": 2130245.0,
        "General And Administrative Expense": 10399670.0,
        "Other Gand A": 621495.0,
        "Salaries And Wages": 9778175.0,
        "Gross Profit": 11841148.0,
        "Cost Of Revenue": 476418.0,
        "Total Revenue": 12317566.0,
        "Operating Revenue": 12317566.0
    },
    "2023-12-31": {
        "Tax Effect Of Unusual Items": NaN,
        "Tax Rate For Calcs": NaN,
        "Normalized EBITDA": NaN,
        "Total Unusual Items": NaN,
        "Total Unusual Items Excluding Goodwill": NaN,
        "Net Income From Continuing Operation Net Minority Interest": NaN,
        "Reconciled Depreciation": NaN,
        "Reconciled Cost Of Revenue": NaN,
        "EBITDA": NaN,
        "EBIT": NaN,
        "Net Interest Income": NaN,
        "Interest Expense": NaN,
        "Interest Income": NaN,
        "Normalized Income": NaN,
        "Net Income From Continuing And Discontinued Operation": NaN,
        "Total Expenses": NaN,
        "Total Operating Income As Reported": NaN,
        "Diluted Average Shares": NaN,
        "Basic Average Shares": NaN,
        "Diluted EPS": NaN,
        "Basic EPS": NaN,
        "Diluted NI Availto Com Stockholders": NaN,
        "Average Dilution Earnings": 0.0,
        "Net Income Common Stockholders": NaN,
        "Otherunder Preferred Stock Dividend": 0.0,
        "Net Income": NaN,
        "Net Income Including Noncontrolling Interests": NaN,
        "Net Income Continuous Operations": NaN,
        "Earnings From Equity Interest Net Of Tax": -681694.0,
        "Tax Provision": NaN,
        "Pretax Income": NaN,
        "Other Income Expense": NaN,
        "Other Non Operating Income Expenses": NaN,
        "Special Income Charges": NaN,
        "Other Special Charges": NaN,
        "Write Off": NaN,
        "Impairment Of Capital Assets": 2966815.0,
        "Restructuring And Mergern Acquisition": NaN,
        "Gain On Sale Of Security": 5000.0,
        "Net Non Operating Interest Income Expense": NaN,
        "Interest Expense Non Operating": NaN,
        "Interest Income Non Operating": NaN,
        "Operating Income": NaN,
        "Operating Expense": NaN,
        "Depreciation Amortization Depletion Income Statement": NaN,
        "Depreciation And Amortization In Income Statement": NaN,
        "Selling General And Administration": NaN,
        "Selling And Marketing Expense": NaN,
        "General And Administrative Expense": NaN,
        "Other Gand A": NaN,
        "Salaries And Wages": NaN,
        "Gross Profit": NaN,
        "Cost Of Revenue": NaN,
        "Total Revenue": NaN,
        "Operating Revenue": NaN
    },
    "2025-03-31": {
        "Tax Effect Of Unusual Items": -87395.91,
        "Tax Rate For Calcs": 0.21,
        "Normalized EBITDA": -739729.0,
        "Total Unusual Items": -416171.0,
        "Total Unusual Items Excluding Goodwill": -416171.0,
        "Net Income From Continuing Operation Net Minority Interest": -2329062.0,
        "Reconciled Depreciation": 591552.0,
        "Reconciled Cost Of Revenue": 344414.0,
        "EBITDA": -1155900.0,
        "EBIT": -1747452.0,
        "Net Interest Income": -554013.0,
        "Interest Expense": 560088.0,
        "Interest Income": 6075.0,
        "Normalized Income": -2000286.91,
        "Net Income From Continuing And Discontinued Operation": -2329062.0,
        "Total Expenses": 13527067.0,
        "Total Operating Income As Reported": -1773527.0,
        "Diluted Average Shares": 11162026.0,
        "Basic Average Shares": 11162026.0,
        "Diluted EPS": -0.21,
        "Basic EPS": -0.21,
        "Diluted NI Availto Com Stockholders": -2329062.0,
        "Average Dilution Earnings": NaN,
        "Net Income Common Stockholders": -2329062.0,
        "Otherunder Preferred Stock Dividend": NaN,
        "Net Income": -2329062.0,
        "Net Income Including Noncontrolling Interests": -2329062.0,
        "Net Income Continuous Operations": -2329062.0,
        "Earnings From Equity Interest Net Of Tax": NaN,
        "Tax Provision": 21522.0,
        "Pretax Income": -2307540.0,
        "Other Income Expense": -396171.0,
        "Other Non Operating Income Expenses": 20000.0,
        "Special Income Charges": -416171.0,
        "Other Special Charges": NaN,
        "Write Off": NaN,
        "Impairment Of Capital Assets": NaN,
        "Restructuring And Mergern Acquisition": 416171.0,
        "Gain On Sale Of Security": NaN,
        "Net Non Operating Interest Income Expense": -554013.0,
        "Interest Expense Non Operating": 560088.0,
        "Interest Income Non Operating": 6075.0,
        "Operating Income": -1357356.0,
        "Operating Expense": 13182653.0,
        "Depreciation Amortization Depletion Income Statement": 591552.0,
        "Depreciation And Amortization In Income Statement": 591552.0,
        "Selling General And Administration": 12591101.0,
        "Selling And Marketing Expense": 1772444.0,
        "General And Administrative Expense": 10818657.0,
        "Other Gand A": 514424.0,
        "Salaries And Wages": 10304233.0,
        "Gross Profit": 11825297.0,
        "Cost Of Revenue": 344414.0,
        "Total Revenue": 12169711.0,
        "Operating Revenue": 12169711.0
    },
    "2025-06-30": {
        "Tax Effect Of Unusual Items": -175418.04,
        "Tax Rate For Calcs": 0.21,
        "Normalized EBITDA": 595703.0,
        "Total Unusual Items": -835324.0,
        "Total Unusual Items Excluding Goodwill": -835324.0,
        "Net Income From Continuing Operation Net Minority Interest": -1413918.0,
        "Reconciled Depreciation": 591552.0,
        "Reconciled Cost Of Revenue": 742171.0,
        "EBITDA": -239621.0,
        "EBIT": -831173.0,
        "Net Interest Income": -550017.0,
        "Interest Expense": 561222.0,
        "Interest Income": 11205.0,
        "Normalized Income": -754012.04,
        "Net Income From Continuing And Discontinued Operation": -1413918.0,
        "Total Expenses": 14144583.0,
        "Total Operating Income As Reported": -57054.0,
        "Diluted Average Shares": 11232511.0,
        "Basic Average Shares": 11168572.0,
        "Diluted EPS": -0.13,
        "Basic EPS": -0.13,
        "Diluted NI Availto Com Stockholders": -1454055.0,
        "Average Dilution Earnings": -40137.0,
        "Net Income Common Stockholders": -1413918.0,
        "Otherunder Preferred Stock Dividend": 0.0,
        "Net Income": -1413918.0,
        "Net Income Including Noncontrolling Interests": -1413918.0,
        "Net Income Continuous Operations": -1413918.0,
        "Earnings From Equity Interest Net Of Tax": NaN,
        "Tax Provision": 21523.0,
        "Pretax Income": -1392395.0,
        "Other Income Expense": -785324.0,
        "Other Non Operating Income Expenses": 50000.0,
        "Special Income Charges": -835324.0,
        "Other Special Charges": 835324.0,
        "Write Off": NaN,
        "Impairment Of Capital Assets": 0.0,
        "Restructuring And Mergern Acquisition": 0.0,
        "Gain On Sale Of Security": NaN,
        "Net Non Operating Interest Income Expense": -550017.0,
        "Interest Expense Non Operating": 561222.0,
        "Interest Income Non Operating": 11205.0,
        "Operating Income": -57054.0,
        "Operating Expense": 13402412.0,
        "Depreciation Amortization Depletion Income Statement": 591552.0,
        "Depreciation And Amortization In Income Statement": 591552.0,
        "Selling General And Administration": 12810860.0,
        "Selling And Marketing Expense": 1922336.0,
        "General And Administrative Expense": 10888524.0,
        "Other Gand A": 586232.0,
        "Salaries And Wages": 10302292.0,
        "Gross Profit": 13345358.0,
        "Cost Of Revenue": 742171.0,
        "Total Revenue": 14087529.0,
        "Operating Revenue": 14087529.0
    },
    "2025-09-30": {
        "Tax Effect Of Unusual Items": 0.0,
        "Tax Rate For Calcs": 0.0,
        "Normalized EBITDA": 851848.0,
        "Total Unusual Items": 0.0,
        "Total Unusual Items Excluding Goodwill": 0.0,
        "Net Income From Continuing Operation Net Minority Interest": -365494.0,
        "Reconciled Depreciation": 589388.0,
        "Reconciled Cost Of Revenue": 643931.0,
        "EBITDA": 851848.0,
        "EBIT": 262460.0,
        "Net Interest Income": -623790.0,
        "Interest Expense": 627954.0,
        "Interest Income": 4164.0,
        "Normalized Income": -365494.0,
        "Net Income From Continuing And Discontinued Operation": -365494.0,
        "Total Expenses": 14488013.0,
        "Total Operating Income As Reported": 308296.0,
        "Diluted Average Shares": 11770195.0,
        "Basic Average Shares": 11770195.0,
        "Diluted EPS": -0.03,
        "Basic EPS": -0.03,
        "Diluted NI Availto Com Stockholders": -365494.0,
        "Average Dilution Earnings": NaN,
        "Net Income Common Stockholders": -365494.0,
        "Otherunder Preferred Stock Dividend": NaN,
        "Net Income": -365494.0,
        "Net Income Including Noncontrolling Interests": -365494.0,
        "Net Income Continuous Operations": -365494.0,
        "Earnings From Equity Interest Net Of Tax": NaN,
        "Tax Provision": 0.0,
        "Pretax Income": -365494.0,
        "Other Income Expense": -50000.0,
        "Other Non Operating Income Expenses": -50000.0,
        "Special Income Charges": 0.0,
        "Other Special Charges": NaN,
        "Write Off": 0.0,
        "Impairment Of Capital Assets": 0.0,
        "Restructuring And Mergern Acquisition": 0.0,
        "Gain On Sale Of Security": NaN,
        "Net Non Operating Interest Income Expense": -623790.0,
        "Interest Expense Non Operating": 627954.0,
        "Interest Income Non Operating": 4164.0,
        "Operating Income": 308296.0,
        "Operating Expense": 13844082.0,
        "Depreciation Amortization Depletion Income Statement": 589388.0,
        "Depreciation And Amortization In Income Statement": 589388.0,
        "Selling General And Administration": 13254694.0,
        "Selling And Marketing Expense": 2041440.0,
        "General And Administrative Expense": 11213254.0,
        "Other Gand A": 815695.0,
        "Salaries And Wages": 10397559.0,
        "Gross Profit": 14152378.0,
        "Cost Of Revenue": 643931.0,
        "Total Revenue": 14796309.0,
        "Operating Revenue": 14796309.0
    }
}