{
    "2023-12-31": {
        "Tax Effect Of Unusual Items": NaN,
        "Tax Rate For Calcs": NaN,
        "Normalized EBITDA": NaN,
        "Total Unusual Items": NaN,
        "Total Unusual Items Excluding Goodwill": NaN,
        "Net Income From Continuing Operation Net Minority Interest": NaN,
        "Reconciled Depreciation": NaN,
        "Reconciled Cost Of Revenue": NaN,
        "EBITDA": NaN,
        "EBIT": NaN,
        "Net Interest Income": NaN,
        "Interest Expense": NaN,
        "Interest Income": NaN,
        "Normalized Income": NaN,
        "Net Income From Continuing And Discontinued Operation": NaN,
        "Total Expenses": NaN,
        "Diluted Average Shares": NaN,
        "Basic Average Shares": NaN,
        "Diluted EPS": NaN,
        "Basic EPS": NaN,
        "Diluted NI Availto Com Stockholders": NaN,
        "Net Income Common Stockholders": NaN,
        "Net Income": NaN,
        "Net Income Including Noncontrolling Interests": NaN,
        "Net Income Discontinuous Operations": NaN,
        "Net Income Continuous Operations": NaN,
        "Tax Provision": NaN,
        "Pretax Income": NaN,
        "Other Income Expense": NaN,
        "Other Non Operating Income Expenses": NaN,
        "Special Income Charges": NaN,
        "Gain On Sale Of Ppe": 0.0,
        "Gain On Sale Of Business": NaN,
        "Earnings From Equity Interest": NaN,
        "Gain On Sale Of Security": NaN,
        "Net Non Operating Interest Income Expense": NaN,
        "Total Other Finance Cost": 2257000.0,
        "Interest Expense Non Operating": NaN,
        "Interest Income Non Operating": NaN,
        "Operating Income": NaN,
        "Operating Expense": NaN,
        "Other Operating Expenses": NaN,
        "Selling General And Administration": NaN,
        "Selling And Marketing Expense": 0.0,
        "General And Administrative Expense": NaN,
        "Other Gand A": NaN,
        "Gross Profit": NaN,
        "Cost Of Revenue": NaN,
        "Total Revenue": NaN,
        "Operating Revenue": NaN
    },
    "2023-09-30": {
        "Tax Effect Of Unusual Items": NaN,
        "Tax Rate For Calcs": NaN,
        "Normalized EBITDA": NaN,
        "Total Unusual Items": NaN,
        "Total Unusual Items Excluding Goodwill": NaN,
        "Net Income From Continuing Operation Net Minority Interest": NaN,
        "Reconciled Depreciation": NaN,
        "Reconciled Cost Of Revenue": NaN,
        "EBITDA": NaN,
        "EBIT": NaN,
        "Net Interest Income": NaN,
        "Interest Expense": NaN,
        "Interest Income": NaN,
        "Normalized Income": NaN,
        "Net Income From Continuing And Discontinued Operation": NaN,
        "Total Expenses": NaN,
        "Diluted Average Shares": 847684000.0,
        "Basic Average Shares": 840036000.0,
        "Diluted EPS": 0.07,
        "Basic EPS": 0.07,
        "Diluted NI Availto Com Stockholders": NaN,
        "Net Income Common Stockholders": NaN,
        "Net Income": NaN,
        "Net Income Including Noncontrolling Interests": NaN,
        "Net Income Discontinuous Operations": 321000.0,
        "Net Income Continuous Operations": NaN,
        "Tax Provision": NaN,
        "Pretax Income": NaN,
        "Other Income Expense": NaN,
        "Other Non Operating Income Expenses": NaN,
        "Special Income Charges": NaN,
        "Gain On Sale Of Ppe": 0.0,
        "Gain On Sale Of Business": NaN,
        "Earnings From Equity Interest": NaN,
        "Gain On Sale Of Security": NaN,
        "Net Non Operating Interest Income Expense": NaN,
        "Total Other Finance Cost": 736000.0,
        "Interest Expense Non Operating": NaN,
        "Interest Income Non Operating": NaN,
        "Operating Income": NaN,
        "Operating Expense": NaN,
        "Other Operating Expenses": NaN,
        "Selling General And Administration": NaN,
        "Selling And Marketing Expense": 0.0,
        "General And Administrative Expense": NaN,
        "Other Gand A": NaN,
        "Salaries And Wages": 5000.0,
        "Gross Profit": NaN,
        "Cost Of Revenue": NaN,
        "Total Revenue": NaN,
        "Operating Revenue": NaN
    },
    "2023-06-30": {
        "Tax Effect Of Unusual Items": NaN,
        "Tax Rate For Calcs": NaN,
        "Normalized EBITDA": NaN,
        "Total Unusual Items": NaN,
        "Total Unusual Items Excluding Goodwill": NaN,
        "Net Income From Continuing Operation Net Minority Interest": NaN,
        "Reconciled Depreciation": NaN,
        "Reconciled Cost Of Revenue": NaN,
        "EBITDA": NaN,
        "EBIT": NaN,
        "Net Interest Income": NaN,
        "Interest Expense": NaN,
        "Interest Income": NaN,
        "Normalized Income": NaN,
        "Net Income From Continuing And Discontinued Operation": NaN,
        "Total Expenses": NaN,
        "Diluted Average Shares": 845425000.0,
        "Basic Average Shares": 835660000.0,
        "Diluted EPS": 7.2e-05,
        "Basic EPS": 7.3e-05,
        "Diluted NI Availto Com Stockholders": NaN,
        "Net Income Common Stockholders": NaN,
        "Net Income": NaN,
        "Net Income Including Noncontrolling Interests": NaN,
        "Net Income Discontinuous Operations": 406000.0,
        "Net Income Continuous Operations": NaN,
        "Tax Provision": NaN,
        "Pretax Income": NaN,
        "Other Income Expense": NaN,
        "Other Non Operating Income Expenses": NaN,
        "Special Income Charges": 1299000.0,
        "Gain On Sale Of Ppe": 1299000.0,
        "Earnings From Equity Interest": NaN,
        "Gain On Sale Of Security": NaN,
        "Net Non Operating Interest Income Expense": NaN,
        "Total Other Finance Cost": 1213000.0,
        "Interest Expense Non Operating": NaN,
        "Interest Income Non Operating": NaN,
        "Operating Income": NaN,
        "Operating Expense": NaN,
        "Other Operating Expenses": NaN,
        "Selling General And Administration": NaN,
        "Selling And Marketing Expense": NaN,
        "General And Administrative Expense": NaN,
        "Other Gand A": NaN,
        "Salaries And Wages": 5000.0,
        "Gross Profit": NaN,
        "Cost Of Revenue": NaN,
        "Total Revenue": NaN,
        "Operating Revenue": NaN
    },
    "2023-03-31": {
        "Tax Effect Of Unusual Items": NaN,
        "Tax Rate For Calcs": NaN,
        "Normalized EBITDA": NaN,
        "Total Unusual Items": NaN,
        "Total Unusual Items Excluding Goodwill": NaN,
        "Net Income From Continuing Operation Net Minority Interest": NaN,
        "Reconciled Depreciation": NaN,
        "Reconciled Cost Of Revenue": NaN,
        "EBITDA": NaN,
        "EBIT": NaN,
        "Net Interest Income": NaN,
        "Interest Expense": NaN,
        "Interest Income": NaN,
        "Normalized Income": NaN,
        "Net Income From Continuing And Discontinued Operation": NaN,
        "Total Expenses": NaN,
        "Diluted Average Shares": 832826000.0,
        "Basic Average Shares": 832826000.0,
        "Diluted EPS": -0.002882,
        "Basic EPS": -0.002882,
        "Diluted NI Availto Com Stockholders": NaN,
        "Net Income Common Stockholders": NaN,
        "Net Income": NaN,
        "Net Income Including Noncontrolling Interests": NaN,
        "Net Income Discontinuous Operations": 434000.0,
        "Net Income Continuous Operations": NaN,
        "Tax Provision": NaN,
        "Pretax Income": NaN,
        "Other Income Expense": NaN,
        "Other Non Operating Income Expenses": NaN,
        "Special Income Charges": NaN,
        "Gain On Sale Of Ppe": NaN,
        "Earnings From Equity Interest": NaN,
        "Gain On Sale Of Security": NaN,
        "Net Non Operating Interest Income Expense": NaN,
        "Total Other Finance Cost": NaN,
        "Interest Expense Non Operating": NaN,
        "Interest Income Non Operating": NaN,
        "Operating Income": NaN,
        "Operating Expense": NaN,
        "Other Operating Expenses": NaN,
        "Selling General And Administration": NaN,
        "Selling And Marketing Expense": NaN,
        "General And Administrative Expense": NaN,
        "Other Gand A": NaN,
        "Salaries And Wages": NaN,
        "Gross Profit": NaN,
        "Cost Of Revenue": NaN,
        "Total Revenue": NaN,
        "Operating Revenue": NaN
    },
    "2024-03-31": {
        "Tax Effect Of Unusual Items": NaN,
        "Tax Rate For Calcs": NaN,
        "Normalized EBITDA": NaN,
        "Total Unusual Items": NaN,
        "Total Unusual Items Excluding Goodwill": NaN,
        "Net Income From Continuing Operation Net Minority Interest": NaN,
        "Reconciled Depreciation": NaN,
        "Reconciled Cost Of Revenue": NaN,
        "EBITDA": NaN,
        "EBIT": NaN,
        "Net Interest Income": NaN,
        "Interest Expense": NaN,
        "Interest Income": NaN,
        "Normalized Income": NaN,
        "Net Income From Continuing And Discontinued Operation": NaN,
        "Total Expenses": NaN,
        "Diluted Average Shares": NaN,
        "Basic Average Shares": NaN,
        "Diluted EPS": NaN,
        "Basic EPS": NaN,
        "Diluted NI Availto Com Stockholders": NaN,
        "Net Income Common Stockholders": NaN,
        "Net Income": NaN,
        "Net Income Including Noncontrolling Interests": NaN,
        "Net Income Discontinuous Operations": NaN,
        "Net Income Continuous Operations": NaN,
        "Tax Provision": NaN,
        "Pretax Income": NaN,
        "Other Income Expense": NaN,
        "Other Non Operating Income Expenses": NaN,
        "Special Income Charges": 0.0,
        "Gain On Sale Of Ppe": NaN,
        "Gain On Sale Of Business": 0.0,
        "Earnings From Equity Interest": NaN,
        "Gain On Sale Of Security": NaN,
        "Net Non Operating Interest Income Expense": NaN,
        "Total Other Finance Cost": NaN,
        "Interest Expense Non Operating": NaN,
        "Interest Income Non Operating": NaN,
        "Operating Income": NaN,
        "Operating Expense": NaN,
        "Other Operating Expenses": NaN,
        "Selling General And Administration": NaN,
        "General And Administrative Expense": NaN,
        "Other Gand A": NaN,
        "Gross Profit": NaN,
        "Cost Of Revenue": NaN,
        "Total Revenue": NaN,
        "Operating Revenue": NaN
    },
    "2022-12-31": {
        "Tax Effect Of Unusual Items": NaN,
        "Tax Rate For Calcs": NaN,
        "Normalized EBITDA": NaN,
        "Total Unusual Items": NaN,
        "Total Unusual Items Excluding Goodwill": NaN,
        "Net Income From Continuing Operation Net Minority Interest": NaN,
        "Reconciled Depreciation": NaN,
        "Reconciled Cost Of Revenue": NaN,
        "EBITDA": NaN,
        "EBIT": NaN,
        "Net Interest Income": NaN,
        "Interest Expense": NaN,
        "Interest Income": NaN,
        "Normalized Income": NaN,
        "Net Income From Continuing And Discontinued Operation": NaN,
        "Total Expenses": NaN,
        "Diluted Average Shares": NaN,
        "Basic Average Shares": NaN,
        "Diluted EPS": NaN,
        "Basic EPS": NaN,
        "Diluted NI Availto Com Stockholders": NaN,
        "Net Income Common Stockholders": NaN,
        "Net Income": NaN,
        "Net Income Including Noncontrolling Interests": NaN,
        "Net Income Discontinuous Operations": NaN,
        "Net Income Continuous Operations": NaN,
        "Tax Provision": NaN,
        "Pretax Income": NaN,
        "Other Income Expense": NaN,
        "Other Non Operating Income Expenses": NaN,
        "Special Income Charges": 3000.0,
        "Gain On Sale Of Ppe": 3000.0,
        "Earnings From Equity Interest": NaN,
        "Gain On Sale Of Security": NaN,
        "Net Non Operating Interest Income Expense": NaN,
        "Total Other Finance Cost": NaN,
        "Interest Expense Non Operating": NaN,
        "Interest Income Non Operating": NaN,
        "Operating Income": NaN,
        "Operating Expense": NaN,
        "Other Operating Expenses": NaN,
        "Selling General And Administration": NaN,
        "Selling And Marketing Expense": 0.0,
        "General And Administrative Expense": NaN,
        "Other Gand A": NaN,
        "Salaries And Wages": NaN,
        "Gross Profit": NaN,
        "Cost Of Revenue": NaN,
        "Total Revenue": NaN,
        "Operating Revenue": NaN
    },
    "2022-09-30": {
        "Tax Effect Of Unusual Items": NaN,
        "Tax Rate For Calcs": NaN,
        "Normalized EBITDA": NaN,
        "Total Unusual Items": NaN,
        "Total Unusual Items Excluding Goodwill": NaN,
        "Net Income From Continuing Operation Net Minority Interest": NaN,
        "Reconciled Depreciation": NaN,
        "Reconciled Cost Of Revenue": NaN,
        "EBITDA": NaN,
        "EBIT": NaN,
        "Net Interest Income": NaN,
        "Interest Expense": NaN,
        "Interest Income": NaN,
        "Normalized Income": NaN,
        "Net Income From Continuing And Discontinued Operation": NaN,
        "Total Expenses": NaN,
        "Diluted Average Shares": 819228000.0,
        "Basic Average Shares": 819228000.0,
        "Diluted EPS": -0.01,
        "Basic EPS": -0.01,
        "Diluted NI Availto Com Stockholders": NaN,
        "Net Income Common Stockholders": NaN,
        "Net Income": NaN,
        "Net Income Including Noncontrolling Interests": NaN,
        "Net Income Discontinuous Operations": NaN,
        "Net Income Continuous Operations": NaN,
        "Tax Provision": NaN,
        "Pretax Income": NaN,
        "Other Income Expense": NaN,
        "Other Non Operating Income Expenses": NaN,
        "Special Income Charges": 8000.0,
        "Gain On Sale Of Ppe": 8000.0,
        "Earnings From Equity Interest": NaN,
        "Gain On Sale Of Security": NaN,
        "Net Non Operating Interest Income Expense": NaN,
        "Total Other Finance Cost": 356000.0,
        "Interest Expense Non Operating": NaN,
        "Interest Income Non Operating": NaN,
        "Operating Income": NaN,
        "Operating Expense": NaN,
        "Other Operating Expenses": NaN,
        "Selling General And Administration": NaN,
        "Selling And Marketing Expense": 14000.0,
        "General And Administrative Expense": NaN,
        "Other Gand A": NaN,
        "Salaries And Wages": 5000.0,
        "Gross Profit": NaN,
        "Cost Of Revenue": NaN,
        "Total Revenue": NaN,
        "Operating Revenue": NaN
    },
    "2024-06-30": {
        "Tax Effect Of Unusual Items": NaN,
        "Tax Rate For Calcs": NaN,
        "Normalized EBITDA": NaN,
        "Total Unusual Items": NaN,
        "Total Unusual Items Excluding Goodwill": NaN,
        "Net Income From Continuing Operation Net Minority Interest": NaN,
        "Reconciled Depreciation": NaN,
        "Reconciled Cost Of Revenue": NaN,
        "EBITDA": NaN,
        "EBIT": NaN,
        "Net Interest Income": NaN,
        "Interest Expense": NaN,
        "Interest Income": NaN,
        "Normalized Income": NaN,
        "Net Income From Continuing And Discontinued Operation": NaN,
        "Total Expenses": NaN,
        "Diluted Average Shares": 892230000.0,
        "Basic Average Shares": 892230000.0,
        "Diluted EPS": -0.02,
        "Basic EPS": -0.02,
        "Diluted NI Availto Com Stockholders": NaN,
        "Net Income Common Stockholders": NaN,
        "Net Income": NaN,
        "Net Income Including Noncontrolling Interests": NaN,
        "Net Income Discontinuous Operations": 471000.0,
        "Net Income Continuous Operations": NaN,
        "Tax Provision": NaN,
        "Pretax Income": NaN,
        "Other Income Expense": NaN,
        "Other Non Operating Income Expenses": NaN,
        "Special Income Charges": 0.0,
        "Gain On Sale Of Ppe": 0.0,
        "Gain On Sale Of Business": NaN,
        "Earnings From Equity Interest": NaN,
        "Gain On Sale Of Security": NaN,
        "Net Non Operating Interest Income Expense": NaN,
        "Total Other Finance Cost": 1240000.0,
        "Interest Expense Non Operating": NaN,
        "Interest Income Non Operating": NaN,
        "Operating Income": NaN,
        "Operating Expense": NaN,
        "Other Operating Expenses": NaN,
        "Selling General And Administration": NaN,
        "General And Administrative Expense": NaN,
        "Other Gand A": NaN,
        "Gross Profit": NaN,
        "Cost Of Revenue": NaN,
        "Total Revenue": NaN,
        "Operating Revenue": NaN
    },
    "2024-09-30": {
        "Tax Effect Of Unusual Items": -72902.248101,
        "Tax Rate For Calcs": 0.006401,
        "Normalized EBITDA": -12235000.0,
        "Total Unusual Items": -11389000.0,
        "Total Unusual Items Excluding Goodwill": -11389000.0,
        "Net Income From Continuing Operation Net Minority Interest": -25767000.0,
        "Reconciled Depreciation": 2309000.0,
        "Reconciled Cost Of Revenue": 1030000.0,
        "EBITDA": -23624000.0,
        "EBIT": -25933000.0,
        "Net Interest Income": 1113000.0,
        "Interest Expense": 0.0,
        "Interest Income": 1889000.0,
        "Normalized Income": -14450902.248101,
        "Net Income From Continuing And Discontinued Operation": -25767000.0,
        "Total Expenses": 16468000.0,
        "Diluted Average Shares": 892468000.0,
        "Basic Average Shares": 892468000.0,
        "Diluted EPS": -0.03,
        "Basic EPS": -0.03,
        "Diluted NI Availto Com Stockholders": -25767000.0,
        "Net Income Common Stockholders": -25767000.0,
        "Net Income": -25767000.0,
        "Net Income Including Noncontrolling Interests": -25767000.0,
        "Net Income Discontinuous Operations": 0.0,
        "Net Income Continuous Operations": -25767000.0,
        "Tax Provision": -166000.0,
        "Pretax Income": -25933000.0,
        "Other Income Expense": -11273000.0,
        "Other Non Operating Income Expenses": 720000.0,
        "Special Income Charges": 20000.0,
        "Gain On Sale Of Ppe": 20000.0,
        "Gain On Sale Of Business": NaN,
        "Earnings From Equity Interest": -604000.0,
        "Gain On Sale Of Security": -11389000.0,
        "Net Non Operating Interest Income Expense": 1113000.0,
        "Total Other Finance Cost": 776000.0,
        "Interest Expense Non Operating": 0.0,
        "Interest Income Non Operating": 1889000.0,
        "Operating Income": -15773000.0,
        "Operating Expense": 15438000.0,
        "Other Operating Expenses": 11886000.0,
        "Selling General And Administration": 3552000.0,
        "General And Administrative Expense": 3552000.0,
        "Other Gand A": 3552000.0,
        "Gross Profit": -335000.0,
        "Cost Of Revenue": 1030000.0,
        "Total Revenue": 695000.0,
        "Operating Revenue": 695000.0
    },
    "2024-12-31": {
        "Tax Effect Of Unusual Items": -2490000.0,
        "Tax Rate For Calcs": 0.15,
        "Normalized EBITDA": -10395000.0,
        "Total Unusual Items": -16600000.0,
        "Total Unusual Items Excluding Goodwill": -16600000.0,
        "Net Income From Continuing Operation Net Minority Interest": -29502000.0,
        "Reconciled Depreciation": 2401000.0,
        "Reconciled Cost Of Revenue": 1198000.0,
        "EBITDA": -26995000.0,
        "EBIT": -29396000.0,
        "Net Interest Income": 751000.0,
        "Interest Expense": 103000.0,
        "Interest Income": 1546000.0,
        "Normalized Income": -15392000.0,
        "Net Income From Continuing And Discontinued Operation": -29502000.0,
        "Total Expenses": 20443000.0,
        "Diluted Average Shares": NaN,
        "Basic Average Shares": NaN,
        "Diluted EPS": NaN,
        "Basic EPS": NaN,
        "Diluted NI Availto Com Stockholders": -29502000.0,
        "Net Income Common Stockholders": -29502000.0,
        "Net Income": -29502000.0,
        "Net Income Including Noncontrolling Interests": -29502000.0,
        "Net Income Discontinuous Operations": 0.0,
        "Net Income Continuous Operations": -29502000.0,
        "Tax Provision": 3000.0,
        "Pretax Income": -29499000.0,
        "Other Income Expense": -10977000.0,
        "Other Non Operating Income Expenses": 3875000.0,
        "Special Income Charges": 142000.0,
        "Gain On Sale Of Ppe": 142000.0,
        "Gain On Sale Of Business": NaN,
        "Earnings From Equity Interest": 1748000.0,
        "Gain On Sale Of Security": -16742000.0,
        "Net Non Operating Interest Income Expense": 751000.0,
        "Total Other Finance Cost": 692000.0,
        "Interest Expense Non Operating": 103000.0,
        "Interest Income Non Operating": 1546000.0,
        "Operating Income": -19273000.0,
        "Operating Expense": 19245000.0,
        "Other Operating Expenses": 13627000.0,
        "Selling General And Administration": 5618000.0,
        "General And Administrative Expense": 5618000.0,
        "Other Gand A": 5618000.0,
        "Gross Profit": -28000.0,
        "Cost Of Revenue": 1198000.0,
        "Total Revenue": 1170000.0,
        "Operating Revenue": 1170000.0
    },
    "2025-03-31": {
        "Tax Effect Of Unusual Items": -3348098.309052,
        "Tax Rate For Calcs": 0.121555,
        "Normalized EBITDA": -18826000.0,
        "Total Unusual Items": -27544000.0,
        "Total Unusual Items Excluding Goodwill": -27544000.0,
        "Net Income From Continuing Operation Net Minority Interest": -43534000.0,
        "Reconciled Depreciation": 2508000.0,
        "Reconciled Cost Of Revenue": 1223000.0,
        "EBITDA": -46370000.0,
        "EBIT": -48878000.0,
        "Net Interest Income": 636000.0,
        "Interest Expense": 680000.0,
        "Interest Income": 1316000.0,
        "Normalized Income": -19338098.309052,
        "Net Income From Continuing And Discontinued Operation": -43534000.0,
        "Total Expenses": 23511000.0,
        "Diluted Average Shares": 895775000.0,
        "Basic Average Shares": 895775000.0,
        "Diluted EPS": -0.05,
        "Basic EPS": -0.05,
        "Diluted NI Availto Com Stockholders": -43534000.0,
        "Net Income Common Stockholders": -43534000.0,
        "Net Income": -43534000.0,
        "Net Income Including Noncontrolling Interests": -43534000.0,
        "Net Income Discontinuous Operations": NaN,
        "Net Income Continuous Operations": -43534000.0,
        "Tax Provision": -6024000.0,
        "Pretax Income": -49558000.0,
        "Other Income Expense": -28058000.0,
        "Other Non Operating Income Expenses": 388000.0,
        "Special Income Charges": 251000.0,
        "Gain On Sale Of Ppe": NaN,
        "Gain On Sale Of Business": 251000.0,
        "Earnings From Equity Interest": -902000.0,
        "Gain On Sale Of Security": -27795000.0,
        "Net Non Operating Interest Income Expense": 636000.0,
        "Total Other Finance Cost": NaN,
        "Interest Expense Non Operating": 680000.0,
        "Interest Income Non Operating": 1316000.0,
        "Operating Income": -22136000.0,
        "Operating Expense": 22288000.0,
        "Other Operating Expenses": 17545000.0,
        "Selling General And Administration": 4743000.0,
        "General And Administrative Expense": 4743000.0,
        "Other Gand A": 4743000.0,
        "Gross Profit": 152000.0,
        "Cost Of Revenue": 1223000.0,
        "Total Revenue": 1375000.0,
        "Operating Revenue": 1375000.0
    },
    "2025-06-30": {
        "Tax Effect Of Unusual Items": 4857000.0,
        "Tax Rate For Calcs": 0.15,
        "Normalized EBITDA": -16468000.0,
        "Total Unusual Items": 32380000.0,
        "Total Unusual Items Excluding Goodwill": 32380000.0,
        "Net Income From Continuing Operation Net Minority Interest": 12498000.0,
        "Reconciled Depreciation": 2724000.0,
        "Reconciled Cost Of Revenue": 1386000.0,
        "EBITDA": 15912000.0,
        "EBIT": 13188000.0,
        "Net Interest Income": 168000.0,
        "Interest Expense": 773000.0,
        "Interest Income": 941000.0,
        "Normalized Income": -15025000.0,
        "Net Income From Continuing And Discontinued Operation": 12498000.0,
        "Total Expenses": 20066000.0,
        "Diluted Average Shares": 903172000.0,
        "Basic Average Shares": 896322000.0,
        "Diluted EPS": 0.01,
        "Basic EPS": 0.01,
        "Diluted NI Availto Com Stockholders": 12498000.0,
        "Net Income Common Stockholders": 12498000.0,
        "Net Income": 12498000.0,
        "Net Income Including Noncontrolling Interests": 12498000.0,
        "Net Income Discontinuous Operations": 0.0,
        "Net Income Continuous Operations": 12498000.0,
        "Tax Provision": -83000.0,
        "Pretax Income": 12415000.0,
        "Other Income Expense": 31037000.0,
        "Other Non Operating Income Expenses": 442000.0,
        "Special Income Charges": NaN,
        "Gain On Sale Of Ppe": NaN,
        "Gain On Sale Of Business": NaN,
        "Earnings From Equity Interest": -1785000.0,
        "Gain On Sale Of Security": 32380000.0,
        "Net Non Operating Interest Income Expense": 168000.0,
        "Total Other Finance Cost": NaN,
        "Interest Expense Non Operating": 773000.0,
        "Interest Income Non Operating": 941000.0,
        "Operating Income": -18790000.0,
        "Operating Expense": 18680000.0,
        "Other Operating Expenses": 14077000.0,
        "Selling General And Administration": 4603000.0,
        "General And Administrative Expense": 4603000.0,
        "Other Gand A": 4603000.0,
        "Gross Profit": -110000.0,
        "Cost Of Revenue": 1386000.0,
        "Total Revenue": 1276000.0,
        "Operating Revenue": 1276000.0
    },
    "2025-09-30": {
        "Tax Effect Of Unusual Items": -341707.613786,
        "Tax Rate For Calcs": 0.00311,
        "Normalized EBITDA": -14996000.0,
        "Total Unusual Items": -109887000.0,
        "Total Unusual Items Excluding Goodwill": -109887000.0,
        "Net Income From Continuing Operation Net Minority Interest": -134965000.0,
        "Reconciled Depreciation": 5492000.0,
        "Reconciled Cost Of Revenue": 1209000.0,
        "EBITDA": -124883000.0,
        "EBIT": -130375000.0,
        "Net Interest Income": -2995000.0,
        "Interest Expense": 5011000.0,
        "Interest Income": 2788000.0,
        "Normalized Income": -25419707.613786,
        "Net Income From Continuing And Discontinued Operation": -134965000.0,
        "Total Expenses": 23148000.0,
        "Diluted Average Shares": 896574000.0,
        "Basic Average Shares": 896574000.0,
        "Diluted EPS": -0.15,
        "Basic EPS": -0.15,
        "Diluted NI Availto Com Stockholders": -134965000.0,
        "Net Income Common Stockholders": -134965000.0,
        "Net Income": -134965000.0,
        "Net Income Including Noncontrolling Interests": -134965000.0,
        "Net Income Discontinuous Operations": 0.0,
        "Net Income Continuous Operations": -134965000.0,
        "Tax Provision": -421000.0,
        "Pretax Income": -135386000.0,
        "Other Income Expense": -110288000.0,
        "Other Non Operating Income Expenses": -34000.0,
        "Special Income Charges": NaN,
        "Gain On Sale Of Ppe": NaN,
        "Gain On Sale Of Business": NaN,
        "Earnings From Equity Interest": -367000.0,
        "Gain On Sale Of Security": -109887000.0,
        "Net Non Operating Interest Income Expense": -2995000.0,
        "Total Other Finance Cost": 772000.0,
        "Interest Expense Non Operating": 5011000.0,
        "Interest Income Non Operating": 2788000.0,
        "Operating Income": -22103000.0,
        "Operating Expense": 21939000.0,
        "Other Operating Expenses": 18275000.0,
        "Selling General And Administration": 3664000.0,
        "General And Administrative Expense": 3664000.0,
        "Other Gand A": 3664000.0,
        "Gross Profit": -164000.0,
        "Cost Of Revenue": 1209000.0,
        "Total Revenue": 1045000.0,
        "Operating Revenue": 1045000.0
    }
}