{
    "2023-03-31": {
        "Tax Effect Of Unusual Items": NaN,
        "Tax Rate For Calcs": NaN,
        "Normalized EBITDA": NaN,
        "Total Unusual Items": NaN,
        "Total Unusual Items Excluding Goodwill": NaN,
        "Net Income From Continuing Operation Net Minority Interest": NaN,
        "Reconciled Depreciation": NaN,
        "Reconciled Cost Of Revenue": NaN,
        "EBITDA": NaN,
        "EBIT": NaN,
        "Net Interest Income": NaN,
        "Interest Expense": NaN,
        "Interest Income": NaN,
        "Normalized Income": NaN,
        "Net Income From Continuing And Discontinued Operation": NaN,
        "Total Expenses": NaN,
        "Total Operating Income As Reported": NaN,
        "Diluted Average Shares": NaN,
        "Basic Average Shares": NaN,
        "Diluted EPS": NaN,
        "Basic EPS": NaN,
        "Diluted NI Availto Com Stockholders": NaN,
        "Net Income Common Stockholders": NaN,
        "Net Income": NaN,
        "Net Income Including Noncontrolling Interests": NaN,
        "Net Income Continuous Operations": NaN,
        "Tax Provision": NaN,
        "Pretax Income": NaN,
        "Other Income Expense": NaN,
        "Other Non Operating Income Expenses": NaN,
        "Special Income Charges": NaN,
        "Gain On Sale Of Ppe": NaN,
        "Other Special Charges": NaN,
        "Write Off": NaN,
        "Restructuring And Mergern Acquisition": NaN,
        "Gain On Sale Of Security": NaN,
        "Net Non Operating Interest Income Expense": NaN,
        "Interest Expense Non Operating": NaN,
        "Interest Income Non Operating": NaN,
        "Operating Income": NaN,
        "Operating Expense": NaN,
        "Other Operating Expenses": 17213000.0,
        "Selling General And Administration": NaN,
        "General And Administrative Expense": NaN,
        "Other Gand A": NaN,
        "Gross Profit": NaN,
        "Cost Of Revenue": NaN,
        "Total Revenue": NaN,
        "Operating Revenue": NaN
    },
    "2022-12-31": {
        "Tax Effect Of Unusual Items": NaN,
        "Tax Rate For Calcs": NaN,
        "Normalized EBITDA": NaN,
        "Total Unusual Items": NaN,
        "Total Unusual Items Excluding Goodwill": NaN,
        "Net Income From Continuing Operation Net Minority Interest": NaN,
        "Reconciled Depreciation": NaN,
        "Reconciled Cost Of Revenue": NaN,
        "EBITDA": NaN,
        "EBIT": NaN,
        "Net Interest Income": NaN,
        "Interest Expense": NaN,
        "Interest Income": NaN,
        "Normalized Income": NaN,
        "Net Income From Continuing And Discontinued Operation": NaN,
        "Total Expenses": NaN,
        "Total Operating Income As Reported": NaN,
        "Diluted Average Shares": NaN,
        "Basic Average Shares": NaN,
        "Diluted EPS": NaN,
        "Basic EPS": NaN,
        "Diluted NI Availto Com Stockholders": NaN,
        "Net Income Common Stockholders": NaN,
        "Net Income": NaN,
        "Net Income Including Noncontrolling Interests": NaN,
        "Net Income Continuous Operations": NaN,
        "Tax Provision": NaN,
        "Pretax Income": NaN,
        "Other Income Expense": NaN,
        "Other Non Operating Income Expenses": NaN,
        "Special Income Charges": NaN,
        "Gain On Sale Of Ppe": NaN,
        "Other Special Charges": NaN,
        "Write Off": -197027000.0,
        "Restructuring And Mergern Acquisition": -1639763000.0,
        "Gain On Sale Of Security": NaN,
        "Net Non Operating Interest Income Expense": NaN,
        "Interest Expense Non Operating": NaN,
        "Interest Income Non Operating": NaN,
        "Operating Income": NaN,
        "Operating Expense": NaN,
        "Other Operating Expenses": 439356000.0,
        "Selling General And Administration": NaN,
        "General And Administrative Expense": NaN,
        "Other Gand A": NaN,
        "Gross Profit": NaN,
        "Cost Of Revenue": NaN,
        "Total Revenue": NaN,
        "Operating Revenue": NaN
    },
    "2022-09-30": {
        "Tax Effect Of Unusual Items": NaN,
        "Tax Rate For Calcs": NaN,
        "Normalized EBITDA": NaN,
        "Total Unusual Items": NaN,
        "Total Unusual Items Excluding Goodwill": NaN,
        "Net Income From Continuing Operation Net Minority Interest": NaN,
        "Reconciled Depreciation": NaN,
        "Reconciled Cost Of Revenue": NaN,
        "EBITDA": NaN,
        "EBIT": NaN,
        "Net Interest Income": NaN,
        "Interest Expense": NaN,
        "Interest Income": NaN,
        "Normalized Income": NaN,
        "Net Income From Continuing And Discontinued Operation": NaN,
        "Total Expenses": NaN,
        "Total Operating Income As Reported": NaN,
        "Diluted Average Shares": NaN,
        "Basic Average Shares": NaN,
        "Diluted EPS": NaN,
        "Basic EPS": NaN,
        "Diluted NI Availto Com Stockholders": NaN,
        "Net Income Common Stockholders": NaN,
        "Net Income": NaN,
        "Net Income Including Noncontrolling Interests": NaN,
        "Net Income Continuous Operations": NaN,
        "Tax Provision": NaN,
        "Pretax Income": NaN,
        "Other Income Expense": NaN,
        "Other Non Operating Income Expenses": NaN,
        "Special Income Charges": NaN,
        "Gain On Sale Of Ppe": NaN,
        "Other Special Charges": NaN,
        "Write Off": 0.0,
        "Restructuring And Mergern Acquisition": 0.0,
        "Gain On Sale Of Security": NaN,
        "Net Non Operating Interest Income Expense": NaN,
        "Interest Expense Non Operating": NaN,
        "Interest Income Non Operating": NaN,
        "Operating Income": NaN,
        "Operating Expense": NaN,
        "Other Operating Expenses": 191332000.0,
        "Selling General And Administration": NaN,
        "General And Administrative Expense": NaN,
        "Other Gand A": NaN,
        "Gross Profit": NaN,
        "Cost Of Revenue": NaN,
        "Total Revenue": NaN,
        "Operating Revenue": NaN
    },
    "2022-06-30": {
        "Tax Effect Of Unusual Items": 916800.0,
        "Tax Rate For Calcs": 0.4,
        "Normalized EBITDA": -10495000.0,
        "Total Unusual Items": 2292000.0,
        "Total Unusual Items Excluding Goodwill": 2292000.0,
        "Net Income From Continuing Operation Net Minority Interest": -21929000.0,
        "Reconciled Depreciation": 25693000.0,
        "Reconciled Cost Of Revenue": 25693000.0,
        "EBITDA": -8203000.0,
        "EBIT": -8203000.0,
        "Net Interest Income": -10103000.0,
        "Interest Expense": 10103000.0,
        "Interest Income": 0.0,
        "Normalized Income": -23304200.0,
        "Net Income From Continuing And Discontinued Operation": -21929000.0,
        "Total Expenses": 216150000.0,
        "Total Operating Income As Reported": -9763000.0,
        "Diluted Average Shares": 100108000.0,
        "Basic Average Shares": 100108000.0,
        "Diluted EPS": -0.22,
        "Basic EPS": -0.22,
        "Diluted NI Availto Com Stockholders": -21929000.0,
        "Net Income Common Stockholders": -21929000.0,
        "Net Income": -21929000.0,
        "Net Income Including Noncontrolling Interests": -21929000.0,
        "Net Income Continuous Operations": -21929000.0,
        "Tax Provision": 3623000.0,
        "Pretax Income": -18306000.0,
        "Other Income Expense": 2245000.0,
        "Other Non Operating Income Expenses": -47000.0,
        "Special Income Charges": 685000.0,
        "Gain On Sale Of Ppe": 685000.0,
        "Write Off": NaN,
        "Restructuring And Mergern Acquisition": 0.0,
        "Gain On Sale Of Security": 1607000.0,
        "Net Non Operating Interest Income Expense": -10103000.0,
        "Interest Expense Non Operating": 10103000.0,
        "Interest Income Non Operating": 0.0,
        "Operating Income": -10448000.0,
        "Operating Expense": 190457000.0,
        "Other Operating Expenses": 142150000.0,
        "Selling General And Administration": 48307000.0,
        "General And Administrative Expense": 48307000.0,
        "Other Gand A": 48307000.0,
        "Gross Profit": 180009000.0,
        "Cost Of Revenue": 25693000.0,
        "Total Revenue": 205702000.0,
        "Operating Revenue": 205702000.0
    },
    "2023-06-30": {
        "Tax Effect Of Unusual Items": -7350.0,
        "Tax Rate For Calcs": 0.21,
        "Normalized EBITDA": 36354000.0,
        "Total Unusual Items": -35000.0,
        "Total Unusual Items Excluding Goodwill": -35000.0,
        "Net Income From Continuing Operation Net Minority Interest": 238783000.0,
        "Reconciled Depreciation": 27906000.0,
        "Reconciled Cost Of Revenue": 256432000.0,
        "EBITDA": 36319000.0,
        "EBIT": 8413000.0,
        "Net Interest Income": -12750000.0,
        "Interest Expense": 12755000.0,
        "Interest Income": 5000.0,
        "Normalized Income": 238810650.0,
        "Net Income From Continuing And Discontinued Operation": 238783000.0,
        "Total Expenses": 273256000.0,
        "Total Operating Income As Reported": 10240000.0,
        "Diluted Average Shares": 104236000.0,
        "Basic Average Shares": 101487000.0,
        "Diluted EPS": 2.35,
        "Basic EPS": 2.35,
        "Diluted NI Availto Com Stockholders": 238783000.0,
        "Net Income Common Stockholders": 238783000.0,
        "Net Income": 238783000.0,
        "Net Income Including Noncontrolling Interests": 238783000.0,
        "Net Income Continuous Operations": 238783000.0,
        "Tax Provision": -243125000.0,
        "Pretax Income": -4342000.0,
        "Other Income Expense": 101000.0,
        "Other Non Operating Income Expenses": 136000.0,
        "Special Income Charges": 1933000.0,
        "Gain On Sale Of Ppe": 1933000.0,
        "Other Special Charges": NaN,
        "Write Off": NaN,
        "Restructuring And Mergern Acquisition": NaN,
        "Gain On Sale Of Security": -1968000.0,
        "Net Non Operating Interest Income Expense": -12750000.0,
        "Interest Expense Non Operating": 12755000.0,
        "Interest Income Non Operating": 5000.0,
        "Operating Income": 8307000.0,
        "Operating Expense": 16824000.0,
        "Other Operating Expenses": 228526000.0,
        "Selling General And Administration": 16824000.0,
        "General And Administrative Expense": 16824000.0,
        "Other Gand A": 16824000.0,
        "Gross Profit": 25131000.0,
        "Cost Of Revenue": 256432000.0,
        "Total Revenue": 281563000.0,
        "Operating Revenue": 281563000.0
    },
    "2023-09-30": {
        "Tax Effect Of Unusual Items": -1131900.0,
        "Tax Rate For Calcs": 0.21,
        "Normalized EBITDA": 27368000.0,
        "Total Unusual Items": -5390000.0,
        "Total Unusual Items Excluding Goodwill": -5390000.0,
        "Net Income From Continuing Operation Net Minority Interest": -145016000.0,
        "Reconciled Depreciation": 27784000.0,
        "Reconciled Cost Of Revenue": 228401000.0,
        "EBITDA": 21978000.0,
        "EBIT": -5806000.0,
        "Net Interest Income": -13613000.0,
        "Interest Expense": 13774000.0,
        "Interest Income": 161000.0,
        "Normalized Income": -140757900.0,
        "Net Income From Continuing And Discontinued Operation": -145016000.0,
        "Total Expenses": 245050000.0,
        "Total Operating Income As Reported": 863000.0,
        "Diluted Average Shares": 102215000.0,
        "Basic Average Shares": 102215000.0,
        "Diluted EPS": -1.42,
        "Basic EPS": -1.42,
        "Diluted NI Availto Com Stockholders": -145016000.0,
        "Net Income Common Stockholders": -145016000.0,
        "Net Income": -145016000.0,
        "Net Income Including Noncontrolling Interests": -145016000.0,
        "Net Income Continuous Operations": -145016000.0,
        "Tax Provision": 125436000.0,
        "Pretax Income": -19580000.0,
        "Other Income Expense": -5875000.0,
        "Other Non Operating Income Expenses": -485000.0,
        "Special Income Charges": -5574000.0,
        "Gain On Sale Of Ppe": 955000.0,
        "Other Special Charges": 6529000.0,
        "Write Off": NaN,
        "Restructuring And Mergern Acquisition": NaN,
        "Gain On Sale Of Security": 184000.0,
        "Net Non Operating Interest Income Expense": -13613000.0,
        "Interest Expense Non Operating": 13774000.0,
        "Interest Income Non Operating": 161000.0,
        "Operating Income": -92000.0,
        "Operating Expense": 16649000.0,
        "Other Operating Expenses": 200616000.0,
        "Selling General And Administration": 16649000.0,
        "General And Administrative Expense": 16649000.0,
        "Other Gand A": 16649000.0,
        "Gross Profit": 16557000.0,
        "Cost Of Revenue": 228401000.0,
        "Total Revenue": 244958000.0,
        "Operating Revenue": 244958000.0
    },
    "2023-12-31": {
        "Tax Effect Of Unusual Items": -542430.0,
        "Tax Rate For Calcs": 0.21,
        "Normalized EBITDA": 73750000.0,
        "Total Unusual Items": -2583000.0,
        "Total Unusual Items Excluding Goodwill": -2583000.0,
        "Net Income From Continuing Operation Net Minority Interest": -145702000.0,
        "Reconciled Depreciation": 27705000.0,
        "Reconciled Cost Of Revenue": 233812000.0,
        "EBITDA": 71167000.0,
        "EBIT": 43462000.0,
        "Net Interest Income": -13383000.0,
        "Interest Expense": 14847000.0,
        "Interest Income": 1464000.0,
        "Normalized Income": -143661430.0,
        "Net Income From Continuing And Discontinued Operation": -145702000.0,
        "Total Expenses": 253002000.0,
        "Total Operating Income As Reported": 44915000.0,
        "Diluted Average Shares": 102322000.0,
        "Basic Average Shares": 102322000.0,
        "Diluted EPS": -1.42,
        "Basic EPS": -1.42,
        "Diluted NI Availto Com Stockholders": -145702000.0,
        "Net Income Common Stockholders": -145702000.0,
        "Net Income": -145702000.0,
        "Net Income Including Noncontrolling Interests": -145702000.0,
        "Net Income Continuous Operations": -145702000.0,
        "Tax Provision": 174317000.0,
        "Pretax Income": 28615000.0,
        "Other Income Expense": -2637000.0,
        "Other Non Operating Income Expenses": -54000.0,
        "Special Income Charges": 280000.0,
        "Gain On Sale Of Ppe": 280000.0,
        "Other Special Charges": 0.0,
        "Write Off": NaN,
        "Restructuring And Mergern Acquisition": NaN,
        "Gain On Sale Of Security": -2863000.0,
        "Net Non Operating Interest Income Expense": -13383000.0,
        "Interest Expense Non Operating": 14847000.0,
        "Interest Income Non Operating": 1464000.0,
        "Operating Income": 44635000.0,
        "Operating Expense": 19190000.0,
        "Other Operating Expenses": NaN,
        "Selling General And Administration": 19190000.0,
        "General And Administrative Expense": 19190000.0,
        "Other Gand A": 19190000.0,
        "Gross Profit": 63825000.0,
        "Cost Of Revenue": 233812000.0,
        "Total Revenue": 297637000.0,
        "Operating Revenue": 297637000.0
    },
    "2024-03-31": {
        "Tax Effect Of Unusual Items": -664650.0,
        "Tax Rate For Calcs": 0.21,
        "Normalized EBITDA": 58266000.0,
        "Total Unusual Items": -3165000.0,
        "Total Unusual Items Excluding Goodwill": -3165000.0,
        "Net Income From Continuing Operation Net Minority Interest": 11612000.0,
        "Reconciled Depreciation": 31354000.0,
        "Reconciled Cost Of Revenue": 230825000.0,
        "EBITDA": 55101000.0,
        "EBIT": 23747000.0,
        "Net Interest Income": -13572000.0,
        "Interest Expense": 15346000.0,
        "Interest Income": 1774000.0,
        "Normalized Income": 14112350.0,
        "Net Income From Continuing And Discontinued Operation": 11612000.0,
        "Total Expenses": 249401000.0,
        "Total Operating Income As Reported": 21813000.0,
        "Diluted Average Shares": 104740000.0,
        "Basic Average Shares": 102440000.0,
        "Diluted EPS": 0.11,
        "Basic EPS": 0.11,
        "Diluted NI Availto Com Stockholders": 11612000.0,
        "Net Income Common Stockholders": 11612000.0,
        "Net Income": 11612000.0,
        "Net Income Including Noncontrolling Interests": 11612000.0,
        "Net Income Continuous Operations": 11612000.0,
        "Tax Provision": -3211000.0,
        "Pretax Income": 8401000.0,
        "Other Income Expense": -3236000.0,
        "Other Non Operating Income Expenses": -71000.0,
        "Special Income Charges": -3396000.0,
        "Gain On Sale Of Ppe": -3396000.0,
        "Other Special Charges": NaN,
        "Write Off": NaN,
        "Restructuring And Mergern Acquisition": NaN,
        "Gain On Sale Of Security": 231000.0,
        "Net Non Operating Interest Income Expense": -13572000.0,
        "Interest Expense Non Operating": 15346000.0,
        "Interest Income Non Operating": 1774000.0,
        "Operating Income": 25209000.0,
        "Operating Expense": 18576000.0,
        "Other Operating Expenses": NaN,
        "Selling General And Administration": 18576000.0,
        "General And Administrative Expense": 18576000.0,
        "Other Gand A": 18576000.0,
        "Gross Profit": 43785000.0,
        "Cost Of Revenue": 230825000.0,
        "Total Revenue": 274610000.0,
        "Operating Revenue": 274610000.0
    },
    "2024-06-30": {
        "Tax Effect Of Unusual Items": 1489530.0,
        "Tax Rate For Calcs": 0.21,
        "Normalized EBITDA": 56444000.0,
        "Total Unusual Items": 7093000.0,
        "Total Unusual Items Excluding Goodwill": 7093000.0,
        "Net Income From Continuing Operation Net Minority Interest": 9327000.0,
        "Reconciled Depreciation": 31698000.0,
        "Reconciled Cost Of Revenue": 208492000.0,
        "EBITDA": 63537000.0,
        "EBIT": 31839000.0,
        "Net Interest Income": -13095000.0,
        "Interest Expense": 15061000.0,
        "Interest Income": 1966000.0,
        "Normalized Income": 3723530.0,
        "Net Income From Continuing And Discontinued Operation": 9327000.0,
        "Total Expenses": 231711000.0,
        "Total Operating Income As Reported": 28281000.0,
        "Diluted Average Shares": 105088000.0,
        "Basic Average Shares": 102542000.0,
        "Diluted EPS": 0.09,
        "Basic EPS": 0.09,
        "Diluted NI Availto Com Stockholders": 9327000.0,
        "Net Income Common Stockholders": 9327000.0,
        "Net Income": 9327000.0,
        "Net Income Including Noncontrolling Interests": 9327000.0,
        "Net Income Continuous Operations": 9327000.0,
        "Tax Provision": 7451000.0,
        "Pretax Income": 16778000.0,
        "Other Income Expense": 8698000.0,
        "Other Non Operating Income Expenses": 1605000.0,
        "Special Income Charges": 7106000.0,
        "Gain On Sale Of Ppe": 7106000.0,
        "Other Special Charges": NaN,
        "Write Off": NaN,
        "Restructuring And Mergern Acquisition": NaN,
        "Gain On Sale Of Security": -13000.0,
        "Net Non Operating Interest Income Expense": -13095000.0,
        "Interest Expense Non Operating": 15061000.0,
        "Interest Income Non Operating": 1966000.0,
        "Operating Income": 21175000.0,
        "Operating Expense": 23219000.0,
        "Other Operating Expenses": NaN,
        "Selling General And Administration": 23219000.0,
        "General And Administrative Expense": 23219000.0,
        "Other Gand A": 23219000.0,
        "Gross Profit": 44394000.0,
        "Cost Of Revenue": 208492000.0,
        "Total Revenue": 252886000.0,
        "Operating Revenue": 252886000.0
    }
}