{
    "2023-03-31": {
        "Tax Effect Of Unusual Items": NaN,
        "Tax Rate For Calcs": NaN,
        "Normalized EBITDA": NaN,
        "Total Unusual Items": NaN,
        "Total Unusual Items Excluding Goodwill": NaN,
        "Net Income From Continuing Operation Net Minority Interest": NaN,
        "Reconciled Depreciation": NaN,
        "Reconciled Cost Of Revenue": NaN,
        "EBITDA": NaN,
        "EBIT": NaN,
        "Net Interest Income": NaN,
        "Interest Expense": NaN,
        "Interest Income": NaN,
        "Normalized Income": NaN,
        "Net Income From Continuing And Discontinued Operation": NaN,
        "Total Expenses": NaN,
        "Total Operating Income As Reported": NaN,
        "Diluted Average Shares": NaN,
        "Basic Average Shares": NaN,
        "Diluted EPS": NaN,
        "Basic EPS": NaN,
        "Diluted NI Availto Com Stockholders": NaN,
        "Net Income Common Stockholders": NaN,
        "Net Income": NaN,
        "Minority Interests": NaN,
        "Net Income Including Noncontrolling Interests": NaN,
        "Net Income Discontinuous Operations": NaN,
        "Net Income Continuous Operations": NaN,
        "Earnings From Equity Interest Net Of Tax": NaN,
        "Tax Provision": NaN,
        "Pretax Income": NaN,
        "Other Income Expense": NaN,
        "Other Non Operating Income Expenses": NaN,
        "Special Income Charges": NaN,
        "Gain On Sale Of Ppe": NaN,
        "Gain On Sale Of Business": NaN,
        "Impairment Of Capital Assets": NaN,
        "Restructuring And Mergern Acquisition": -55000.0,
        "Gain On Sale Of Security": -1005000.0,
        "Net Non Operating Interest Income Expense": NaN,
        "Interest Expense Non Operating": NaN,
        "Interest Income Non Operating": NaN,
        "Operating Income": NaN,
        "Operating Expense": NaN,
        "Selling General And Administration": NaN,
        "General And Administrative Expense": 120879000.0,
        "Other Gand A": 120879000.0,
        "Gross Profit": NaN,
        "Cost Of Revenue": NaN,
        "Total Revenue": NaN,
        "Operating Revenue": NaN
    },
    "2022-12-31": {
        "Tax Effect Of Unusual Items": NaN,
        "Tax Rate For Calcs": NaN,
        "Normalized EBITDA": NaN,
        "Total Unusual Items": NaN,
        "Total Unusual Items Excluding Goodwill": NaN,
        "Net Income From Continuing Operation Net Minority Interest": NaN,
        "Reconciled Depreciation": NaN,
        "Reconciled Cost Of Revenue": NaN,
        "EBITDA": NaN,
        "EBIT": NaN,
        "Net Interest Income": NaN,
        "Interest Expense": NaN,
        "Interest Income": NaN,
        "Normalized Income": NaN,
        "Net Income From Continuing And Discontinued Operation": NaN,
        "Total Expenses": NaN,
        "Total Operating Income As Reported": NaN,
        "Diluted Average Shares": NaN,
        "Basic Average Shares": NaN,
        "Diluted EPS": NaN,
        "Basic EPS": NaN,
        "Diluted NI Availto Com Stockholders": NaN,
        "Net Income Common Stockholders": NaN,
        "Net Income": NaN,
        "Minority Interests": NaN,
        "Net Income Including Noncontrolling Interests": NaN,
        "Net Income Discontinuous Operations": NaN,
        "Net Income Continuous Operations": NaN,
        "Earnings From Equity Interest Net Of Tax": NaN,
        "Tax Provision": NaN,
        "Pretax Income": NaN,
        "Other Income Expense": NaN,
        "Other Non Operating Income Expenses": NaN,
        "Special Income Charges": NaN,
        "Gain On Sale Of Ppe": NaN,
        "Gain On Sale Of Business": NaN,
        "Impairment Of Capital Assets": NaN,
        "Restructuring And Mergern Acquisition": -78000.0,
        "Gain On Sale Of Security": -7435000.0,
        "Net Non Operating Interest Income Expense": NaN,
        "Interest Expense Non Operating": NaN,
        "Interest Income Non Operating": NaN,
        "Operating Income": NaN,
        "Operating Expense": NaN,
        "Selling General And Administration": NaN,
        "General And Administrative Expense": 127669000.0,
        "Other Gand A": 127669000.0,
        "Gross Profit": NaN,
        "Cost Of Revenue": NaN,
        "Total Revenue": NaN,
        "Operating Revenue": NaN
    },
    "2022-09-30": {
        "Tax Effect Of Unusual Items": 2112000.0,
        "Tax Rate For Calcs": 0.4,
        "Normalized EBITDA": 56398000.0,
        "Total Unusual Items": 5280000.0,
        "Total Unusual Items Excluding Goodwill": 5280000.0,
        "Net Income From Continuing Operation Net Minority Interest": 39837000.0,
        "Reconciled Depreciation": 33057000.0,
        "Reconciled Cost Of Revenue": 2134062000.0,
        "EBITDA": 61678000.0,
        "EBIT": 28621000.0,
        "Net Interest Income": -15590000.0,
        "Interest Expense": 17095000.0,
        "Interest Income": 1505000.0,
        "Normalized Income": 36669000.0,
        "Net Income From Continuing And Discontinued Operation": 39837000.0,
        "Total Expenses": 2250388000.0,
        "Total Operating Income As Reported": 17804000.0,
        "Diluted Average Shares": 94908000.0,
        "Basic Average Shares": 94891000.0,
        "Diluted EPS": 0.42,
        "Basic EPS": 0.42,
        "Diluted NI Availto Com Stockholders": 39837000.0,
        "Net Income Common Stockholders": 39837000.0,
        "Net Income": 39837000.0,
        "Minority Interests": -6767000.0,
        "Net Income Including Noncontrolling Interests": 46604000.0,
        "Net Income Discontinuous Operations": NaN,
        "Net Income Continuous Operations": 46604000.0,
        "Earnings From Equity Interest Net Of Tax": 300000.0,
        "Tax Provision": -34778000.0,
        "Pretax Income": 11526000.0,
        "Other Income Expense": 9966000.0,
        "Other Non Operating Income Expenses": 4686000.0,
        "Special Income Charges": 631000.0,
        "Gain On Sale Of Ppe": 654000.0,
        "Gain On Sale Of Business": 0.0,
        "Impairment Of Capital Assets": NaN,
        "Restructuring And Mergern Acquisition": 23000.0,
        "Gain On Sale Of Security": 4649000.0,
        "Net Non Operating Interest Income Expense": -15590000.0,
        "Interest Expense Non Operating": 17095000.0,
        "Interest Income Non Operating": 1505000.0,
        "Operating Income": 17150000.0,
        "Operating Expense": 116326000.0,
        "Selling General And Administration": 116326000.0,
        "General And Administrative Expense": 116326000.0,
        "Other Gand A": 116326000.0,
        "Gross Profit": 133476000.0,
        "Cost Of Revenue": 2134062000.0,
        "Total Revenue": 2267538000.0,
        "Operating Revenue": 2244062000.0
    },
    "2022-06-30": {
        "Tax Effect Of Unusual Items": 1377645.711615,
        "Tax Rate For Calcs": 0.116908,
        "Normalized EBITDA": 86306000.0,
        "Total Unusual Items": 11784000.0,
        "Total Unusual Items Excluding Goodwill": 11784000.0,
        "Net Income From Continuing Operation Net Minority Interest": 41272000.0,
        "Reconciled Depreciation": 33757000.0,
        "Reconciled Cost Of Revenue": 2190228000.0,
        "EBITDA": 98090000.0,
        "EBIT": 64333000.0,
        "Net Interest Income": -11532000.0,
        "Interest Expense": 12985000.0,
        "Interest Income": 1453000.0,
        "Normalized Income": 30865645.711615,
        "Net Income From Continuing And Discontinued Operation": 41272000.0,
        "Total Expenses": 2313786000.0,
        "Total Operating Income As Reported": 54275000.0,
        "Diluted Average Shares": 94913000.0,
        "Basic Average Shares": 94878000.0,
        "Diluted EPS": 0.43,
        "Basic EPS": 0.43,
        "Diluted NI Availto Com Stockholders": 41272000.0,
        "Net Income Common Stockholders": 41272000.0,
        "Net Income": 41272000.0,
        "Minority Interests": -7224000.0,
        "Net Income Including Noncontrolling Interests": 48496000.0,
        "Net Income Discontinuous Operations": NaN,
        "Net Income Continuous Operations": 48496000.0,
        "Earnings From Equity Interest Net Of Tax": 3151000.0,
        "Tax Provision": 6003000.0,
        "Pretax Income": 51348000.0,
        "Other Income Expense": 16531000.0,
        "Other Non Operating Income Expenses": 4747000.0,
        "Special Income Charges": 7910000.0,
        "Gain On Sale Of Ppe": 7926000.0,
        "Gain On Sale Of Business": 0.0,
        "Impairment Of Capital Assets": NaN,
        "Restructuring And Mergern Acquisition": 16000.0,
        "Gain On Sale Of Security": 3874000.0,
        "Net Non Operating Interest Income Expense": -11532000.0,
        "Interest Expense Non Operating": 12985000.0,
        "Interest Income Non Operating": 1453000.0,
        "Operating Income": 46349000.0,
        "Operating Expense": 123558000.0,
        "Selling General And Administration": 123558000.0,
        "Gross Profit": 169907000.0,
        "Cost Of Revenue": 2190228000.0,
        "Total Revenue": 2360135000.0,
        "Operating Revenue": 2346054000.0
    },
    "2022-03-31": {
        "Diluted EPS": -0.01,
        "Total Revenue": NaN,
        "Gross Profit": 152,
        "Operating Income": 43,
        "EBIT": 74,
        "Net Income": -1
    },
    "2021-12-31": {
        "Diluted EPS": -0.65,
        "Total Revenue": NaN,
        "Gross Profit": 64,
        "Operating Income": -37,
        "EBIT": -6,
        "Net Income": -29
    },
    "2021-09-30": {
        "Diluted EPS": -0.35,
        "Total Revenue": NaN,
        "Gross Profit": 99,
        "Operating Income": -27,
        "EBIT": -3,
        "Net Income": -29
    },
    "2021-06-30": {
        "Diluted EPS": 0.0,
        "Total Revenue": NaN,
        "Gross Profit": NaN,
        "Operating Income": NaN,
        "Net Income": NaN
    },
    "2021-03-31": {
        "Diluted EPS": 0.38,
        "Total Revenue": NaN,
        "Gross Profit": 85,
        "Operating Income": 13,
        "EBIT": 22,
        "Net Income": 21
    },
    "2020-12-31": {
        "Diluted EPS": 0.0,
        "Total Revenue": NaN,
        "Gross Profit": NaN,
        "Operating Income": NaN,
        "EBIT": NaN,
        "Net Income": NaN
    },
    "2020-09-30": {
        "Diluted EPS": 0.31,
        "Total Revenue": NaN,
        "Gross Profit": 89,
        "Operating Income": 22,
        "EBIT": 22,
        "Net Income": 17
    },
    "2023-06-30": {
        "Tax Effect Of Unusual Items": NaN,
        "Tax Rate For Calcs": NaN,
        "Normalized EBITDA": NaN,
        "Total Unusual Items": NaN,
        "Total Unusual Items Excluding Goodwill": NaN,
        "Net Income From Continuing Operation Net Minority Interest": NaN,
        "Reconciled Depreciation": NaN,
        "Reconciled Cost Of Revenue": NaN,
        "EBITDA": NaN,
        "EBIT": NaN,
        "Net Interest Income": NaN,
        "Interest Expense": NaN,
        "Interest Income": NaN,
        "Normalized Income": NaN,
        "Net Income From Continuing And Discontinued Operation": NaN,
        "Total Expenses": NaN,
        "Total Operating Income As Reported": NaN,
        "Diluted Average Shares": NaN,
        "Basic Average Shares": NaN,
        "Diluted EPS": NaN,
        "Basic EPS": NaN,
        "Diluted NI Availto Com Stockholders": NaN,
        "Net Income Common Stockholders": NaN,
        "Net Income": NaN,
        "Minority Interests": NaN,
        "Net Income Including Noncontrolling Interests": NaN,
        "Net Income Discontinuous Operations": NaN,
        "Net Income Continuous Operations": NaN,
        "Earnings From Equity Interest Net Of Tax": NaN,
        "Tax Provision": NaN,
        "Pretax Income": NaN,
        "Other Income Expense": NaN,
        "Other Non Operating Income Expenses": NaN,
        "Special Income Charges": NaN,
        "Gain On Sale Of Ppe": NaN,
        "Gain On Sale Of Business": NaN,
        "Impairment Of Capital Assets": 0.0,
        "Restructuring And Mergern Acquisition": 18000.0,
        "Gain On Sale Of Security": -1108000.0,
        "Net Non Operating Interest Income Expense": NaN,
        "Interest Expense Non Operating": NaN,
        "Interest Income Non Operating": NaN,
        "Operating Income": NaN,
        "Operating Expense": NaN,
        "Selling General And Administration": NaN,
        "General And Administrative Expense": 115667000.0,
        "Other Gand A": 115667000.0,
        "Gross Profit": NaN,
        "Cost Of Revenue": NaN,
        "Total Revenue": NaN,
        "Operating Revenue": NaN
    },
    "2023-09-30": {
        "Tax Effect Of Unusual Items": NaN,
        "Tax Rate For Calcs": NaN,
        "Normalized EBITDA": NaN,
        "Total Unusual Items": NaN,
        "Total Unusual Items Excluding Goodwill": NaN,
        "Net Income From Continuing Operation Net Minority Interest": NaN,
        "Reconciled Depreciation": NaN,
        "Reconciled Cost Of Revenue": NaN,
        "EBITDA": NaN,
        "EBIT": NaN,
        "Net Interest Income": NaN,
        "Interest Expense": NaN,
        "Interest Income": NaN,
        "Normalized Income": NaN,
        "Net Income From Continuing And Discontinued Operation": NaN,
        "Total Expenses": NaN,
        "Total Operating Income As Reported": NaN,
        "Diluted Average Shares": NaN,
        "Basic Average Shares": NaN,
        "Diluted EPS": NaN,
        "Basic EPS": NaN,
        "Diluted NI Availto Com Stockholders": NaN,
        "Net Income Common Stockholders": NaN,
        "Net Income": NaN,
        "Minority Interests": NaN,
        "Net Income Including Noncontrolling Interests": NaN,
        "Net Income Discontinuous Operations": NaN,
        "Net Income Continuous Operations": NaN,
        "Earnings From Equity Interest Net Of Tax": NaN,
        "Tax Provision": NaN,
        "Pretax Income": NaN,
        "Other Income Expense": NaN,
        "Other Non Operating Income Expenses": NaN,
        "Special Income Charges": NaN,
        "Gain On Sale Of Ppe": NaN,
        "Gain On Sale Of Business": NaN,
        "Impairment Of Capital Assets": 0.0,
        "Restructuring And Mergern Acquisition": -24000.0,
        "Gain On Sale Of Security": 2501000.0,
        "Net Non Operating Interest Income Expense": NaN,
        "Interest Expense Non Operating": NaN,
        "Interest Income Non Operating": NaN,
        "Operating Income": NaN,
        "Operating Expense": NaN,
        "Selling General And Administration": NaN,
        "General And Administrative Expense": 118023000.0,
        "Other Gand A": 118023000.0,
        "Gross Profit": NaN,
        "Cost Of Revenue": NaN,
        "Total Revenue": NaN,
        "Operating Revenue": NaN
    },
    "2023-12-31": {
        "Tax Effect Of Unusual Items": NaN,
        "Tax Rate For Calcs": NaN,
        "Normalized EBITDA": NaN,
        "Total Unusual Items": NaN,
        "Total Unusual Items Excluding Goodwill": NaN,
        "Net Income From Continuing Operation Net Minority Interest": NaN,
        "Reconciled Depreciation": NaN,
        "Reconciled Cost Of Revenue": NaN,
        "EBITDA": NaN,
        "EBIT": NaN,
        "Net Interest Income": NaN,
        "Interest Expense": NaN,
        "Interest Income": NaN,
        "Normalized Income": NaN,
        "Net Income From Continuing And Discontinued Operation": NaN,
        "Total Expenses": NaN,
        "Total Operating Income As Reported": NaN,
        "Diluted Average Shares": NaN,
        "Basic Average Shares": NaN,
        "Diluted EPS": NaN,
        "Basic EPS": NaN,
        "Diluted NI Availto Com Stockholders": NaN,
        "Net Income Common Stockholders": NaN,
        "Net Income": NaN,
        "Minority Interests": NaN,
        "Net Income Including Noncontrolling Interests": NaN,
        "Net Income Discontinuous Operations": NaN,
        "Net Income Continuous Operations": NaN,
        "Earnings From Equity Interest Net Of Tax": NaN,
        "Tax Provision": NaN,
        "Pretax Income": NaN,
        "Other Income Expense": NaN,
        "Other Non Operating Income Expenses": NaN,
        "Special Income Charges": NaN,
        "Gain On Sale Of Ppe": NaN,
        "Gain On Sale Of Business": NaN,
        "Impairment Of Capital Assets": NaN,
        "Restructuring And Mergern Acquisition": -30000.0,
        "Gain On Sale Of Security": -4187000.0,
        "Net Non Operating Interest Income Expense": NaN,
        "Interest Expense Non Operating": NaN,
        "Interest Income Non Operating": NaN,
        "Operating Income": NaN,
        "Operating Expense": NaN,
        "Selling General And Administration": NaN,
        "General And Administrative Expense": 119214000.0,
        "Other Gand A": 119334000.0,
        "Gross Profit": NaN,
        "Cost Of Revenue": NaN,
        "Total Revenue": NaN,
        "Operating Revenue": NaN
    },
    "2024-03-31": {
        "Tax Effect Of Unusual Items": NaN,
        "Tax Rate For Calcs": NaN,
        "Normalized EBITDA": NaN,
        "Total Unusual Items": NaN,
        "Total Unusual Items Excluding Goodwill": NaN,
        "Net Income From Continuing Operation Net Minority Interest": NaN,
        "Reconciled Depreciation": NaN,
        "Reconciled Cost Of Revenue": NaN,
        "EBITDA": NaN,
        "EBIT": NaN,
        "Net Interest Income": NaN,
        "Interest Expense": NaN,
        "Interest Income": NaN,
        "Normalized Income": NaN,
        "Net Income From Continuing And Discontinued Operation": NaN,
        "Total Expenses": NaN,
        "Total Operating Income As Reported": NaN,
        "Diluted Average Shares": NaN,
        "Basic Average Shares": NaN,
        "Diluted EPS": NaN,
        "Basic EPS": NaN,
        "Diluted NI Availto Com Stockholders": NaN,
        "Net Income Common Stockholders": NaN,
        "Net Income": NaN,
        "Minority Interests": NaN,
        "Net Income Including Noncontrolling Interests": NaN,
        "Net Income Discontinuous Operations": NaN,
        "Net Income Continuous Operations": NaN,
        "Earnings From Equity Interest Net Of Tax": NaN,
        "Tax Provision": NaN,
        "Pretax Income": NaN,
        "Other Income Expense": NaN,
        "Other Non Operating Income Expenses": NaN,
        "Special Income Charges": NaN,
        "Gain On Sale Of Ppe": NaN,
        "Gain On Sale Of Business": NaN,
        "Impairment Of Capital Assets": NaN,
        "Restructuring And Mergern Acquisition": 16000.0,
        "Gain On Sale Of Security": 4380000.0,
        "Net Non Operating Interest Income Expense": NaN,
        "Interest Expense Non Operating": NaN,
        "Interest Income Non Operating": NaN,
        "Operating Income": NaN,
        "Operating Expense": NaN,
        "Selling General And Administration": NaN,
        "General And Administrative Expense": NaN,
        "Other Gand A": NaN,
        "Gross Profit": NaN,
        "Cost Of Revenue": NaN,
        "Total Revenue": NaN,
        "Operating Revenue": NaN
    },
    "2024-06-30": {
        "Tax Effect Of Unusual Items": 1665082.193401,
        "Tax Rate For Calcs": 0.334555,
        "Normalized EBITDA": 114186000.0,
        "Total Unusual Items": 4977000.0,
        "Total Unusual Items Excluding Goodwill": 4977000.0,
        "Net Income From Continuing Operation Net Minority Interest": 48099000.0,
        "Reconciled Depreciation": 24274000.0,
        "Reconciled Cost Of Revenue": 1923505000.0,
        "EBITDA": 119163000.0,
        "EBIT": 94889000.0,
        "Net Interest Income": -16164000.0,
        "Interest Expense": 18788000.0,
        "Interest Income": 2624000.0,
        "Normalized Income": 44787082.193401,
        "Net Income From Continuing And Discontinued Operation": 80117000.0,
        "Total Expenses": 2040109000.0,
        "Total Operating Income As Reported": 85888000.0,
        "Diluted Average Shares": 95340000.0,
        "Basic Average Shares": 94930000.0,
        "Diluted EPS": 0.84,
        "Basic EPS": 0.85,
        "Diluted NI Availto Com Stockholders": 80117000.0,
        "Net Income Common Stockholders": 80117000.0,
        "Net Income": 80117000.0,
        "Minority Interests": -7948000.0,
        "Net Income Including Noncontrolling Interests": 88065000.0,
        "Net Income Discontinuous Operations": 32018000.0,
        "Net Income Continuous Operations": 56047000.0,
        "Earnings From Equity Interest Net Of Tax": 5406000.0,
        "Tax Provision": 25460000.0,
        "Pretax Income": 76101000.0,
        "Other Income Expense": 8283000.0,
        "Other Non Operating Income Expenses": 3306000.0,
        "Special Income Charges": 1770000.0,
        "Gain On Sale Of Ppe": -89000.0,
        "Gain On Sale Of Business": 1995000.0,
        "Impairment Of Capital Assets": 0.0,
        "Restructuring And Mergern Acquisition": 136000.0,
        "Gain On Sale Of Security": 3207000.0,
        "Net Non Operating Interest Income Expense": -16164000.0,
        "Interest Expense Non Operating": 18788000.0,
        "Interest Income Non Operating": 2624000.0,
        "Operating Income": 83982000.0,
        "Operating Expense": 116604000.0,
        "Selling General And Administration": 116604000.0,
        "General And Administrative Expense": NaN,
        "Other Gand A": NaN,
        "Gross Profit": 200586000.0,
        "Cost Of Revenue": 1923505000.0,
        "Total Revenue": 2124091000.0,
        "Operating Revenue": 2117512000.0
    },
    "2024-09-30": {
        "Tax Effect Of Unusual Items": -99960.0,
        "Tax Rate For Calcs": 0.21,
        "Normalized EBITDA": 46301000.0,
        "Total Unusual Items": -476000.0,
        "Total Unusual Items Excluding Goodwill": -476000.0,
        "Net Income From Continuing Operation Net Minority Interest": 8018000.0,
        "Reconciled Depreciation": 24237000.0,
        "Reconciled Cost Of Revenue": 1898375000.0,
        "EBITDA": 45825000.0,
        "EBIT": 45825000.0,
        "Net Interest Income": -14841000.0,
        "Interest Expense": 17473000.0,
        "Interest Income": 2632000.0,
        "Normalized Income": 8394040.0,
        "Net Income From Continuing And Discontinued Operation": 14402000.0,
        "Total Expenses": 2014204000.0,
        "Total Operating Income As Reported": 47734000.0,
        "Diluted Average Shares": 95614000.0,
        "Basic Average Shares": 94990000.0,
        "Diluted EPS": 0.15,
        "Basic EPS": 0.15,
        "Diluted NI Availto Com Stockholders": 14402000.0,
        "Net Income Common Stockholders": 14402000.0,
        "Net Income": 14402000.0,
        "Minority Interests": -7113000.0,
        "Net Income Including Noncontrolling Interests": 21515000.0,
        "Net Income Discontinuous Operations": 6384000.0,
        "Net Income Continuous Operations": 15131000.0,
        "Earnings From Equity Interest Net Of Tax": 2303000.0,
        "Tax Provision": 15524000.0,
        "Pretax Income": 28352000.0,
        "Other Income Expense": -5017000.0,
        "Other Non Operating Income Expenses": -4541000.0,
        "Special Income Charges": -476000.0,
        "Gain On Sale Of Ppe": 1573000.0,
        "Gain On Sale Of Business": 0.0,
        "Impairment Of Capital Assets": 2049000.0,
        "Restructuring And Mergern Acquisition": NaN,
        "Gain On Sale Of Security": NaN,
        "Net Non Operating Interest Income Expense": -14841000.0,
        "Interest Expense Non Operating": 17473000.0,
        "Interest Income Non Operating": 2632000.0,
        "Operating Income": 48210000.0,
        "Operating Expense": 115829000.0,
        "Selling General And Administration": 115829000.0,
        "General And Administrative Expense": 115829000.0,
        "Other Gand A": 115829000.0,
        "Gross Profit": 164039000.0,
        "Cost Of Revenue": 1898375000.0,
        "Total Revenue": 2062414000.0,
        "Operating Revenue": 2062414000.0
    },
    "2024-12-31": {
        "Tax Effect Of Unusual Items": 83928.319197,
        "Tax Rate For Calcs": 0.008713,
        "Normalized EBITDA": 38723000.0,
        "Total Unusual Items": 9633000.0,
        "Total Unusual Items Excluding Goodwill": 9633000.0,
        "Net Income From Continuing Operation Net Minority Interest": 22082000.0,
        "Reconciled Depreciation": 26186000.0,
        "Reconciled Cost Of Revenue": 2009045000.0,
        "EBITDA": 48356000.0,
        "EBIT": 48356000.0,
        "Net Interest Income": -15645000.0,
        "Interest Expense": 18055000.0,
        "Interest Income": 2410000.0,
        "Normalized Income": 12532928.319197,
        "Net Income From Continuing And Discontinued Operation": -39149000.0,
        "Total Expenses": 2131720000.0,
        "Total Operating Income As Reported": 34809000.0,
        "Diluted Average Shares": 95702000.0,
        "Basic Average Shares": 95019000.0,
        "Diluted EPS": -0.41,
        "Basic EPS": -0.41,
        "Diluted NI Availto Com Stockholders": -39149000.0,
        "Net Income Common Stockholders": -39149000.0,
        "Net Income": -39149000.0,
        "Minority Interests": -7552000.0,
        "Net Income Including Noncontrolling Interests": -31597000.0,
        "Net Income Discontinuous Operations": -61231000.0,
        "Net Income Continuous Operations": 29634000.0,
        "Earnings From Equity Interest Net Of Tax": -403000.0,
        "Tax Provision": 264000.0,
        "Pretax Income": 30301000.0,
        "Other Income Expense": 10202000.0,
        "Other Non Operating Income Expenses": 569000.0,
        "Special Income Charges": -783000.0,
        "Gain On Sale Of Ppe": 747000.0,
        "Gain On Sale Of Business": 472000.0,
        "Impairment Of Capital Assets": 2154000.0,
        "Restructuring And Mergern Acquisition": NaN,
        "Gain On Sale Of Security": NaN,
        "Net Non Operating Interest Income Expense": -15645000.0,
        "Interest Expense Non Operating": 18055000.0,
        "Interest Income Non Operating": 2410000.0,
        "Operating Income": 35744000.0,
        "Operating Expense": 122675000.0,
        "Selling General And Administration": 122675000.0,
        "General And Administrative Expense": NaN,
        "Other Gand A": NaN,
        "Gross Profit": 158419000.0,
        "Cost Of Revenue": 2009045000.0,
        "Total Revenue": 2167464000.0,
        "Operating Revenue": 2133484000.0
    },
    "2025-03-31": {
        "Tax Effect Of Unusual Items": 1360920.0,
        "Tax Rate For Calcs": 0.33,
        "Normalized EBITDA": 93017000.0,
        "Total Unusual Items": 4124000.0,
        "Total Unusual Items Excluding Goodwill": 4124000.0,
        "Net Income From Continuing Operation Net Minority Interest": 38882000.0,
        "Reconciled Depreciation": 26544000.0,
        "Reconciled Cost Of Revenue": 1917211000.0,
        "EBITDA": 97141000.0,
        "EBIT": 70597000.0,
        "Net Interest Income": -14142000.0,
        "Interest Expense": 17182000.0,
        "Interest Income": 3040000.0,
        "Normalized Income": 36118920.0,
        "Net Income From Continuing And Discontinued Operation": 38912000.0,
        "Total Expenses": 2035623000.0,
        "Total Operating Income As Reported": 67905000.0,
        "Diluted Average Shares": 95677000.0,
        "Basic Average Shares": 95109000.0,
        "Diluted EPS": 0.41,
        "Basic EPS": 0.41,
        "Diluted NI Availto Com Stockholders": 38912000.0,
        "Net Income Common Stockholders": 38912000.0,
        "Net Income": 38912000.0,
        "Minority Interests": -5247000.0,
        "Net Income Including Noncontrolling Interests": 44159000.0,
        "Net Income Discontinuous Operations": 30000.0,
        "Net Income Continuous Operations": 44129000.0,
        "Earnings From Equity Interest Net Of Tax": 8292000.0,
        "Tax Provision": 17578000.0,
        "Pretax Income": 53415000.0,
        "Other Income Expense": 3776000.0,
        "Other Non Operating Income Expenses": -348000.0,
        "Special Income Charges": 4124000.0,
        "Gain On Sale Of Ppe": 3801000.0,
        "Gain On Sale Of Business": 361000.0,
        "Impairment Of Capital Assets": 38000.0,
        "Restructuring And Mergern Acquisition": -1293000.0,
        "Gain On Sale Of Security": -4010000.0,
        "Net Non Operating Interest Income Expense": -14142000.0,
        "Interest Expense Non Operating": 17182000.0,
        "Interest Income Non Operating": 3040000.0,
        "Operating Income": 63781000.0,
        "Operating Expense": 118412000.0,
        "Selling General And Administration": 118412000.0,
        "General And Administrative Expense": NaN,
        "Other Gand A": NaN,
        "Gross Profit": 182193000.0,
        "Cost Of Revenue": 1917211000.0,
        "Total Revenue": 2099404000.0,
        "Operating Revenue": 2099404000.0
    },
    "2025-06-30": {
        "Tax Effect Of Unusual Items": 3367855.0,
        "Tax Rate For Calcs": 0.365,
        "Normalized EBITDA": 106464000.0,
        "Total Unusual Items": 9227000.0,
        "Total Unusual Items Excluding Goodwill": 9227000.0,
        "Net Income From Continuing Operation Net Minority Interest": 44916000.0,
        "Reconciled Depreciation": 28233000.0,
        "Reconciled Cost Of Revenue": 2210127000.0,
        "EBITDA": 115691000.0,
        "EBIT": 87458000.0,
        "Net Interest Income": -14561000.0,
        "Interest Expense": 17516000.0,
        "Interest Income": 2955000.0,
        "Normalized Income": 39056855.0,
        "Net Income From Continuing And Discontinued Operation": 9966000.0,
        "Total Expenses": 2334435000.0,
        "Total Operating Income As Reported": 103219000.0,
        "Diluted Average Shares": 95850000.0,
        "Basic Average Shares": 95145000.0,
        "Diluted EPS": 0.1,
        "Basic EPS": 0.1,
        "Diluted NI Availto Com Stockholders": 9966000.0,
        "Net Income Common Stockholders": 9966000.0,
        "Net Income": 9966000.0,
        "Minority Interests": -8023000.0,
        "Net Income Including Noncontrolling Interests": 17989000.0,
        "Net Income Discontinuous Operations": -34950000.0,
        "Net Income Continuous Operations": 52939000.0,
        "Earnings From Equity Interest Net Of Tax": 8501000.0,
        "Tax Provision": 25504000.0,
        "Pretax Income": 69942000.0,
        "Other Income Expense": -9489000.0,
        "Other Non Operating Income Expenses": -18716000.0,
        "Special Income Charges": 9227000.0,
        "Gain On Sale Of Ppe": 9323000.0,
        "Gain On Sale Of Business": 48000.0,
        "Impairment Of Capital Assets": 144000.0,
        "Restructuring And Mergern Acquisition": 38000.0,
        "Gain On Sale Of Security": -17690000.0,
        "Net Non Operating Interest Income Expense": -14561000.0,
        "Interest Expense Non Operating": 17516000.0,
        "Interest Income Non Operating": 2955000.0,
        "Operating Income": 93992000.0,
        "Operating Expense": 124308000.0,
        "Selling General And Administration": 124308000.0,
        "General And Administrative Expense": NaN,
        "Other Gand A": NaN,
        "Gross Profit": 218300000.0,
        "Cost Of Revenue": 2210127000.0,
        "Total Revenue": 2428427000.0,
        "Operating Revenue": 2428427000.0
    }
}