{
    "2023-03-31": {
        "Tax Effect Of Unusual Items": NaN,
        "Tax Rate For Calcs": NaN,
        "Normalized EBITDA": NaN,
        "Total Unusual Items": NaN,
        "Total Unusual Items Excluding Goodwill": NaN,
        "Net Income From Continuing Operation Net Minority Interest": NaN,
        "Reconciled Depreciation": NaN,
        "EBITDA": NaN,
        "EBIT": NaN,
        "Net Interest Income": NaN,
        "Interest Income": NaN,
        "Normalized Income": NaN,
        "Net Income From Continuing And Discontinued Operation": NaN,
        "Total Expenses": NaN,
        "Total Operating Income As Reported": NaN,
        "Diluted Average Shares": NaN,
        "Basic Average Shares": NaN,
        "Diluted EPS": NaN,
        "Basic EPS": NaN,
        "Diluted NI Availto Com Stockholders": NaN,
        "Net Income Common Stockholders": NaN,
        "Otherunder Preferred Stock Dividend": NaN,
        "Net Income": NaN,
        "Net Income Including Noncontrolling Interests": NaN,
        "Net Income Continuous Operations": NaN,
        "Pretax Income": NaN,
        "Other Income Expense": NaN,
        "Gain On Sale Of Security": NaN,
        "Net Non Operating Interest Income Expense": NaN,
        "Interest Income Non Operating": NaN,
        "Operating Income": NaN,
        "Operating Expense": NaN,
        "Research And Development": 1000.0,
        "Selling General And Administration": NaN,
        "General And Administrative Expense": NaN,
        "Other Gand A": NaN,
        "Total Revenue": NaN,
        "Operating Revenue": NaN
    },
    "2022-12-31": {
        "Tax Effect Of Unusual Items": NaN,
        "Tax Rate For Calcs": NaN,
        "Normalized EBITDA": NaN,
        "Total Unusual Items": NaN,
        "Total Unusual Items Excluding Goodwill": NaN,
        "Net Income From Continuing Operation Net Minority Interest": NaN,
        "Reconciled Depreciation": NaN,
        "EBITDA": NaN,
        "EBIT": NaN,
        "Net Interest Income": NaN,
        "Interest Income": NaN,
        "Normalized Income": NaN,
        "Net Income From Continuing And Discontinued Operation": NaN,
        "Total Expenses": NaN,
        "Total Operating Income As Reported": NaN,
        "Diluted Average Shares": NaN,
        "Basic Average Shares": NaN,
        "Diluted EPS": NaN,
        "Basic EPS": NaN,
        "Diluted NI Availto Com Stockholders": NaN,
        "Net Income Common Stockholders": NaN,
        "Otherunder Preferred Stock Dividend": NaN,
        "Net Income": NaN,
        "Net Income Including Noncontrolling Interests": NaN,
        "Net Income Continuous Operations": NaN,
        "Pretax Income": NaN,
        "Other Income Expense": NaN,
        "Other Non Operating Income Expenses": 0.0,
        "Gain On Sale Of Security": NaN,
        "Net Non Operating Interest Income Expense": NaN,
        "Interest Income Non Operating": NaN,
        "Operating Income": NaN,
        "Operating Expense": NaN,
        "Research And Development": 25000.0,
        "Selling General And Administration": NaN,
        "General And Administrative Expense": NaN,
        "Other Gand A": NaN,
        "Total Revenue": NaN,
        "Operating Revenue": NaN
    },
    "2022-09-30": {
        "Tax Effect Of Unusual Items": NaN,
        "Tax Rate For Calcs": NaN,
        "Normalized EBITDA": NaN,
        "Total Unusual Items": NaN,
        "Total Unusual Items Excluding Goodwill": NaN,
        "Net Income From Continuing Operation Net Minority Interest": NaN,
        "Reconciled Depreciation": NaN,
        "EBITDA": NaN,
        "EBIT": NaN,
        "Net Interest Income": NaN,
        "Interest Income": NaN,
        "Normalized Income": NaN,
        "Net Income From Continuing And Discontinued Operation": NaN,
        "Total Expenses": NaN,
        "Total Operating Income As Reported": NaN,
        "Diluted Average Shares": 5344989.0,
        "Basic Average Shares": 5344989.0,
        "Diluted EPS": -1.17,
        "Basic EPS": -1.17,
        "Diluted NI Availto Com Stockholders": NaN,
        "Net Income Common Stockholders": NaN,
        "Otherunder Preferred Stock Dividend": 0.0,
        "Net Income": NaN,
        "Net Income Including Noncontrolling Interests": NaN,
        "Net Income Continuous Operations": NaN,
        "Pretax Income": NaN,
        "Other Income Expense": NaN,
        "Other Non Operating Income Expenses": NaN,
        "Gain On Sale Of Security": NaN,
        "Net Non Operating Interest Income Expense": NaN,
        "Interest Income Non Operating": NaN,
        "Operating Income": NaN,
        "Operating Expense": NaN,
        "Research And Development": 586000.0,
        "Selling General And Administration": NaN,
        "General And Administrative Expense": NaN,
        "Other Gand A": NaN,
        "Total Revenue": NaN,
        "Operating Revenue": NaN
    },
    "2022-06-30": {
        "Tax Effect Of Unusual Items": 0.0,
        "Tax Rate For Calcs": 0.0,
        "Normalized EBITDA": 701000.0,
        "Total Unusual Items": -2999000.0,
        "Total Unusual Items Excluding Goodwill": -2999000.0,
        "Net Income From Continuing Operation Net Minority Interest": -5077000.0,
        "Reconciled Depreciation": NaN,
        "EBITDA": -2298000.0,
        "EBIT": -2298000.0,
        "Net Interest Income": 220000.0,
        "Interest Income": 220000.0,
        "Normalized Income": -2078000.0,
        "Net Income From Continuing And Discontinued Operation": -5077000.0,
        "Total Expenses": 2298000.0,
        "Total Operating Income As Reported": -2298000.0,
        "Diluted Average Shares": 5251023.0,
        "Basic Average Shares": 5251023.0,
        "Diluted EPS": -1.18,
        "Basic EPS": -1.18,
        "Diluted NI Availto Com Stockholders": -6177000.0,
        "Net Income Common Stockholders": -6177000.0,
        "Otherunder Preferred Stock Dividend": NaN,
        "Preferred Stock Dividends": 1100000.0,
        "Net Income": -5077000.0,
        "Net Income Including Noncontrolling Interests": -5077000.0,
        "Net Income Continuous Operations": -5077000.0,
        "Pretax Income": -5077000.0,
        "Other Income Expense": -2999000.0,
        "Other Non Operating Income Expenses": NaN,
        "Gain On Sale Of Security": -2999000.0,
        "Net Non Operating Interest Income Expense": 220000.0,
        "Interest Income Non Operating": 220000.0,
        "Operating Income": -2298000.0,
        "Operating Expense": 2298000.0,
        "Research And Development": 36000.0,
        "Selling General And Administration": 2262000.0,
        "General And Administrative Expense": 2262000.0,
        "Other Gand A": 2262000.0,
        "Total Revenue": 0.0,
        "Operating Revenue": 0.0
    },
    "2022-03-31": {
        "Diluted EPS": -1.25,
        "Total Revenue": NaN,
        "Gross Profit": NaN,
        "Operating Income": -4,
        "EBIT": -4,
        "Net Income": -7
    },
    "2021-12-31": {
        "Diluted EPS": -0.02,
        "Total Revenue": NaN,
        "Gross Profit": NaN,
        "Operating Income": -3,
        "EBIT": -3,
        "Net Income": -2
    },
    "2021-09-30": {
        "Diluted EPS": -0.01,
        "Total Revenue": NaN,
        "Gross Profit": NaN,
        "Operating Income": -2,
        "EBIT": -2,
        "Net Income": 0
    },
    "2021-06-30": {
        "Diluted EPS": -0.26,
        "Total Revenue": NaN,
        "Gross Profit": NaN,
        "Operating Income": -3,
        "EBIT": -3,
        "Net Income": -1
    },
    "2021-03-31": {
        "Diluted EPS": -1.19,
        "Total Revenue": NaN,
        "Gross Profit": NaN,
        "Operating Income": -2,
        "EBIT": -2,
        "Net Income": -4
    },
    "2020-12-31": {
        "Diluted EPS": 10.2,
        "Total Revenue": NaN,
        "Gross Profit": NaN,
        "Operating Income": -1,
        "EBIT": -1,
        "Net Income": 0
    },
    "2020-09-30": {
        "Diluted EPS": -1.02,
        "Total Revenue": NaN,
        "Gross Profit": NaN,
        "Operating Income": -1,
        "EBIT": -1,
        "Net Income": -2
    },
    "2020-06-30": {
        "Diluted EPS": -1.19,
        "Total Revenue": NaN,
        "Gross Profit": NaN,
        "Operating Income": -2,
        "EBIT": -2,
        "Net Income": -2
    },
    "2020-03-31": {
        "Diluted EPS": -15.48,
        "Total Revenue": NaN,
        "Gross Profit": NaN,
        "Operating Income": -2,
        "EBIT": -2,
        "Net Income": -8
    },
    "2019-12-31": {
        "Diluted EPS": 9.86,
        "Total Revenue": NaN,
        "Gross Profit": NaN,
        "Operating Income": -3,
        "EBIT": -3,
        "Net Income": 1
    },
    "2019-09-30": {
        "Diluted EPS": -23.47,
        "Total Revenue": NaN,
        "Gross Profit": NaN,
        "Operating Income": -1,
        "EBIT": -1,
        "Net Income": -3
    },
    "2019-06-30": {
        "Diluted EPS": -5.1,
        "Total Revenue": NaN,
        "Gross Profit": NaN,
        "Operating Income": -1,
        "EBIT": -1,
        "Net Income": -1
    },
    "2019-03-31": {
        "Diluted EPS": -9.69,
        "Total Revenue": NaN,
        "Gross Profit": NaN,
        "Operating Income": -1,
        "EBIT": -1,
        "Net Income": -1
    },
    "2018-12-31": {
        "Diluted EPS": 51.19,
        "Total Revenue": NaN,
        "Gross Profit": NaN,
        "Operating Income": -2,
        "EBIT": -1,
        "Net Income": 6
    },
    "2018-09-30": {
        "Diluted EPS": -15.99,
        "Total Revenue": NaN,
        "Gross Profit": NaN,
        "Operating Income": -2,
        "EBIT": -1,
        "Net Income": -2
    },
    "2018-06-30": {
        "Diluted EPS": -3.4,
        "Total Revenue": NaN,
        "Gross Profit": NaN,
        "Operating Income": -1,
        "EBIT": -1,
        "Net Income": 0
    },
    "2018-03-31": {
        "Diluted EPS": -16.33,
        "Total Revenue": NaN,
        "Gross Profit": NaN,
        "Operating Income": -2,
        "EBIT": -1,
        "Net Income": -1
    },
    "2017-12-31": {
        "Diluted EPS": -7.95,
        "Total Revenue": 0,
        "Gross Profit": 0,
        "Operating Income": -1,
        "EBIT": -1,
        "Net Income": -1
    },
    "2017-09-30": {
        "Diluted EPS": 5.78,
        "Total Revenue": 0,
        "Gross Profit": 0,
        "Operating Income": -1,
        "EBIT": -1,
        "Net Income": 0
    },
    "2017-06-30": {
        "Diluted EPS": -27.47,
        "Total Revenue": 0,
        "Gross Profit": 0,
        "Operating Income": -1,
        "EBIT": 0,
        "Net Income": -2
    },
    "2017-03-31": {
        "Diluted EPS": -13.73,
        "Total Revenue": 0,
        "Gross Profit": 0,
        "Operating Income": -1,
        "EBIT": -1,
        "Net Income": -1
    },
    "2016-12-31": {
        "Diluted EPS": -168.41,
        "Total Revenue": 0,
        "Gross Profit": 0,
        "Operating Income": -4,
        "EBIT": -1,
        "Net Income": -3
    },
    "2016-09-30": {
        "Diluted EPS": -7.95,
        "Total Revenue": 0,
        "Gross Profit": 0,
        "Operating Income": -1,
        "EBIT": -1,
        "Net Income": 0
    },
    "2016-06-30": {
        "Diluted EPS": 665.67,
        "Total Revenue": 0,
        "Gross Profit": 0,
        "Operating Income": -2,
        "EBIT": -1,
        "Net Income": 29
    },
    "2016-03-31": {
        "Diluted EPS": -18.79,
        "Total Revenue": 0,
        "Gross Profit": 0,
        "Operating Income": -2,
        "EBIT": -1,
        "Net Income": -1
    },
    "2015-12-31": {
        "Diluted EPS": 437.28,
        "Total Revenue": 0,
        "Gross Profit": 0,
        "Operating Income": -6,
        "EBIT": -2,
        "Net Income": 5
    },
    "2015-09-30": {
        "Diluted EPS": -112.75,
        "Total Revenue": NaN,
        "Gross Profit": NaN,
        "Operating Income": -2,
        "EBIT": -1,
        "Net Income": -3
    },
    "2015-06-30": {
        "Diluted EPS": NaN,
        "Total Revenue": NaN,
        "Gross Profit": NaN,
        "Operating Income": -40,
        "EBIT": -1,
        "Net Income": -40
    },
    "2015-03-31": {
        "Diluted EPS": -195.87,
        "Total Revenue": 0,
        "Gross Profit": 0,
        "Operating Income": -4,
        "EBIT": -2,
        "Net Income": -4
    },
    "2014-12-31": {
        "Diluted EPS": NaN,
        "Total Revenue": 0,
        "Gross Profit": 0,
        "Operating Income": -6,
        "EBIT": -3,
        "Net Income": -6
    },
    "2014-09-30": {
        "Diluted EPS": -247.34,
        "Total Revenue": 0,
        "Gross Profit": 0,
        "Operating Income": -5,
        "EBIT": -3,
        "Net Income": -5
    },
    "2014-06-30": {
        "Diluted EPS": -948.12,
        "Total Revenue": 0,
        "Gross Profit": 0,
        "Operating Income": -12,
        "EBIT": -9,
        "Net Income": -12
    },
    "2014-03-31": {
        "Diluted EPS": NaN,
        "Total Revenue": 0,
        "Gross Profit": 0,
        "Operating Income": -8,
        "EBIT": -6,
        "Net Income": -8
    },
    "2013-12-31": {
        "Diluted EPS": -302.3,
        "Total Revenue": 0,
        "Gross Profit": 0,
        "Operating Income": -4,
        "EBIT": -4,
        "Net Income": -4
    },
    "2013-09-30": {
        "Diluted EPS": NaN,
        "Total Revenue": 0,
        "Gross Profit": 0,
        "Operating Income": -9,
        "EBIT": -9,
        "Net Income": -9
    },
    "2013-06-30": {
        "Diluted EPS": NaN,
        "Total Revenue": NaN,
        "Gross Profit": NaN,
        "Operating Income": -1,
        "EBIT": -1,
        "Net Income": -1
    },
    "2013-03-31": {
        "Diluted EPS": NaN,
        "Total Revenue": 0,
        "Gross Profit": 0,
        "Operating Income": -1,
        "EBIT": -1,
        "Net Income": -4
    },
    "2012-12-31": {
        "Diluted EPS": NaN,
        "Total Revenue": 0,
        "Gross Profit": 0,
        "Operating Income": -1,
        "EBIT": -1,
        "Net Income": -2
    },
    "2012-09-30": {
        "Diluted EPS": NaN,
        "Total Revenue": 0,
        "Gross Profit": 0,
        "Operating Income": -1,
        "EBIT": -1,
        "Net Income": -1
    },
    "2012-06-30": {
        "Diluted EPS": NaN,
        "Total Revenue": NaN,
        "Gross Profit": NaN,
        "Operating Income": -1,
        "EBIT": -1,
        "Net Income": 0
    },
    "2012-03-31": {
        "Diluted EPS": NaN,
        "Total Revenue": NaN,
        "Gross Profit": NaN,
        "Operating Income": -1,
        "EBIT": -1,
        "Net Income": -1
    },
    "2011-12-31": {
        "Diluted EPS": NaN,
        "Total Revenue": NaN,
        "Gross Profit": NaN,
        "Operating Income": 0,
        "EBIT": 0,
        "Net Income": 2
    },
    "2011-09-30": {
        "Diluted EPS": NaN,
        "Total Revenue": 0,
        "Gross Profit": 0,
        "Operating Income": -1,
        "EBIT": -1,
        "Net Income": -1
    },
    "2011-06-30": {
        "Diluted EPS": NaN,
        "Total Revenue": 0,
        "Gross Profit": 0,
        "Operating Income": -1,
        "EBIT": -1,
        "Net Income": -1
    },
    "2011-03-31": {
        "Diluted EPS": NaN,
        "Total Revenue": 0,
        "Gross Profit": 0,
        "Operating Income": -1,
        "EBIT": -1,
        "Net Income": 0
    },
    "2010-12-31": {
        "Diluted EPS": NaN,
        "Total Revenue": 0,
        "Gross Profit": 0,
        "Operating Income": -1,
        "EBIT": -1,
        "Net Income": -1
    },
    "2010-09-30": {
        "Diluted EPS": NaN,
        "Total Revenue": 0,
        "Gross Profit": 0,
        "Operating Income": -2,
        "EBIT": -2,
        "Net Income": -2
    },
    "2010-06-30": {
        "Diluted EPS": NaN,
        "Total Revenue": 0,
        "Gross Profit": 0,
        "Operating Income": -3,
        "EBIT": -3,
        "Net Income": -3
    },
    "2010-03-31": {
        "Diluted EPS": NaN,
        "Total Revenue": 0,
        "Gross Profit": 0,
        "Operating Income": -2,
        "EBIT": -2,
        "Net Income": -2
    },
    "2009-12-31": {
        "Diluted EPS": -0.22,
        "Total Revenue": 0,
        "Gross Profit": 0,
        "Operating Income": -3,
        "EBIT": -3,
        "Net Income": -3
    },
    "2009-09-30": {
        "Diluted EPS": -0.15,
        "Total Revenue": 0,
        "Gross Profit": 0,
        "Operating Income": -2,
        "EBIT": -2,
        "Net Income": -2
    },
    "2009-06-30": {
        "Diluted EPS": -0.11,
        "Total Revenue": 0,
        "Gross Profit": 0,
        "Operating Income": -2,
        "EBIT": -2,
        "Net Income": -2
    },
    "2009-03-31": {
        "Diluted EPS": -0.14,
        "Total Revenue": 0,
        "Gross Profit": 0,
        "Operating Income": -2,
        "EBIT": -2,
        "Net Income": -2
    },
    "2023-06-30": {
        "Tax Effect Of Unusual Items": 0.0,
        "Tax Rate For Calcs": 0.0,
        "Normalized EBITDA": -9084000.0,
        "Total Unusual Items": 188000.0,
        "Total Unusual Items Excluding Goodwill": 188000.0,
        "Net Income From Continuing Operation Net Minority Interest": -8663000.0,
        "Reconciled Depreciation": 115000.0,
        "EBITDA": -8896000.0,
        "EBIT": -9011000.0,
        "Net Interest Income": 160000.0,
        "Interest Income": 160000.0,
        "Normalized Income": -8851000.0,
        "Net Income From Continuing And Discontinued Operation": -8663000.0,
        "Total Expenses": 9082000.0,
        "Total Operating Income As Reported": -9011000.0,
        "Diluted Average Shares": 4827239.0,
        "Basic Average Shares": 4827239.0,
        "Diluted EPS": -1.79,
        "Basic EPS": -1.79,
        "Diluted NI Availto Com Stockholders": -8663000.0,
        "Net Income Common Stockholders": -8663000.0,
        "Otherunder Preferred Stock Dividend": NaN,
        "Net Income": -8663000.0,
        "Net Income Including Noncontrolling Interests": -8663000.0,
        "Net Income Continuous Operations": -8663000.0,
        "Pretax Income": -8663000.0,
        "Other Income Expense": 188000.0,
        "Gain On Sale Of Security": 188000.0,
        "Net Non Operating Interest Income Expense": 160000.0,
        "Interest Income Non Operating": 160000.0,
        "Operating Income": -9011000.0,
        "Operating Expense": 9082000.0,
        "Research And Development": 2000.0,
        "Selling General And Administration": 9080000.0,
        "General And Administrative Expense": 9080000.0,
        "Other Gand A": 9080000.0,
        "Total Revenue": 71000.0,
        "Operating Revenue": 71000.0
    },
    "2023-09-30": {
        "Tax Effect Of Unusual Items": NaN,
        "Tax Rate For Calcs": NaN,
        "Normalized EBITDA": NaN,
        "Total Unusual Items": NaN,
        "Total Unusual Items Excluding Goodwill": NaN,
        "Net Income From Continuing Operation Net Minority Interest": NaN,
        "Reconciled Depreciation": NaN,
        "EBITDA": NaN,
        "EBIT": NaN,
        "Net Interest Income": NaN,
        "Interest Income": NaN,
        "Normalized Income": NaN,
        "Net Income From Continuing And Discontinued Operation": NaN,
        "Total Expenses": NaN,
        "Total Operating Income As Reported": NaN,
        "Diluted Average Shares": 5345312.0,
        "Basic Average Shares": 5345312.0,
        "Diluted EPS": -0.66,
        "Basic EPS": -0.66,
        "Diluted NI Availto Com Stockholders": NaN,
        "Net Income Common Stockholders": NaN,
        "Otherunder Preferred Stock Dividend": 0.0,
        "Net Income": NaN,
        "Net Income Including Noncontrolling Interests": NaN,
        "Net Income Continuous Operations": NaN,
        "Pretax Income": NaN,
        "Other Income Expense": NaN,
        "Other Non Operating Income Expenses": NaN,
        "Gain On Sale Of Security": NaN,
        "Net Non Operating Interest Income Expense": NaN,
        "Interest Income Non Operating": NaN,
        "Operating Income": NaN,
        "Operating Expense": NaN,
        "Research And Development": 0.0,
        "Selling General And Administration": NaN,
        "General And Administrative Expense": NaN,
        "Other Gand A": NaN,
        "Total Revenue": NaN,
        "Operating Revenue": NaN
    },
    "2024-03-31": {
        "Tax Effect Of Unusual Items": NaN,
        "Tax Rate For Calcs": NaN,
        "Normalized EBITDA": NaN,
        "Total Unusual Items": NaN,
        "Total Unusual Items Excluding Goodwill": NaN,
        "Net Income From Continuing Operation Net Minority Interest": NaN,
        "Reconciled Depreciation": NaN,
        "EBITDA": NaN,
        "EBIT": NaN,
        "Net Interest Income": NaN,
        "Interest Income": NaN,
        "Normalized Income": NaN,
        "Net Income From Continuing And Discontinued Operation": NaN,
        "Total Expenses": NaN,
        "Total Operating Income As Reported": NaN,
        "Diluted Average Shares": 5995065.0,
        "Basic Average Shares": 5995065.0,
        "Diluted EPS": -0.91,
        "Basic EPS": -0.91,
        "Diluted NI Availto Com Stockholders": NaN,
        "Net Income Common Stockholders": NaN,
        "Net Income": NaN,
        "Minority Interests": NaN,
        "Net Income Including Noncontrolling Interests": NaN,
        "Net Income Continuous Operations": NaN,
        "Pretax Income": NaN,
        "Other Income Expense": NaN,
        "Other Non Operating Income Expenses": -915000.0,
        "Gain On Sale Of Security": NaN,
        "Net Non Operating Interest Income Expense": NaN,
        "Interest Income Non Operating": NaN,
        "Operating Income": NaN,
        "Operating Expense": NaN,
        "Research And Development": NaN,
        "Selling General And Administration": NaN,
        "General And Administrative Expense": NaN,
        "Other Gand A": NaN,
        "Total Revenue": NaN,
        "Operating Revenue": NaN
    },
    "2024-06-30": {
        "Tax Effect Of Unusual Items": 0.0,
        "Tax Rate For Calcs": 0.0,
        "Normalized EBITDA": 1055000.0,
        "Total Unusual Items": -3669000.0,
        "Total Unusual Items Excluding Goodwill": -3669000.0,
        "Net Income From Continuing Operation Net Minority Interest": -6120000.0,
        "Reconciled Depreciation": 122000.0,
        "EBITDA": -2614000.0,
        "EBIT": -2736000.0,
        "Net Interest Income": 285000.0,
        "Interest Income": 285000.0,
        "Normalized Income": -2451000.0,
        "Net Income From Continuing And Discontinued Operation": -6120000.0,
        "Total Expenses": 8910000.0,
        "Total Operating Income As Reported": -2736000.0,
        "Diluted Average Shares": 6063003.0,
        "Basic Average Shares": 6063003.0,
        "Diluted EPS": -1.01,
        "Basic EPS": -1.01,
        "Diluted NI Availto Com Stockholders": -6120000.0,
        "Net Income Common Stockholders": -6120000.0,
        "Net Income": -6120000.0,
        "Minority Interests": 0.0,
        "Net Income Including Noncontrolling Interests": -6120000.0,
        "Net Income Continuous Operations": -6120000.0,
        "Pretax Income": -6120000.0,
        "Other Income Expense": -3669000.0,
        "Other Non Operating Income Expenses": -742000.0,
        "Gain On Sale Of Security": -3669000.0,
        "Net Non Operating Interest Income Expense": 285000.0,
        "Interest Income Non Operating": 285000.0,
        "Operating Income": -2736000.0,
        "Operating Expense": 8910000.0,
        "Research And Development": 0.0,
        "Selling General And Administration": 8910000.0,
        "General And Administrative Expense": 8910000.0,
        "Other Gand A": 8910000.0,
        "Total Revenue": 6174000.0,
        "Operating Revenue": 6174000.0
    },
    "2024-09-30": {
        "Tax Effect Of Unusual Items": 0.0,
        "Tax Rate For Calcs": 0.0,
        "Normalized EBITDA": -1776000.0,
        "Total Unusual Items": -1295000.0,
        "Total Unusual Items Excluding Goodwill": -1295000.0,
        "Net Income From Continuing Operation Net Minority Interest": -4211000.0,
        "Reconciled Depreciation": 125000.0,
        "EBITDA": -3071000.0,
        "EBIT": -3196000.0,
        "Net Interest Income": 280000.0,
        "Interest Income": 280000.0,
        "Normalized Income": -2916000.0,
        "Net Income From Continuing And Discontinued Operation": -4211000.0,
        "Total Expenses": 7239000.0,
        "Total Operating Income As Reported": -3196000.0,
        "Diluted Average Shares": 6328261.0,
        "Basic Average Shares": 6328261.0,
        "Diluted EPS": -0.67,
        "Basic EPS": -0.67,
        "Diluted NI Availto Com Stockholders": -4211000.0,
        "Net Income Common Stockholders": -4211000.0,
        "Net Income": -4211000.0,
        "Minority Interests": NaN,
        "Net Income Including Noncontrolling Interests": -4211000.0,
        "Net Income Continuous Operations": -4211000.0,
        "Pretax Income": -4211000.0,
        "Other Income Expense": -1295000.0,
        "Other Non Operating Income Expenses": -429000.0,
        "Gain On Sale Of Security": -1295000.0,
        "Net Non Operating Interest Income Expense": 280000.0,
        "Interest Income Non Operating": 280000.0,
        "Operating Income": -3196000.0,
        "Operating Expense": 7239000.0,
        "Research And Development": 0.0,
        "Selling General And Administration": 7239000.0,
        "General And Administrative Expense": 7239000.0,
        "Other Gand A": 7239000.0,
        "Total Revenue": 4043000.0,
        "Operating Revenue": 4043000.0
    },
    "2024-12-31": {
        "Tax Effect Of Unusual Items": 743820.0,
        "Tax Rate For Calcs": 0.21,
        "Normalized EBITDA": -6202000.0,
        "Total Unusual Items": 3542000.0,
        "Total Unusual Items Excluding Goodwill": 3542000.0,
        "Net Income From Continuing Operation Net Minority Interest": 1069000.0,
        "Reconciled Depreciation": 130000.0,
        "EBITDA": -2660000.0,
        "EBIT": -2790000.0,
        "Net Interest Income": 231000.0,
        "Interest Income": 231000.0,
        "Normalized Income": -1729180.0,
        "Net Income From Continuing And Discontinued Operation": 1069000.0,
        "Total Expenses": 9352000.0,
        "Total Operating Income As Reported": -2790000.0,
        "Diluted Average Shares": NaN,
        "Basic Average Shares": NaN,
        "Diluted EPS": NaN,
        "Basic EPS": NaN,
        "Diluted NI Availto Com Stockholders": 1069000.0,
        "Net Income Common Stockholders": 1069000.0,
        "Net Income": 1069000.0,
        "Minority Interests": NaN,
        "Net Income Including Noncontrolling Interests": 1069000.0,
        "Net Income Continuous Operations": 1069000.0,
        "Pretax Income": 1069000.0,
        "Other Income Expense": 3628000.0,
        "Other Non Operating Income Expenses": -175000.0,
        "Gain On Sale Of Security": 3542000.0,
        "Net Non Operating Interest Income Expense": 231000.0,
        "Interest Income Non Operating": 231000.0,
        "Operating Income": -2790000.0,
        "Operating Expense": 9352000.0,
        "Research And Development": 0.0,
        "Selling General And Administration": 9352000.0,
        "General And Administrative Expense": 9352000.0,
        "Other Gand A": 9352000.0,
        "Total Revenue": 6562000.0,
        "Operating Revenue": 6562000.0
    },
    "2023-12-31": {
        "Tax Effect Of Unusual Items": NaN,
        "Tax Rate For Calcs": NaN,
        "Normalized EBITDA": NaN,
        "Total Unusual Items": NaN,
        "Total Unusual Items Excluding Goodwill": NaN,
        "Net Income From Continuing Operation Net Minority Interest": NaN,
        "Reconciled Depreciation": NaN,
        "EBITDA": NaN,
        "EBIT": NaN,
        "Net Interest Income": NaN,
        "Interest Income": NaN,
        "Normalized Income": NaN,
        "Net Income From Continuing And Discontinued Operation": NaN,
        "Total Expenses": NaN,
        "Total Operating Income As Reported": NaN,
        "Diluted Average Shares": NaN,
        "Basic Average Shares": NaN,
        "Diluted EPS": NaN,
        "Basic EPS": NaN,
        "Diluted NI Availto Com Stockholders": NaN,
        "Net Income Common Stockholders": NaN,
        "Net Income": NaN,
        "Minority Interests": NaN,
        "Net Income Including Noncontrolling Interests": NaN,
        "Net Income Continuous Operations": NaN,
        "Pretax Income": NaN,
        "Other Income Expense": NaN,
        "Other Non Operating Income Expenses": NaN,
        "Gain On Sale Of Security": NaN,
        "Net Non Operating Interest Income Expense": NaN,
        "Interest Income Non Operating": NaN,
        "Operating Income": NaN,
        "Operating Expense": NaN,
        "Research And Development": -6000.0,
        "Selling General And Administration": NaN,
        "General And Administrative Expense": NaN,
        "Other Gand A": NaN,
        "Total Revenue": NaN,
        "Operating Revenue": NaN
    },
    "2025-03-31": {
        "Tax Effect Of Unusual Items": 0.0,
        "Tax Rate For Calcs": 0.0,
        "Normalized EBITDA": -31395000.0,
        "Total Unusual Items": -537000.0,
        "Total Unusual Items Excluding Goodwill": -537000.0,
        "Net Income From Continuing Operation Net Minority Interest": -32488000.0,
        "Reconciled Depreciation": 78000.0,
        "EBITDA": -31932000.0,
        "EBIT": -32010000.0,
        "Net Interest Income": 59000.0,
        "Interest Income": 59000.0,
        "Normalized Income": -31951000.0,
        "Net Income From Continuing And Discontinued Operation": -32488000.0,
        "Total Expenses": 40122000.0,
        "Total Operating Income As Reported": -32010000.0,
        "Diluted Average Shares": 10775219.0,
        "Basic Average Shares": 10775219.0,
        "Diluted EPS": -3.02,
        "Basic EPS": -3.02,
        "Diluted NI Availto Com Stockholders": -32488000.0,
        "Net Income Common Stockholders": -32488000.0,
        "Net Income": -32488000.0,
        "Minority Interests": NaN,
        "Net Income Including Noncontrolling Interests": -32488000.0,
        "Net Income Continuous Operations": -32488000.0,
        "Pretax Income": -32488000.0,
        "Other Income Expense": -537000.0,
        "Other Non Operating Income Expenses": 221000.0,
        "Gain On Sale Of Security": -537000.0,
        "Net Non Operating Interest Income Expense": 59000.0,
        "Interest Income Non Operating": 59000.0,
        "Operating Income": -32010000.0,
        "Operating Expense": 40122000.0,
        "Research And Development": NaN,
        "Selling General And Administration": 40122000.0,
        "General And Administrative Expense": 40122000.0,
        "Other Gand A": 40122000.0,
        "Total Revenue": 8112000.0,
        "Operating Revenue": 8112000.0
    },
    "2025-06-30": {
        "Tax Effect Of Unusual Items": 7711620.0,
        "Tax Rate For Calcs": 0.21,
        "Normalized EBITDA": -55963000.0,
        "Total Unusual Items": 36722000.0,
        "Total Unusual Items Excluding Goodwill": 36722000.0,
        "Net Income From Continuing Operation Net Minority Interest": 16610000.0,
        "Reconciled Depreciation": 185000.0,
        "EBITDA": -19241000.0,
        "EBIT": -19426000.0,
        "Net Interest Income": 364000.0,
        "Interest Income": 364000.0,
        "Normalized Income": -12400380.0,
        "Net Income From Continuing And Discontinued Operation": 16610000.0,
        "Total Expenses": 53521000.0,
        "Total Operating Income As Reported": -19426000.0,
        "Diluted Average Shares": 14830534.0,
        "Basic Average Shares": 14830534.0,
        "Diluted EPS": 1.12,
        "Basic EPS": 1.12,
        "Diluted NI Availto Com Stockholders": 16610000.0,
        "Net Income Common Stockholders": 16610000.0,
        "Net Income": 16610000.0,
        "Minority Interests": -1050000.0,
        "Net Income Including Noncontrolling Interests": 17660000.0,
        "Net Income Continuous Operations": 17660000.0,
        "Pretax Income": 17660000.0,
        "Other Income Expense": 36722000.0,
        "Other Non Operating Income Expenses": NaN,
        "Gain On Sale Of Security": 36722000.0,
        "Net Non Operating Interest Income Expense": 364000.0,
        "Interest Income Non Operating": 364000.0,
        "Operating Income": -19426000.0,
        "Operating Expense": 53521000.0,
        "Research And Development": NaN,
        "Selling General And Administration": 53521000.0,
        "General And Administrative Expense": 53521000.0,
        "Other Gand A": 53521000.0,
        "Total Revenue": 34095000.0,
        "Operating Revenue": 34095000.0
    }
}