{
    "2023-03-31": {
        "Tax Effect Of Unusual Items": NaN,
        "Tax Rate For Calcs": NaN,
        "Normalized EBITDA": NaN,
        "Total Unusual Items": NaN,
        "Total Unusual Items Excluding Goodwill": NaN,
        "Net Income From Continuing Operation Net Minority Interest": NaN,
        "Reconciled Depreciation": NaN,
        "Reconciled Cost Of Revenue": NaN,
        "EBITDA": NaN,
        "EBIT": NaN,
        "Net Interest Income": NaN,
        "Interest Expense": NaN,
        "Interest Income": NaN,
        "Normalized Income": NaN,
        "Net Income From Continuing And Discontinued Operation": NaN,
        "Total Expenses": NaN,
        "Total Operating Income As Reported": NaN,
        "Diluted Average Shares": NaN,
        "Basic Average Shares": NaN,
        "Diluted EPS": NaN,
        "Basic EPS": NaN,
        "Diluted NI Availto Com Stockholders": NaN,
        "Net Income Common Stockholders": NaN,
        "Otherunder Preferred Stock Dividend": NaN,
        "Net Income": NaN,
        "Minority Interests": NaN,
        "Net Income Including Noncontrolling Interests": NaN,
        "Net Income Continuous Operations": NaN,
        "Tax Provision": NaN,
        "Pretax Income": NaN,
        "Other Income Expense": NaN,
        "Special Income Charges": NaN,
        "Other Special Charges": NaN,
        "Restructuring And Mergern Acquisition": NaN,
        "Earnings From Equity Interest": NaN,
        "Gain On Sale Of Security": NaN,
        "Net Non Operating Interest Income Expense": NaN,
        "Interest Expense Non Operating": NaN,
        "Interest Income Non Operating": NaN,
        "Operating Income": NaN,
        "Operating Expense": NaN,
        "Other Operating Expenses": NaN,
        "Depreciation Amortization Depletion Income Statement": NaN,
        "Depreciation And Amortization In Income Statement": NaN,
        "Research And Development": 6012000.0,
        "Selling General And Administration": NaN,
        "Selling And Marketing Expense": NaN,
        "General And Administrative Expense": NaN,
        "Other Gand A": NaN,
        "Gross Profit": NaN,
        "Cost Of Revenue": NaN,
        "Total Revenue": NaN,
        "Operating Revenue": NaN
    },
    "2022-12-31": {
        "Tax Effect Of Unusual Items": NaN,
        "Tax Rate For Calcs": NaN,
        "Normalized EBITDA": NaN,
        "Total Unusual Items": NaN,
        "Total Unusual Items Excluding Goodwill": NaN,
        "Net Income From Continuing Operation Net Minority Interest": NaN,
        "Reconciled Depreciation": NaN,
        "Reconciled Cost Of Revenue": NaN,
        "EBITDA": NaN,
        "EBIT": NaN,
        "Net Interest Income": NaN,
        "Interest Income": NaN,
        "Normalized Income": NaN,
        "Net Income From Continuing And Discontinued Operation": NaN,
        "Total Expenses": NaN,
        "Total Operating Income As Reported": NaN,
        "Diluted Average Shares": NaN,
        "Basic Average Shares": NaN,
        "Diluted EPS": NaN,
        "Basic EPS": NaN,
        "Diluted NI Availto Com Stockholders": NaN,
        "Net Income Common Stockholders": NaN,
        "Otherunder Preferred Stock Dividend": NaN,
        "Net Income": NaN,
        "Minority Interests": NaN,
        "Net Income Including Noncontrolling Interests": NaN,
        "Net Income Continuous Operations": NaN,
        "Tax Provision": NaN,
        "Pretax Income": NaN,
        "Other Income Expense": NaN,
        "Special Income Charges": NaN,
        "Other Special Charges": NaN,
        "Restructuring And Mergern Acquisition": NaN,
        "Earnings From Equity Interest": NaN,
        "Gain On Sale Of Security": NaN,
        "Net Non Operating Interest Income Expense": NaN,
        "Interest Income Non Operating": NaN,
        "Operating Income": NaN,
        "Operating Expense": NaN,
        "Other Operating Expenses": NaN,
        "Depreciation Amortization Depletion Income Statement": NaN,
        "Depreciation And Amortization In Income Statement": NaN,
        "Research And Development": 5964000.0,
        "Selling General And Administration": NaN,
        "Selling And Marketing Expense": NaN,
        "General And Administrative Expense": NaN,
        "Other Gand A": NaN,
        "Gross Profit": NaN,
        "Cost Of Revenue": NaN,
        "Total Revenue": NaN,
        "Operating Revenue": NaN
    },
    "2022-09-30": {
        "Tax Effect Of Unusual Items": NaN,
        "Tax Rate For Calcs": NaN,
        "Normalized EBITDA": NaN,
        "Total Unusual Items": NaN,
        "Total Unusual Items Excluding Goodwill": NaN,
        "Net Income From Continuing Operation Net Minority Interest": NaN,
        "Reconciled Depreciation": NaN,
        "Reconciled Cost Of Revenue": NaN,
        "EBITDA": NaN,
        "EBIT": NaN,
        "Net Interest Income": NaN,
        "Interest Income": NaN,
        "Normalized Income": NaN,
        "Net Income From Continuing And Discontinued Operation": NaN,
        "Total Expenses": NaN,
        "Total Operating Income As Reported": NaN,
        "Diluted Average Shares": NaN,
        "Basic Average Shares": NaN,
        "Diluted EPS": NaN,
        "Basic EPS": NaN,
        "Diluted NI Availto Com Stockholders": NaN,
        "Net Income Common Stockholders": NaN,
        "Otherunder Preferred Stock Dividend": 175000.0,
        "Net Income": NaN,
        "Minority Interests": NaN,
        "Net Income Including Noncontrolling Interests": NaN,
        "Net Income Continuous Operations": NaN,
        "Tax Provision": NaN,
        "Pretax Income": NaN,
        "Other Income Expense": NaN,
        "Special Income Charges": NaN,
        "Other Special Charges": -28000.0,
        "Restructuring And Mergern Acquisition": NaN,
        "Earnings From Equity Interest": NaN,
        "Gain On Sale Of Security": NaN,
        "Net Non Operating Interest Income Expense": NaN,
        "Total Other Finance Cost": -493000.0,
        "Interest Income Non Operating": NaN,
        "Operating Income": NaN,
        "Operating Expense": NaN,
        "Other Operating Expenses": NaN,
        "Depreciation Amortization Depletion Income Statement": NaN,
        "Depreciation And Amortization In Income Statement": NaN,
        "Research And Development": NaN,
        "Selling General And Administration": NaN,
        "Selling And Marketing Expense": NaN,
        "General And Administrative Expense": NaN,
        "Other Gand A": NaN,
        "Gross Profit": NaN,
        "Cost Of Revenue": NaN,
        "Total Revenue": NaN,
        "Operating Revenue": NaN
    },
    "2022-06-30": {
        "Tax Effect Of Unusual Items": 245550.777038,
        "Tax Rate For Calcs": 0.351792,
        "Normalized EBITDA": 15916000.0,
        "Total Unusual Items": 698000.0,
        "Total Unusual Items Excluding Goodwill": 698000.0,
        "Net Income From Continuing Operation Net Minority Interest": 10246000.0,
        "Reconciled Depreciation": 1986000.0,
        "Reconciled Cost Of Revenue": 267182000.0,
        "EBITDA": 16614000.0,
        "EBIT": 14628000.0,
        "Net Interest Income": 32000.0,
        "Interest Income": 32000.0,
        "Normalized Income": 9793550.777038,
        "Net Income From Continuing And Discontinued Operation": 10246000.0,
        "Total Expenses": 349731000.0,
        "Total Operating Income As Reported": 14628000.0,
        "Diluted Average Shares": 81606658.0,
        "Basic Average Shares": 81549521.0,
        "Diluted EPS": 0.12,
        "Basic EPS": 0.12,
        "Diluted NI Availto Com Stockholders": 9807000.0,
        "Net Income Common Stockholders": 9807000.0,
        "Otherunder Preferred Stock Dividend": 439000.0,
        "Net Income": 10246000.0,
        "Minority Interests": 27000.0,
        "Net Income Including Noncontrolling Interests": 10219000.0,
        "Net Income Continuous Operations": 10219000.0,
        "Tax Provision": 5546000.0,
        "Pretax Income": 15765000.0,
        "Other Income Expense": 1105000.0,
        "Other Non Operating Income Expenses": 521000.0,
        "Special Income Charges": 553000.0,
        "Other Special Charges": -553000.0,
        "Restructuring And Mergern Acquisition": 0.0,
        "Earnings From Equity Interest": -114000.0,
        "Gain On Sale Of Security": 145000.0,
        "Net Non Operating Interest Income Expense": 32000.0,
        "Total Other Finance Cost": NaN,
        "Interest Income Non Operating": 32000.0,
        "Operating Income": 14628000.0,
        "Operating Expense": 82549000.0,
        "Other Operating Expenses": 19563000.0,
        "Depreciation Amortization Depletion Income Statement": 1986000.0,
        "Depreciation And Amortization In Income Statement": 1986000.0,
        "Research And Development": 5989000.0,
        "Selling General And Administration": 55011000.0,
        "Selling And Marketing Expense": 22136000.0,
        "General And Administrative Expense": 32875000.0,
        "Other Gand A": 32875000.0,
        "Gross Profit": 97177000.0,
        "Cost Of Revenue": 267182000.0,
        "Total Revenue": 364359000.0,
        "Operating Revenue": 358877000.0
    },
    "2022-03-31": {
        "Diluted EPS": 0.08,
        "Total Revenue": 309,
        "Gross Profit": 85,
        "Operating Income": 8,
        "EBIT": 10,
        "Net Income": 7
    },
    "2021-12-31": {
        "Diluted EPS": 0.25,
        "Total Revenue": 334,
        "Gross Profit": -161,
        "Operating Income": 19,
        "EBIT": 21,
        "Net Income": 20
    },
    "2021-09-30": {
        "Diluted EPS": 0.31,
        "Total Revenue": 354,
        "Gross Profit": 97,
        "Operating Income": 26,
        "EBIT": 26,
        "Net Income": 25
    },
    "2021-06-30": {
        "Diluted EPS": 0.49,
        "Total Revenue": 392,
        "Gross Profit": 108,
        "Operating Income": 43,
        "EBIT": 43,
        "Net Income": 39
    },
    "2021-03-31": {
        "Diluted EPS": 0.17,
        "Total Revenue": 273,
        "Gross Profit": 76,
        "Operating Income": 14,
        "EBIT": 14,
        "Net Income": 14
    },
    "2020-12-31": {
        "Diluted EPS": 0.0,
        "Total Revenue": NaN,
        "Gross Profit": NaN,
        "Operating Income": NaN,
        "EBIT": NaN,
        "Net Income": NaN
    },
    "2019-12-31": {
        "Diluted EPS": 0.0,
        "Total Revenue": NaN,
        "Gross Profit": NaN,
        "Operating Income": NaN,
        "EBIT": NaN,
        "Net Income": NaN
    },
    "2023-06-30": {
        "Tax Effect Of Unusual Items": NaN,
        "Tax Rate For Calcs": NaN,
        "Normalized EBITDA": NaN,
        "Total Unusual Items": NaN,
        "Total Unusual Items Excluding Goodwill": NaN,
        "Net Income From Continuing Operation Net Minority Interest": NaN,
        "Reconciled Depreciation": NaN,
        "Reconciled Cost Of Revenue": NaN,
        "EBITDA": NaN,
        "EBIT": NaN,
        "Net Interest Income": NaN,
        "Interest Expense": NaN,
        "Interest Income": NaN,
        "Normalized Income": NaN,
        "Net Income From Continuing And Discontinued Operation": NaN,
        "Total Expenses": NaN,
        "Total Operating Income As Reported": NaN,
        "Diluted Average Shares": NaN,
        "Basic Average Shares": NaN,
        "Diluted EPS": NaN,
        "Basic EPS": NaN,
        "Diluted NI Availto Com Stockholders": NaN,
        "Net Income Common Stockholders": NaN,
        "Otherunder Preferred Stock Dividend": 0.0,
        "Net Income": NaN,
        "Minority Interests": NaN,
        "Net Income Including Noncontrolling Interests": NaN,
        "Net Income Continuous Operations": NaN,
        "Tax Provision": NaN,
        "Pretax Income": NaN,
        "Other Income Expense": NaN,
        "Special Income Charges": NaN,
        "Other Special Charges": NaN,
        "Restructuring And Mergern Acquisition": NaN,
        "Earnings From Equity Interest": NaN,
        "Gain On Sale Of Security": NaN,
        "Net Non Operating Interest Income Expense": NaN,
        "Interest Expense Non Operating": NaN,
        "Interest Income Non Operating": NaN,
        "Operating Income": NaN,
        "Operating Expense": NaN,
        "Other Operating Expenses": NaN,
        "Depreciation Amortization Depletion Income Statement": NaN,
        "Depreciation And Amortization In Income Statement": NaN,
        "Research And Development": 6163000.0,
        "Selling General And Administration": NaN,
        "Selling And Marketing Expense": NaN,
        "General And Administrative Expense": NaN,
        "Other Gand A": NaN,
        "Gross Profit": NaN,
        "Cost Of Revenue": NaN,
        "Total Revenue": NaN,
        "Operating Revenue": NaN
    },
    "2023-09-30": {
        "Tax Effect Of Unusual Items": NaN,
        "Tax Rate For Calcs": NaN,
        "Normalized EBITDA": NaN,
        "Total Unusual Items": NaN,
        "Total Unusual Items Excluding Goodwill": NaN,
        "Net Income From Continuing Operation Net Minority Interest": NaN,
        "Reconciled Depreciation": NaN,
        "Reconciled Cost Of Revenue": NaN,
        "EBITDA": NaN,
        "EBIT": NaN,
        "Net Interest Income": NaN,
        "Interest Expense": 4000.0,
        "Interest Income": NaN,
        "Normalized Income": NaN,
        "Net Income From Continuing And Discontinued Operation": NaN,
        "Total Expenses": NaN,
        "Total Operating Income As Reported": NaN,
        "Diluted Average Shares": NaN,
        "Basic Average Shares": NaN,
        "Diluted EPS": NaN,
        "Basic EPS": NaN,
        "Diluted NI Availto Com Stockholders": NaN,
        "Net Income Common Stockholders": NaN,
        "Otherunder Preferred Stock Dividend": 0.0,
        "Net Income": NaN,
        "Minority Interests": NaN,
        "Net Income Including Noncontrolling Interests": NaN,
        "Net Income Continuous Operations": NaN,
        "Tax Provision": NaN,
        "Pretax Income": NaN,
        "Other Income Expense": NaN,
        "Special Income Charges": NaN,
        "Other Special Charges": NaN,
        "Restructuring And Mergern Acquisition": NaN,
        "Earnings From Equity Interest": NaN,
        "Gain On Sale Of Security": NaN,
        "Net Non Operating Interest Income Expense": NaN,
        "Interest Expense Non Operating": 4000.0,
        "Interest Income Non Operating": NaN,
        "Operating Income": NaN,
        "Operating Expense": NaN,
        "Other Operating Expenses": NaN,
        "Depreciation Amortization Depletion Income Statement": NaN,
        "Depreciation And Amortization In Income Statement": NaN,
        "Research And Development": 5602000.0,
        "Selling General And Administration": NaN,
        "Selling And Marketing Expense": NaN,
        "General And Administrative Expense": NaN,
        "Other Gand A": NaN,
        "Gross Profit": NaN,
        "Cost Of Revenue": NaN,
        "Total Revenue": NaN,
        "Operating Revenue": NaN
    },
    "2023-12-31": {
        "Tax Effect Of Unusual Items": NaN,
        "Tax Rate For Calcs": NaN,
        "Normalized EBITDA": NaN,
        "Total Unusual Items": NaN,
        "Total Unusual Items Excluding Goodwill": NaN,
        "Net Income From Continuing Operation Net Minority Interest": NaN,
        "Reconciled Depreciation": NaN,
        "Reconciled Cost Of Revenue": NaN,
        "EBITDA": NaN,
        "EBIT": NaN,
        "Net Interest Income": NaN,
        "Interest Expense": NaN,
        "Interest Income": NaN,
        "Normalized Income": NaN,
        "Net Income From Continuing And Discontinued Operation": NaN,
        "Total Expenses": NaN,
        "Total Operating Income As Reported": NaN,
        "Diluted Average Shares": NaN,
        "Basic Average Shares": NaN,
        "Diluted EPS": NaN,
        "Basic EPS": NaN,
        "Diluted NI Availto Com Stockholders": NaN,
        "Net Income Common Stockholders": NaN,
        "Otherunder Preferred Stock Dividend": NaN,
        "Net Income": NaN,
        "Minority Interests": NaN,
        "Net Income Including Noncontrolling Interests": NaN,
        "Net Income Continuous Operations": NaN,
        "Tax Provision": NaN,
        "Pretax Income": NaN,
        "Other Income Expense": NaN,
        "Special Income Charges": NaN,
        "Other Special Charges": NaN,
        "Restructuring And Mergern Acquisition": NaN,
        "Earnings From Equity Interest": NaN,
        "Gain On Sale Of Security": NaN,
        "Net Non Operating Interest Income Expense": NaN,
        "Interest Expense Non Operating": NaN,
        "Interest Income Non Operating": NaN,
        "Operating Income": NaN,
        "Operating Expense": NaN,
        "Other Operating Expenses": NaN,
        "Depreciation Amortization Depletion Income Statement": NaN,
        "Depreciation And Amortization In Income Statement": NaN,
        "Research And Development": 6011000.0,
        "Selling General And Administration": NaN,
        "Selling And Marketing Expense": NaN,
        "General And Administrative Expense": NaN,
        "Other Gand A": NaN,
        "Gross Profit": NaN,
        "Cost Of Revenue": NaN,
        "Total Revenue": NaN,
        "Operating Revenue": NaN
    },
    "2024-03-31": {
        "Tax Effect Of Unusual Items": NaN,
        "Tax Rate For Calcs": NaN,
        "Normalized EBITDA": NaN,
        "Total Unusual Items": NaN,
        "Total Unusual Items Excluding Goodwill": NaN,
        "Net Income From Continuing Operation Net Minority Interest": NaN,
        "Reconciled Depreciation": NaN,
        "Reconciled Cost Of Revenue": NaN,
        "EBITDA": NaN,
        "EBIT": NaN,
        "Net Interest Income": NaN,
        "Interest Expense": NaN,
        "Interest Income": NaN,
        "Normalized Income": NaN,
        "Net Income From Continuing And Discontinued Operation": NaN,
        "Total Expenses": NaN,
        "Total Operating Income As Reported": NaN,
        "Diluted Average Shares": NaN,
        "Basic Average Shares": NaN,
        "Diluted EPS": NaN,
        "Basic EPS": NaN,
        "Diluted NI Availto Com Stockholders": NaN,
        "Net Income Common Stockholders": NaN,
        "Otherunder Preferred Stock Dividend": NaN,
        "Net Income": NaN,
        "Minority Interests": NaN,
        "Net Income Including Noncontrolling Interests": NaN,
        "Net Income Continuous Operations": NaN,
        "Tax Provision": NaN,
        "Pretax Income": NaN,
        "Other Income Expense": NaN,
        "Special Income Charges": NaN,
        "Other Special Charges": 17750000.0,
        "Impairment Of Capital Assets": NaN,
        "Restructuring And Mergern Acquisition": NaN,
        "Earnings From Equity Interest": NaN,
        "Gain On Sale Of Security": NaN,
        "Net Non Operating Interest Income Expense": NaN,
        "Interest Expense Non Operating": NaN,
        "Interest Income Non Operating": NaN,
        "Operating Income": NaN,
        "Operating Expense": NaN,
        "Other Operating Expenses": NaN,
        "Depreciation Amortization Depletion Income Statement": NaN,
        "Depreciation And Amortization In Income Statement": NaN,
        "Selling General And Administration": NaN,
        "Selling And Marketing Expense": NaN,
        "General And Administrative Expense": NaN,
        "Other Gand A": NaN,
        "Gross Profit": NaN,
        "Cost Of Revenue": NaN,
        "Total Revenue": NaN,
        "Operating Revenue": NaN
    },
    "2024-06-30": {
        "Tax Effect Of Unusual Items": NaN,
        "Tax Rate For Calcs": NaN,
        "Normalized EBITDA": NaN,
        "Total Unusual Items": NaN,
        "Total Unusual Items Excluding Goodwill": NaN,
        "Net Income From Continuing Operation Net Minority Interest": NaN,
        "Reconciled Depreciation": NaN,
        "Reconciled Cost Of Revenue": NaN,
        "EBITDA": NaN,
        "EBIT": NaN,
        "Net Interest Income": NaN,
        "Interest Expense": NaN,
        "Interest Income": NaN,
        "Normalized Income": NaN,
        "Net Income From Continuing And Discontinued Operation": NaN,
        "Total Expenses": NaN,
        "Total Operating Income As Reported": NaN,
        "Diluted Average Shares": NaN,
        "Basic Average Shares": NaN,
        "Diluted EPS": NaN,
        "Basic EPS": NaN,
        "Diluted NI Availto Com Stockholders": NaN,
        "Net Income Common Stockholders": NaN,
        "Otherunder Preferred Stock Dividend": 0.0,
        "Net Income": NaN,
        "Minority Interests": NaN,
        "Net Income Including Noncontrolling Interests": NaN,
        "Net Income Continuous Operations": NaN,
        "Tax Provision": NaN,
        "Pretax Income": NaN,
        "Other Income Expense": NaN,
        "Special Income Charges": NaN,
        "Other Special Charges": NaN,
        "Impairment Of Capital Assets": NaN,
        "Restructuring And Mergern Acquisition": 598000.0,
        "Earnings From Equity Interest": NaN,
        "Gain On Sale Of Security": NaN,
        "Net Non Operating Interest Income Expense": NaN,
        "Interest Expense Non Operating": NaN,
        "Interest Income Non Operating": NaN,
        "Operating Income": NaN,
        "Operating Expense": NaN,
        "Other Operating Expenses": NaN,
        "Depreciation Amortization Depletion Income Statement": NaN,
        "Depreciation And Amortization In Income Statement": NaN,
        "Selling General And Administration": NaN,
        "Selling And Marketing Expense": NaN,
        "General And Administrative Expense": NaN,
        "Other Gand A": NaN,
        "Gross Profit": NaN,
        "Cost Of Revenue": NaN,
        "Total Revenue": NaN,
        "Operating Revenue": NaN
    },
    "2024-09-30": {
        "Tax Effect Of Unusual Items": 0.0,
        "Tax Rate For Calcs": 0.0,
        "Normalized EBITDA": -3902000.0,
        "Total Unusual Items": -20188000.0,
        "Total Unusual Items Excluding Goodwill": -20188000.0,
        "Net Income From Continuing Operation Net Minority Interest": -27180000.0,
        "Reconciled Depreciation": 1898000.0,
        "Reconciled Cost Of Revenue": 199133000.0,
        "EBITDA": -24090000.0,
        "EBIT": -25988000.0,
        "Net Interest Income": 90000.0,
        "Interest Expense": 1461000.0,
        "Interest Income": 1551000.0,
        "Normalized Income": -6992000.0,
        "Net Income From Continuing And Discontinued Operation": -27180000.0,
        "Total Expenses": 273729000.0,
        "Total Operating Income As Reported": -7431000.0,
        "Diluted Average Shares": 82363636.0,
        "Basic Average Shares": 82363636.0,
        "Diluted EPS": -0.33,
        "Basic EPS": -0.33,
        "Diluted NI Availto Com Stockholders": -27180000.0,
        "Net Income Common Stockholders": -27180000.0,
        "Otherunder Preferred Stock Dividend": 0.0,
        "Net Income": -27180000.0,
        "Minority Interests": 269000.0,
        "Net Income Including Noncontrolling Interests": -27449000.0,
        "Net Income Continuous Operations": -27449000.0,
        "Tax Provision": 0.0,
        "Pretax Income": -27449000.0,
        "Other Income Expense": -20126000.0,
        "Special Income Charges": -18000.0,
        "Other Special Charges": NaN,
        "Impairment Of Capital Assets": 0.0,
        "Restructuring And Mergern Acquisition": 18000.0,
        "Earnings From Equity Interest": 62000.0,
        "Gain On Sale Of Security": -20170000.0,
        "Net Non Operating Interest Income Expense": 90000.0,
        "Interest Expense Non Operating": 1461000.0,
        "Interest Income Non Operating": 1551000.0,
        "Operating Income": -7413000.0,
        "Operating Expense": 74596000.0,
        "Other Operating Expenses": 24799000.0,
        "Depreciation Amortization Depletion Income Statement": 1898000.0,
        "Depreciation And Amortization In Income Statement": 1898000.0,
        "Selling General And Administration": 47899000.0,
        "Selling And Marketing Expense": 19240000.0,
        "General And Administrative Expense": 28659000.0,
        "Other Gand A": 28659000.0,
        "Gross Profit": 67183000.0,
        "Cost Of Revenue": 199133000.0,
        "Total Revenue": 266316000.0,
        "Operating Revenue": 263034000.0
    },
    "2024-12-31": {
        "Tax Effect Of Unusual Items": 373272.913709,
        "Tax Rate For Calcs": 0.039596,
        "Normalized EBITDA": -12374000.0,
        "Total Unusual Items": 9427000.0,
        "Total Unusual Items Excluding Goodwill": 9427000.0,
        "Net Income From Continuing Operation Net Minority Interest": -5997000.0,
        "Reconciled Depreciation": 1928000.0,
        "Reconciled Cost Of Revenue": 179213000.0,
        "EBITDA": -2947000.0,
        "EBIT": -4875000.0,
        "Net Interest Income": 80000.0,
        "Interest Expense": 1464000.0,
        "Interest Income": 1544000.0,
        "Normalized Income": -15050727.086291,
        "Net Income From Continuing And Discontinued Operation": -5997000.0,
        "Total Expenses": 259154000.0,
        "Total Operating Income As Reported": -16258000.0,
        "Diluted Average Shares": 85671429.0,
        "Basic Average Shares": 85671429.0,
        "Diluted EPS": -0.07,
        "Basic EPS": -0.07,
        "Diluted NI Availto Com Stockholders": -5997000.0,
        "Net Income Common Stockholders": -5997000.0,
        "Otherunder Preferred Stock Dividend": NaN,
        "Net Income": -5997000.0,
        "Minority Interests": 91000.0,
        "Net Income Including Noncontrolling Interests": -6088000.0,
        "Net Income Continuous Operations": -6088000.0,
        "Tax Provision": -251000.0,
        "Pretax Income": -6339000.0,
        "Other Income Expense": 9414000.0,
        "Special Income Charges": -425000.0,
        "Other Special Charges": 0.0,
        "Impairment Of Capital Assets": NaN,
        "Restructuring And Mergern Acquisition": 425000.0,
        "Earnings From Equity Interest": -13000.0,
        "Gain On Sale Of Security": 9852000.0,
        "Net Non Operating Interest Income Expense": 80000.0,
        "Interest Expense Non Operating": 1464000.0,
        "Interest Income Non Operating": 1544000.0,
        "Operating Income": -15833000.0,
        "Operating Expense": 79941000.0,
        "Other Operating Expenses": 20855000.0,
        "Depreciation Amortization Depletion Income Statement": 1928000.0,
        "Depreciation And Amortization In Income Statement": 1928000.0,
        "Selling General And Administration": 57158000.0,
        "Selling And Marketing Expense": 19915000.0,
        "General And Administrative Expense": 37243000.0,
        "Other Gand A": 37243000.0,
        "Gross Profit": 64108000.0,
        "Cost Of Revenue": 179213000.0,
        "Total Revenue": 243321000.0,
        "Operating Revenue": 240989000.0
    },
    "2025-03-31": {
        "Tax Effect Of Unusual Items": 0.0,
        "Tax Rate For Calcs": 0.0,
        "Normalized EBITDA": -2086000.0,
        "Total Unusual Items": -768000.0,
        "Total Unusual Items Excluding Goodwill": -768000.0,
        "Net Income From Continuing Operation Net Minority Interest": -5985000.0,
        "Reconciled Depreciation": 1900000.0,
        "Reconciled Cost Of Revenue": 186525000.0,
        "EBITDA": -2854000.0,
        "EBIT": -4754000.0,
        "Net Interest Income": -169000.0,
        "Interest Expense": 1530000.0,
        "Interest Income": 1361000.0,
        "Normalized Income": -5217000.0,
        "Net Income From Continuing And Discontinued Operation": -5985000.0,
        "Total Expenses": 258752000.0,
        "Total Operating Income As Reported": -5349000.0,
        "Diluted Average Shares": 85500000.0,
        "Basic Average Shares": 85500000.0,
        "Diluted EPS": -0.07,
        "Basic EPS": -0.07,
        "Diluted NI Availto Com Stockholders": -5985000.0,
        "Net Income Common Stockholders": -5985000.0,
        "Otherunder Preferred Stock Dividend": 0.0,
        "Net Income": -5985000.0,
        "Minority Interests": 299000.0,
        "Net Income Including Noncontrolling Interests": -6284000.0,
        "Net Income Continuous Operations": -6284000.0,
        "Tax Provision": 0.0,
        "Pretax Income": -6284000.0,
        "Other Income Expense": -766000.0,
        "Special Income Charges": 0.0,
        "Other Special Charges": NaN,
        "Impairment Of Capital Assets": NaN,
        "Restructuring And Mergern Acquisition": NaN,
        "Earnings From Equity Interest": 2000.0,
        "Gain On Sale Of Security": -768000.0,
        "Net Non Operating Interest Income Expense": -169000.0,
        "Interest Expense Non Operating": 1530000.0,
        "Interest Income Non Operating": 1361000.0,
        "Operating Income": -5349000.0,
        "Operating Expense": 72227000.0,
        "Other Operating Expenses": 23263000.0,
        "Depreciation Amortization Depletion Income Statement": 1900000.0,
        "Depreciation And Amortization In Income Statement": 1900000.0,
        "Selling General And Administration": 47064000.0,
        "Selling And Marketing Expense": 19739000.0,
        "General And Administrative Expense": 27325000.0,
        "Other Gand A": 27325000.0,
        "Gross Profit": 66878000.0,
        "Cost Of Revenue": 186525000.0,
        "Total Revenue": 253403000.0,
        "Operating Revenue": 250635000.0
    },
    "2025-06-30": {
        "Tax Effect Of Unusual Items": 0.0,
        "Tax Rate For Calcs": 0.0,
        "Normalized EBITDA": -1557000.0,
        "Total Unusual Items": -17304000.0,
        "Total Unusual Items Excluding Goodwill": -17304000.0,
        "Net Income From Continuing Operation Net Minority Interest": -22673000.0,
        "Reconciled Depreciation": 2219000.0,
        "Reconciled Cost Of Revenue": 204594000.0,
        "EBITDA": -18861000.0,
        "EBIT": -21080000.0,
        "Net Interest Income": -286000.0,
        "Interest Expense": 1545000.0,
        "Interest Income": 1259000.0,
        "Normalized Income": -5369000.0,
        "Net Income From Continuing And Discontinued Operation": -22673000.0,
        "Total Expenses": 276600000.0,
        "Total Operating Income As Reported": -5532000.0,
        "Diluted Average Shares": 83974074.0,
        "Basic Average Shares": 83974074.0,
        "Diluted EPS": -0.27,
        "Basic EPS": -0.27,
        "Diluted NI Availto Com Stockholders": -22673000.0,
        "Net Income Common Stockholders": -22673000.0,
        "Otherunder Preferred Stock Dividend": 0.0,
        "Net Income": -22673000.0,
        "Minority Interests": -48000.0,
        "Net Income Including Noncontrolling Interests": -22625000.0,
        "Net Income Continuous Operations": -22625000.0,
        "Tax Provision": 0.0,
        "Pretax Income": -22625000.0,
        "Other Income Expense": -17105000.0,
        "Special Income Charges": -298000.0,
        "Other Special Charges": NaN,
        "Impairment Of Capital Assets": NaN,
        "Restructuring And Mergern Acquisition": 298000.0,
        "Earnings From Equity Interest": 199000.0,
        "Gain On Sale Of Security": -17006000.0,
        "Net Non Operating Interest Income Expense": -286000.0,
        "Interest Expense Non Operating": 1545000.0,
        "Interest Income Non Operating": 1259000.0,
        "Operating Income": -5234000.0,
        "Operating Expense": 72006000.0,
        "Other Operating Expenses": 23541000.0,
        "Depreciation Amortization Depletion Income Statement": 2219000.0,
        "Depreciation And Amortization In Income Statement": 2219000.0,
        "Selling General And Administration": 46246000.0,
        "Selling And Marketing Expense": 20069000.0,
        "General And Administrative Expense": 26177000.0,
        "Other Gand A": 26177000.0,
        "Gross Profit": 66772000.0,
        "Cost Of Revenue": 204594000.0,
        "Total Revenue": 271366000.0,
        "Operating Revenue": 268481000.0
    },
    "2025-09-30": {
        "Tax Effect Of Unusual Items": -3594150.0,
        "Tax Rate For Calcs": 0.21,
        "Normalized EBITDA": -4060000.0,
        "Total Unusual Items": -17115000.0,
        "Total Unusual Items Excluding Goodwill": -17115000.0,
        "Net Income From Continuing Operation Net Minority Interest": -24691000.0,
        "Reconciled Depreciation": 2183000.0,
        "Reconciled Cost Of Revenue": 192771000.0,
        "EBITDA": -21175000.0,
        "EBIT": -23358000.0,
        "Net Interest Income": -207000.0,
        "Interest Expense": 1573000.0,
        "Interest Income": 1366000.0,
        "Normalized Income": -11170150.0,
        "Net Income From Continuing And Discontinued Operation": -24691000.0,
        "Total Expenses": 270424000.0,
        "Total Operating Income As Reported": -10655000.0,
        "Diluted Average Shares": 85141379.0,
        "Basic Average Shares": 85141379.0,
        "Diluted EPS": -0.29,
        "Basic EPS": -0.29,
        "Diluted NI Availto Com Stockholders": -24691000.0,
        "Net Income Common Stockholders": -24691000.0,
        "Otherunder Preferred Stock Dividend": 0.0,
        "Net Income": -24691000.0,
        "Minority Interests": 251000.0,
        "Net Income Including Noncontrolling Interests": -24942000.0,
        "Net Income Continuous Operations": -24942000.0,
        "Tax Provision": 11000.0,
        "Pretax Income": -24931000.0,
        "Other Income Expense": -17138000.0,
        "Special Income Charges": -3069000.0,
        "Other Special Charges": NaN,
        "Impairment Of Capital Assets": 2275000.0,
        "Restructuring And Mergern Acquisition": 794000.0,
        "Earnings From Equity Interest": -23000.0,
        "Gain On Sale Of Security": -14046000.0,
        "Net Non Operating Interest Income Expense": -207000.0,
        "Interest Expense Non Operating": 1573000.0,
        "Interest Income Non Operating": 1366000.0,
        "Operating Income": -7586000.0,
        "Operating Expense": 77653000.0,
        "Other Operating Expenses": 23539000.0,
        "Depreciation Amortization Depletion Income Statement": 2183000.0,
        "Depreciation And Amortization In Income Statement": 2183000.0,
        "Selling General And Administration": 51931000.0,
        "Selling And Marketing Expense": 19711000.0,
        "General And Administrative Expense": 32220000.0,
        "Other Gand A": 32220000.0,
        "Gross Profit": 70067000.0,
        "Cost Of Revenue": 192771000.0,
        "Total Revenue": 262838000.0,
        "Operating Revenue": 259792000.0
    }
}