{
    "2023-06-30": {
        "Tax Effect Of Unusual Items": NaN,
        "Tax Rate For Calcs": NaN,
        "Normalized EBITDA": NaN,
        "Total Unusual Items": 0.0,
        "Total Unusual Items Excluding Goodwill": 0.0,
        "Net Income From Continuing Operation Net Minority Interest": NaN,
        "Reconciled Depreciation": NaN,
        "Reconciled Cost Of Revenue": NaN,
        "EBITDA": NaN,
        "EBIT": NaN,
        "Net Interest Income": NaN,
        "Interest Expense": NaN,
        "Interest Income": NaN,
        "Normalized Income": NaN,
        "Net Income From Continuing And Discontinued Operation": NaN,
        "Total Expenses": NaN,
        "Total Operating Income As Reported": NaN,
        "Diluted Average Shares": NaN,
        "Basic Average Shares": NaN,
        "Diluted EPS": NaN,
        "Basic EPS": NaN,
        "Diluted NI Availto Com Stockholders": NaN,
        "Net Income Common Stockholders": NaN,
        "Net Income": NaN,
        "Net Income Including Noncontrolling Interests": NaN,
        "Net Income Discontinuous Operations": NaN,
        "Net Income Continuous Operations": NaN,
        "Tax Provision": NaN,
        "Pretax Income": NaN,
        "Other Income Expense": NaN,
        "Other Non Operating Income Expenses": NaN,
        "Special Income Charges": 0.0,
        "Gain On Sale Of Business": 0.0,
        "Net Non Operating Interest Income Expense": NaN,
        "Interest Expense Non Operating": NaN,
        "Interest Income Non Operating": NaN,
        "Operating Income": NaN,
        "Operating Expense": NaN,
        "Selling General And Administration": NaN,
        "Gross Profit": NaN,
        "Cost Of Revenue": NaN,
        "Total Revenue": NaN,
        "Operating Revenue": NaN
    },
    "2023-03-31": {
        "Tax Effect Of Unusual Items": NaN,
        "Tax Rate For Calcs": NaN,
        "Normalized EBITDA": NaN,
        "Total Unusual Items": 0.0,
        "Total Unusual Items Excluding Goodwill": 0.0,
        "Net Income From Continuing Operation Net Minority Interest": NaN,
        "Reconciled Depreciation": NaN,
        "Reconciled Cost Of Revenue": NaN,
        "EBITDA": NaN,
        "EBIT": NaN,
        "Net Interest Income": NaN,
        "Interest Expense": NaN,
        "Interest Income": NaN,
        "Normalized Income": NaN,
        "Net Income From Continuing And Discontinued Operation": NaN,
        "Total Expenses": NaN,
        "Total Operating Income As Reported": NaN,
        "Diluted Average Shares": NaN,
        "Basic Average Shares": NaN,
        "Diluted EPS": NaN,
        "Basic EPS": NaN,
        "Diluted NI Availto Com Stockholders": NaN,
        "Net Income Common Stockholders": NaN,
        "Net Income": NaN,
        "Net Income Including Noncontrolling Interests": NaN,
        "Net Income Continuous Operations": NaN,
        "Tax Provision": NaN,
        "Pretax Income": NaN,
        "Other Income Expense": NaN,
        "Other Non Operating Income Expenses": NaN,
        "Special Income Charges": 0.0,
        "Gain On Sale Of Business": 0.0,
        "Net Non Operating Interest Income Expense": NaN,
        "Interest Expense Non Operating": NaN,
        "Interest Income Non Operating": NaN,
        "Operating Income": NaN,
        "Operating Expense": NaN,
        "Selling General And Administration": NaN,
        "Gross Profit": NaN,
        "Cost Of Revenue": NaN,
        "Total Revenue": NaN,
        "Operating Revenue": NaN
    },
    "2022-12-31": {
        "Tax Effect Of Unusual Items": 0.0,
        "Tax Rate For Calcs": 0.185008,
        "Normalized EBITDA": 433269000.0,
        "Net Income From Continuing Operation Net Minority Interest": 263579000.0,
        "Reconciled Depreciation": 76730000.0,
        "Reconciled Cost Of Revenue": 1372852000.0,
        "EBITDA": 433269000.0,
        "EBIT": 356539000.0,
        "Net Interest Income": -31664000.0,
        "Interest Expense": 33126000.0,
        "Interest Income": 1462000.0,
        "Normalized Income": 263579000.0,
        "Net Income From Continuing And Discontinued Operation": 263579000.0,
        "Total Expenses": 1786463000.0,
        "Total Operating Income As Reported": 352718000.0,
        "Diluted Average Shares": 141168000.0,
        "Basic Average Shares": 140343000.0,
        "Diluted EPS": 1.87,
        "Basic EPS": 1.88,
        "Diluted NI Availto Com Stockholders": 263579000.0,
        "Net Income Common Stockholders": 263579000.0,
        "Net Income": 263579000.0,
        "Net Income Including Noncontrolling Interests": 263579000.0,
        "Net Income Continuous Operations": 263579000.0,
        "Tax Provision": 59834000.0,
        "Pretax Income": 323413000.0,
        "Other Income Expense": 2359000.0,
        "Other Non Operating Income Expenses": 2359000.0,
        "Net Non Operating Interest Income Expense": -31664000.0,
        "Interest Expense Non Operating": 33126000.0,
        "Interest Income Non Operating": 1462000.0,
        "Operating Income": 352718000.0,
        "Operating Expense": 413611000.0,
        "Selling General And Administration": 413611000.0,
        "Gross Profit": 766329000.0,
        "Cost Of Revenue": 1372852000.0,
        "Total Revenue": 2139181000.0,
        "Operating Revenue": 2139181000.0
    },
    "2022-09-30": {
        "Tax Effect Of Unusual Items": 0.0,
        "Tax Rate For Calcs": 0.19,
        "Normalized EBITDA": 459336000.0,
        "Total Unusual Items": NaN,
        "Total Unusual Items Excluding Goodwill": NaN,
        "Net Income From Continuing Operation Net Minority Interest": 286026000.0,
        "Reconciled Depreciation": 76514000.0,
        "Reconciled Cost Of Revenue": 1385541000.0,
        "EBITDA": 459336000.0,
        "EBIT": 382822000.0,
        "Net Interest Income": -28545000.0,
        "Interest Expense": 29789000.0,
        "Interest Income": 1244000.0,
        "Normalized Income": 286026000.0,
        "Net Income From Continuing And Discontinued Operation": 286026000.0,
        "Total Expenses": 1787880000.0,
        "Total Operating Income As Reported": 370411000.0,
        "Diluted Average Shares": 143257000.0,
        "Basic Average Shares": 142506000.0,
        "Diluted EPS": 2.0,
        "Basic EPS": 2.01,
        "Diluted NI Availto Com Stockholders": 286026000.0,
        "Net Income Common Stockholders": 286026000.0,
        "Net Income": 286026000.0,
        "Net Income Including Noncontrolling Interests": 286026000.0,
        "Net Income Continuous Operations": 286026000.0,
        "Tax Provision": 67007000.0,
        "Pretax Income": 353033000.0,
        "Other Income Expense": 11167000.0,
        "Other Non Operating Income Expenses": 11167000.0,
        "Special Income Charges": NaN,
        "Gain On Sale Of Ppe": NaN,
        "Gain On Sale Of Business": NaN,
        "Net Non Operating Interest Income Expense": -28545000.0,
        "Interest Expense Non Operating": 29789000.0,
        "Interest Income Non Operating": 1244000.0,
        "Operating Income": 370411000.0,
        "Operating Expense": 402339000.0,
        "Selling General And Administration": 402339000.0,
        "Gross Profit": 772750000.0,
        "Cost Of Revenue": 1385541000.0,
        "Total Revenue": 2158291000.0,
        "Operating Revenue": 2158291000.0
    },
    "2022-06-30": {
        "Tax Effect Of Unusual Items": 0.0,
        "Tax Rate For Calcs": 0.136,
        "Normalized EBITDA": 437636000.0,
        "Total Unusual Items": NaN,
        "Total Unusual Items Excluding Goodwill": NaN,
        "Net Income From Continuing Operation Net Minority Interest": 289618000.0,
        "Reconciled Depreciation": 75291000.0,
        "Reconciled Cost Of Revenue": 1377432000.0,
        "EBITDA": 437636000.0,
        "EBIT": 362345000.0,
        "Net Interest Income": -26040000.0,
        "Interest Expense": 26989000.0,
        "Interest Income": 949000.0,
        "Normalized Income": 289618000.0,
        "Net Income From Continuing And Discontinued Operation": 289618000.0,
        "Total Expenses": 1801865000.0,
        "Total Operating Income As Reported": 356850000.0,
        "Diluted Average Shares": 144669000.0,
        "Basic Average Shares": 143832000.0,
        "Diluted EPS": 2.0,
        "Basic EPS": 2.01,
        "Diluted NI Availto Com Stockholders": 289618000.0,
        "Net Income Common Stockholders": 289618000.0,
        "Net Income": 289618000.0,
        "Net Income Including Noncontrolling Interests": 289618000.0,
        "Net Income Continuous Operations": 289618000.0,
        "Tax Provision": 45738000.0,
        "Pretax Income": 335356000.0,
        "Other Income Expense": 4546000.0,
        "Other Non Operating Income Expenses": 4546000.0,
        "Special Income Charges": NaN,
        "Gain On Sale Of Ppe": NaN,
        "Gain On Sale Of Business": NaN,
        "Net Non Operating Interest Income Expense": -26040000.0,
        "Interest Expense Non Operating": 26989000.0,
        "Interest Income Non Operating": 949000.0,
        "Operating Income": 356850000.0,
        "Operating Expense": 424433000.0,
        "Selling General And Administration": 424433000.0,
        "Gross Profit": 781283000.0,
        "Cost Of Revenue": 1377432000.0,
        "Total Revenue": 2158715000.0,
        "Operating Revenue": 2158715000.0
    },
    "2022-03-31": {
        "Diluted EPS": 1.56,
        "Total Revenue": NaN,
        "Gross Profit": 743,
        "Operating Income": 299,
        "EBIT": 378,
        "Net Income": 226
    },
    "2021-12-31": {
        "Diluted EPS": 2.5,
        "Total Revenue": NaN,
        "Gross Profit": 721,
        "Operating Income": 283,
        "EBIT": 355,
        "Net Income": 363
    },
    "2021-09-30": {
        "Diluted EPS": 1.81,
        "Total Revenue": NaN,
        "Gross Profit": 755,
        "Operating Income": 342,
        "EBIT": 415,
        "Net Income": 264
    },
    "2021-06-30": {
        "Diluted EPS": 1.82,
        "Total Revenue": NaN,
        "Gross Profit": 772,
        "Operating Income": 344,
        "EBIT": 416,
        "Net Income": 265
    },
    "2021-03-31": {
        "Diluted EPS": 1.61,
        "Total Revenue": NaN,
        "Gross Profit": 722,
        "Operating Income": 313,
        "EBIT": 386,
        "Net Income": 233
    },
    "2020-12-31": {
        "Diluted EPS": 1.25,
        "Total Revenue": NaN,
        "Gross Profit": 651,
        "Operating Income": 246,
        "EBIT": 319,
        "Net Income": 182
    },
    "2020-09-30": {
        "Diluted EPS": 1.38,
        "Total Revenue": NaN,
        "Gross Profit": 659,
        "Operating Income": 277,
        "EBIT": 346,
        "Net Income": 200
    },
    "2020-06-30": {
        "Diluted EPS": 0.86,
        "Total Revenue": NaN,
        "Gross Profit": 552,
        "Operating Income": 185,
        "EBIT": 252,
        "Net Income": 125
    },
    "2020-03-31": {
        "Diluted EPS": 1.21,
        "Total Revenue": NaN,
        "Gross Profit": 612,
        "Operating Income": 225,
        "EBIT": 294,
        "Net Income": 176
    },
    "2019-12-31": {
        "Diluted EPS": 1.14,
        "Total Revenue": NaN,
        "Gross Profit": 651,
        "Operating Income": 248,
        "EBIT": 318,
        "Net Income": 168
    },
    "2019-09-30": {
        "Diluted EPS": 1.4,
        "Total Revenue": NaN,
        "Gross Profit": 673,
        "Operating Income": 283,
        "EBIT": 350,
        "Net Income": 206
    },
    "2019-06-30": {
        "Diluted EPS": 1.35,
        "Total Revenue": NaN,
        "Gross Profit": 673,
        "Operating Income": 276,
        "EBIT": 344,
        "Net Income": 198
    },
    "2019-03-31": {
        "Diluted EPS": 0.72,
        "Total Revenue": NaN,
        "Gross Profit": 624,
        "Operating Income": 168,
        "EBIT": 236,
        "Net Income": 106
    },
    "2018-12-31": {
        "Diluted EPS": 0.95,
        "Total Revenue": NaN,
        "Gross Profit": 645,
        "Operating Income": 219,
        "EBIT": 295,
        "Net Income": 142
    },
    "2018-09-30": {
        "Diluted EPS": 1.05,
        "Total Revenue": NaN,
        "Gross Profit": 647,
        "Operating Income": 220,
        "EBIT": 288,
        "Net Income": 157
    },
    "2018-06-30": {
        "Diluted EPS": 0.91,
        "Total Revenue": NaN,
        "Gross Profit": 665,
        "Operating Income": 236,
        "EBIT": 306,
        "Net Income": 140
    },
    "2018-03-31": {
        "Diluted EPS": 0.84,
        "Total Revenue": NaN,
        "Gross Profit": 603,
        "Operating Income": 168,
        "EBIT": 236,
        "Net Income": 131
    },
    "2017-12-31": {
        "Diluted EPS": 1.88,
        "Total Revenue": NaN,
        "Gross Profit": 565,
        "Operating Income": 160,
        "EBIT": 231,
        "Net Income": 296
    },
    "2017-09-30": {
        "Diluted EPS": 1.14,
        "Total Revenue": NaN,
        "Gross Profit": 649,
        "Operating Income": 239,
        "EBIT": 312,
        "Net Income": 179
    },
    "2017-06-30": {
        "Diluted EPS": 1.04,
        "Total Revenue": NaN,
        "Gross Profit": 654,
        "Operating Income": 233,
        "EBIT": 277,
        "Net Income": 164
    },
    "2017-03-31": {
        "Diluted EPS": 1.09,
        "Total Revenue": NaN,
        "Gross Profit": 661,
        "Operating Income": 175,
        "EBIT": 271,
        "Net Income": 172
    },
    "2016-12-31": {
        "Diluted EPS": 1.02,
        "Total Revenue": NaN,
        "Gross Profit": 375,
        "Operating Income": 159,
        "EBIT": 145,
        "Net Income": 161
    },
    "2016-09-30": {
        "Diluted EPS": 0.83,
        "Total Revenue": NaN,
        "Gross Profit": 632,
        "Operating Income": 211,
        "EBIT": 297,
        "Net Income": 130
    },
    "2016-06-30": {
        "Diluted EPS": 0.76,
        "Total Revenue": NaN,
        "Gross Profit": 631,
        "Operating Income": 194,
        "EBIT": 282,
        "Net Income": 118
    },
    "2016-03-31": {
        "Diluted EPS": 0.64,
        "Total Revenue": NaN,
        "Gross Profit": 589,
        "Operating Income": 146,
        "EBIT": 234,
        "Net Income": 99
    },
    "2015-12-31": {
        "Diluted EPS": 0.92,
        "Total Revenue": NaN,
        "Gross Profit": 614,
        "Operating Income": 199,
        "EBIT": 291,
        "Net Income": 142
    },
    "2015-09-30": {
        "Diluted EPS": 1.19,
        "Total Revenue": NaN,
        "Gross Profit": 673,
        "Operating Income": 277,
        "EBIT": 354,
        "Net Income": 186
    },
    "2015-06-30": {
        "Diluted EPS": 2.07,
        "Total Revenue": NaN,
        "Gross Profit": 655,
        "Operating Income": 252,
        "EBIT": 330,
        "Net Income": 332
    },
    "2015-03-31": {
        "Diluted EPS": 1.28,
        "Total Revenue": NaN,
        "Gross Profit": 627,
        "Operating Income": 193,
        "EBIT": 273,
        "Net Income": 210
    },
    "2014-12-31": {
        "Diluted EPS": 1.01,
        "Total Revenue": NaN,
        "Gross Profit": 724,
        "Operating Income": 263,
        "EBIT": 345,
        "Net Income": 169
    },
    "2014-09-30": {
        "Diluted EPS": 1.38,
        "Total Revenue": NaN,
        "Gross Profit": 774,
        "Operating Income": 348,
        "EBIT": 423,
        "Net Income": 232
    },
    "2014-06-30": {
        "Diluted EPS": 1.27,
        "Total Revenue": NaN,
        "Gross Profit": 768,
        "Operating Income": 329,
        "EBIT": 405,
        "Net Income": 214
    },
    "2014-03-31": {
        "Diluted EPS": 0.93,
        "Total Revenue": NaN,
        "Gross Profit": 708,
        "Operating Income": 274,
        "EBIT": 350,
        "Net Income": 160
    },
    "2013-12-31": {
        "Diluted EPS": 1.11,
        "Total Revenue": NaN,
        "Gross Profit": 585,
        "Operating Income": 228,
        "EBIT": 291,
        "Net Income": 194
    },
    "2013-09-30": {
        "Diluted EPS": 1.56,
        "Total Revenue": NaN,
        "Gross Profit": 756,
        "Operating Income": 348,
        "EBIT": 421,
        "Net Income": 269
    },
    "2013-06-30": {
        "Diluted EPS": 1.91,
        "Total Revenue": NaN,
        "Gross Profit": 756,
        "Operating Income": 320,
        "EBIT": 392,
        "Net Income": 330
    },
    "2013-03-31": {
        "Diluted EPS": 1.2,
        "Total Revenue": NaN,
        "Gross Profit": 682,
        "Operating Income": 265,
        "EBIT": 336,
        "Net Income": 210
    },
    "2012-12-31": {
        "Diluted EPS": 0.9,
        "Total Revenue": 536,
        "Gross Profit": 247,
        "Operating Income": 98,
        "EBIT": 67,
        "Net Income": 160
    },
    "2012-09-30": {
        "Diluted EPS": 1.31,
        "Total Revenue": NaN,
        "Gross Profit": 810,
        "Operating Income": 358,
        "EBIT": 449,
        "Net Income": 241
    },
    "2012-06-30": {
        "Diluted EPS": 1.15,
        "Total Revenue": NaN,
        "Gross Profit": 777,
        "Operating Income": 311,
        "EBIT": 401,
        "Net Income": 214
    },
    "2012-03-31": {
        "Diluted EPS": 1.05,
        "Total Revenue": NaN,
        "Gross Profit": 746,
        "Operating Income": 292,
        "EBIT": 373,
        "Net Income": 196
    },
    "2011-12-31": {
        "Diluted EPS": 1.48,
        "Total Revenue": NaN,
        "Gross Profit": 551,
        "Operating Income": 208,
        "EBIT": 278,
        "Net Income": 278
    },
    "2011-09-30": {
        "Diluted EPS": 0.91,
        "Total Revenue": NaN,
        "Gross Profit": 806,
        "Operating Income": 330,
        "EBIT": 414,
        "Net Income": 172
    },
    "2011-06-30": {
        "Diluted EPS": 1.32,
        "Total Revenue": NaN,
        "Gross Profit": 776,
        "Operating Income": 328,
        "EBIT": 396,
        "Net Income": 250
    },
    "2011-03-31": {
        "Diluted EPS": 1.03,
        "Total Revenue": NaN,
        "Gross Profit": 712,
        "Operating Income": 258,
        "EBIT": 326,
        "Net Income": 195
    },
    "2010-12-31": {
        "Diluted EPS": 1.03,
        "Total Revenue": 937,
        "Gross Profit": 431,
        "Operating Income": 162,
        "EBIT": 211,
        "Net Income": 198
    },
    "2010-09-30": {
        "Diluted EPS": 1.19,
        "Total Revenue": NaN,
        "Gross Profit": 691,
        "Operating Income": 293,
        "EBIT": 342,
        "Net Income": 224
    },
    "2010-06-30": {
        "Diluted EPS": 0.9,
        "Total Revenue": NaN,
        "Gross Profit": 689,
        "Operating Income": 265,
        "EBIT": 331,
        "Net Income": 170
    },
    "2010-03-31": {
        "Diluted EPS": 0.58,
        "Total Revenue": NaN,
        "Gross Profit": 612,
        "Operating Income": 203,
        "EBIT": 269,
        "Net Income": 108
    },
    "2009-12-31": {
        "Diluted EPS": 0.53,
        "Total Revenue": NaN,
        "Gross Profit": 479,
        "Operating Income": 168,
        "EBIT": 207,
        "Net Income": 99
    },
    "2009-09-30": {
        "Diluted EPS": 0.57,
        "Total Revenue": NaN,
        "Gross Profit": 558,
        "Operating Income": 180,
        "EBIT": 244,
        "Net Income": 107
    },
    "2009-06-30": {
        "Diluted EPS": 0.52,
        "Total Revenue": NaN,
        "Gross Profit": 493,
        "Operating Income": 128,
        "EBIT": 192,
        "Net Income": 97
    },
    "2009-03-31": {
        "Diluted EPS": 0.29,
        "Total Revenue": NaN,
        "Gross Profit": 482,
        "Operating Income": 115,
        "EBIT": 179,
        "Net Income": 53
    },
    "2023-09-30": {
        "Tax Effect Of Unusual Items": NaN,
        "Tax Rate For Calcs": NaN,
        "Normalized EBITDA": NaN,
        "Total Unusual Items": NaN,
        "Total Unusual Items Excluding Goodwill": NaN,
        "Net Income From Continuing Operation Net Minority Interest": NaN,
        "Reconciled Depreciation": NaN,
        "Reconciled Cost Of Revenue": NaN,
        "EBITDA": NaN,
        "EBIT": NaN,
        "Net Interest Income": NaN,
        "Interest Expense": NaN,
        "Interest Income": NaN,
        "Normalized Income": NaN,
        "Net Income From Continuing And Discontinued Operation": NaN,
        "Total Expenses": NaN,
        "Total Operating Income As Reported": NaN,
        "Diluted Average Shares": NaN,
        "Basic Average Shares": NaN,
        "Diluted EPS": NaN,
        "Basic EPS": NaN,
        "Diluted NI Availto Com Stockholders": NaN,
        "Net Income Common Stockholders": NaN,
        "Net Income": NaN,
        "Net Income Including Noncontrolling Interests": NaN,
        "Net Income Discontinuous Operations": 27770000.0,
        "Net Income Continuous Operations": NaN,
        "Tax Provision": NaN,
        "Pretax Income": NaN,
        "Other Income Expense": NaN,
        "Other Non Operating Income Expenses": NaN,
        "Special Income Charges": NaN,
        "Gain On Sale Of Business": NaN,
        "Net Non Operating Interest Income Expense": NaN,
        "Interest Expense Non Operating": NaN,
        "Interest Income Non Operating": NaN,
        "Operating Income": NaN,
        "Operating Expense": NaN,
        "Selling General And Administration": NaN,
        "Gross Profit": NaN,
        "Cost Of Revenue": NaN,
        "Total Revenue": NaN,
        "Operating Revenue": NaN
    },
    "2023-12-31": {
        "Tax Effect Of Unusual Items": 0.0,
        "Tax Rate For Calcs": 0.100139,
        "Normalized EBITDA": 440590000.0,
        "Total Unusual Items": NaN,
        "Total Unusual Items Excluding Goodwill": NaN,
        "Net Income From Continuing Operation Net Minority Interest": 296262000.0,
        "Reconciled Depreciation": 80461000.0,
        "Reconciled Cost Of Revenue": 1319994000.0,
        "EBITDA": 440590000.0,
        "EBIT": 360129000.0,
        "Net Interest Income": -25954000.0,
        "Interest Expense": 30898000.0,
        "Interest Income": 4944000.0,
        "Normalized Income": 296262000.0,
        "Net Income From Continuing And Discontinued Operation": 296262000.0,
        "Total Expenses": 1751285000.0,
        "Total Operating Income As Reported": 354472000.0,
        "Diluted Average Shares": 140586000.0,
        "Basic Average Shares": 139893000.0,
        "Diluted EPS": 2.11,
        "Basic EPS": 2.12,
        "Diluted NI Availto Com Stockholders": 296262000.0,
        "Net Income Common Stockholders": 296262000.0,
        "Net Income": 296262000.0,
        "Net Income Including Noncontrolling Interests": 296262000.0,
        "Net Income Discontinuous Operations": NaN,
        "Net Income Continuous Operations": 296262000.0,
        "Tax Provision": 32969000.0,
        "Pretax Income": 329231000.0,
        "Other Income Expense": 713000.0,
        "Other Non Operating Income Expenses": 713000.0,
        "Special Income Charges": NaN,
        "Gain On Sale Of Business": NaN,
        "Net Non Operating Interest Income Expense": -25954000.0,
        "Interest Expense Non Operating": 30898000.0,
        "Interest Income Non Operating": 4944000.0,
        "Operating Income": 354472000.0,
        "Operating Expense": 431291000.0,
        "Selling General And Administration": 431291000.0,
        "Gross Profit": 785763000.0,
        "Cost Of Revenue": 1319994000.0,
        "Total Revenue": 2105757000.0,
        "Operating Revenue": 2105757000.0
    },
    "2024-03-31": {
        "Tax Effect Of Unusual Items": 109698201.0,
        "Tax Rate For Calcs": 0.207,
        "Normalized EBITDA": 347872000.0,
        "Total Unusual Items": 529943000.0,
        "Total Unusual Items Excluding Goodwill": 529943000.0,
        "Net Income From Continuing Operation Net Minority Interest": 602102000.0,
        "Reconciled Depreciation": 81771000.0,
        "Reconciled Cost Of Revenue": 1186532000.0,
        "EBITDA": 877815000.0,
        "EBIT": 796044000.0,
        "Net Interest Income": -31609000.0,
        "Interest Expense": 36365000.0,
        "Interest Income": 4756000.0,
        "Normalized Income": 181857201.0,
        "Net Income From Continuing And Discontinued Operation": 632221000.0,
        "Total Expenses": 1629513000.0,
        "Total Operating Income As Reported": 254206000.0,
        "Diluted Average Shares": 139869000.0,
        "Basic Average Shares": 139051000.0,
        "Diluted EPS": 4.52,
        "Basic EPS": 4.55,
        "Diluted NI Availto Com Stockholders": 632221000.0,
        "Net Income Common Stockholders": 632221000.0,
        "Net Income": 632221000.0,
        "Net Income Including Noncontrolling Interests": 632221000.0,
        "Net Income Discontinuous Operations": 30119000.0,
        "Net Income Continuous Operations": 602102000.0,
        "Tax Provision": 157577000.0,
        "Pretax Income": 759679000.0,
        "Other Income Expense": 537082000.0,
        "Other Non Operating Income Expenses": 7139000.0,
        "Special Income Charges": 529943000.0,
        "Gain On Sale Of Business": 529943000.0,
        "Net Non Operating Interest Income Expense": -31609000.0,
        "Interest Expense Non Operating": 36365000.0,
        "Interest Income Non Operating": 4756000.0,
        "Operating Income": 254206000.0,
        "Operating Expense": 442981000.0,
        "Selling General And Administration": 442981000.0,
        "Gross Profit": 697187000.0,
        "Cost Of Revenue": 1186532000.0,
        "Total Revenue": 1883719000.0,
        "Operating Revenue": 1883719000.0
    },
    "2024-06-30": {
        "Tax Effect Of Unusual Items": -131087.009569,
        "Tax Rate For Calcs": 0.197718,
        "Normalized EBITDA": 423134000.0,
        "Total Unusual Items": -663000.0,
        "Total Unusual Items Excluding Goodwill": -663000.0,
        "Net Income From Continuing Operation Net Minority Interest": 246587000.0,
        "Reconciled Depreciation": 82740000.0,
        "Reconciled Cost Of Revenue": 1196259000.0,
        "EBITDA": 422471000.0,
        "EBIT": 339731000.0,
        "Net Interest Income": -28293000.0,
        "Interest Expense": 32374000.0,
        "Interest Income": 4081000.0,
        "Normalized Income": 247118912.990431,
        "Net Income From Continuing And Discontinued Operation": 281822000.0,
        "Total Expenses": 1625314000.0,
        "Total Operating Income As Reported": 323468000.0,
        "Diluted Average Shares": 138404000.0,
        "Basic Average Shares": 137443000.0,
        "Diluted EPS": 2.04,
        "Basic EPS": 2.05,
        "Diluted NI Availto Com Stockholders": 281822000.0,
        "Net Income Common Stockholders": 281822000.0,
        "Net Income": 281822000.0,
        "Net Income Including Noncontrolling Interests": 281822000.0,
        "Net Income Discontinuous Operations": 35235000.0,
        "Net Income Continuous Operations": 246587000.0,
        "Tax Provision": 60770000.0,
        "Pretax Income": 307357000.0,
        "Other Income Expense": 12182000.0,
        "Other Non Operating Income Expenses": 12845000.0,
        "Special Income Charges": -663000.0,
        "Gain On Sale Of Business": -663000.0,
        "Net Non Operating Interest Income Expense": -28293000.0,
        "Interest Expense Non Operating": 32374000.0,
        "Interest Income Non Operating": 4081000.0,
        "Operating Income": 323468000.0,
        "Operating Expense": 429055000.0,
        "Selling General And Administration": 429055000.0,
        "Gross Profit": 752523000.0,
        "Cost Of Revenue": 1196259000.0,
        "Total Revenue": 1948782000.0,
        "Operating Revenue": 1948782000.0
    },
    "2024-09-30": {
        "Tax Effect Of Unusual Items": 13040270.0,
        "Tax Rate For Calcs": 0.19,
        "Normalized EBITDA": 438493000.0,
        "Total Unusual Items": 68633000.0,
        "Total Unusual Items Excluding Goodwill": 68633000.0,
        "Net Income From Continuing Operation Net Minority Interest": 312896000.0,
        "Reconciled Depreciation": 86668000.0,
        "Reconciled Cost Of Revenue": 1220355000.0,
        "EBITDA": 507126000.0,
        "EBIT": 420458000.0,
        "Net Interest Income": -28952000.0,
        "Interest Expense": 34128000.0,
        "Interest Income": 5176000.0,
        "Normalized Income": 257303270.0,
        "Net Income From Continuing And Discontinued Operation": 347100000.0,
        "Total Expenses": 1649925000.0,
        "Total Operating Income As Reported": 333617000.0,
        "Diluted Average Shares": 138223000.0,
        "Basic Average Shares": 137251000.0,
        "Diluted EPS": 2.51,
        "Basic EPS": 2.53,
        "Diluted NI Availto Com Stockholders": 347100000.0,
        "Net Income Common Stockholders": 347100000.0,
        "Net Income": 347100000.0,
        "Net Income Including Noncontrolling Interests": 347100000.0,
        "Net Income Discontinuous Operations": 34204000.0,
        "Net Income Continuous Operations": 312896000.0,
        "Tax Provision": 73434000.0,
        "Pretax Income": 386330000.0,
        "Other Income Expense": 81665000.0,
        "Other Non Operating Income Expenses": 13032000.0,
        "Special Income Charges": 68633000.0,
        "Gain On Sale Of Business": 68633000.0,
        "Net Non Operating Interest Income Expense": -28952000.0,
        "Interest Expense Non Operating": 34128000.0,
        "Interest Income Non Operating": 5176000.0,
        "Operating Income": 333617000.0,
        "Operating Expense": 429570000.0,
        "Selling General And Administration": 429570000.0,
        "Gross Profit": 763187000.0,
        "Cost Of Revenue": 1220355000.0,
        "Total Revenue": 1983542000.0,
        "Operating Revenue": 1983542000.0
    },
    "2024-12-31": {
        "Tax Effect Of Unusual Items": -24718.277622,
        "Tax Rate For Calcs": 0.214942,
        "Normalized EBITDA": 418732000.0,
        "Total Unusual Items": -115000.0,
        "Total Unusual Items Excluding Goodwill": -115000.0,
        "Net Income From Continuing Operation Net Minority Interest": 238383000.0,
        "Reconciled Depreciation": 86663000.0,
        "Reconciled Cost Of Revenue": 1184142000.0,
        "EBITDA": 418617000.0,
        "EBIT": 331954000.0,
        "Net Interest Income": -5159000.0,
        "Interest Expense": 28304000.0,
        "Interest Income": 23145000.0,
        "Normalized Income": 238473281.722378,
        "Net Income From Continuing And Discontinued Operation": 1435983000.0,
        "Total Expenses": 1634802000.0,
        "Total Operating Income As Reported": 295064000.0,
        "Diluted Average Shares": 138298000.0,
        "Basic Average Shares": 137205000.0,
        "Diluted EPS": 10.38,
        "Basic EPS": 10.47,
        "Diluted NI Availto Com Stockholders": 1435983000.0,
        "Net Income Common Stockholders": 1435983000.0,
        "Net Income": 1435983000.0,
        "Net Income Including Noncontrolling Interests": 1435983000.0,
        "Net Income Discontinuous Operations": 1197600000.0,
        "Net Income Continuous Operations": 238383000.0,
        "Tax Provision": 65267000.0,
        "Pretax Income": 303650000.0,
        "Other Income Expense": 13745000.0,
        "Other Non Operating Income Expenses": 13860000.0,
        "Special Income Charges": -115000.0,
        "Gain On Sale Of Business": -115000.0,
        "Net Non Operating Interest Income Expense": -5159000.0,
        "Interest Expense Non Operating": 28304000.0,
        "Interest Income Non Operating": 23145000.0,
        "Operating Income": 295064000.0,
        "Operating Expense": 450660000.0,
        "Selling General And Administration": 450660000.0,
        "Gross Profit": 745724000.0,
        "Cost Of Revenue": 1184142000.0,
        "Total Revenue": 1929866000.0,
        "Operating Revenue": 1929866000.0
    },
    "2025-03-31": {
        "Tax Effect Of Unusual Items": 468920.0,
        "Tax Rate For Calcs": 0.19,
        "Normalized EBITDA": 407939000.0,
        "Total Unusual Items": 2468000.0,
        "Total Unusual Items Excluding Goodwill": 2468000.0,
        "Net Income From Continuing Operation Net Minority Interest": 239241000.0,
        "Reconciled Depreciation": 87418000.0,
        "Reconciled Cost Of Revenue": 1120559000.0,
        "EBITDA": 410407000.0,
        "EBIT": 322989000.0,
        "Net Interest Income": -7354000.0,
        "Interest Expense": 27608000.0,
        "Interest Income": 20254000.0,
        "Normalized Income": 237241920.0,
        "Net Income From Continuing And Discontinued Operation": 230821000.0,
        "Total Expenses": 1569750000.0,
        "Total Operating Income As Reported": 296309000.0,
        "Diluted Average Shares": 138260000.0,
        "Basic Average Shares": 137267000.0,
        "Diluted EPS": 1.67,
        "Basic EPS": 1.68,
        "Diluted NI Availto Com Stockholders": 230821000.0,
        "Net Income Common Stockholders": 230821000.0,
        "Net Income": 230821000.0,
        "Net Income Including Noncontrolling Interests": 230821000.0,
        "Net Income Discontinuous Operations": -8420000.0,
        "Net Income Continuous Operations": 239241000.0,
        "Tax Provision": 56140000.0,
        "Pretax Income": 295381000.0,
        "Other Income Expense": 6426000.0,
        "Other Non Operating Income Expenses": 3958000.0,
        "Special Income Charges": 2468000.0,
        "Gain On Sale Of Business": 2468000.0,
        "Net Non Operating Interest Income Expense": -7354000.0,
        "Interest Expense Non Operating": 27608000.0,
        "Interest Income Non Operating": 20254000.0,
        "Operating Income": 296309000.0,
        "Operating Expense": 449191000.0,
        "Selling General And Administration": 449191000.0,
        "Gross Profit": 745500000.0,
        "Cost Of Revenue": 1120559000.0,
        "Total Revenue": 1866059000.0,
        "Operating Revenue": 1866059000.0
    },
    "2025-06-30": {
        "Tax Effect Of Unusual Items": 444764.346189,
        "Tax Rate For Calcs": 0.204395,
        "Normalized EBITDA": 471095000.0,
        "Total Unusual Items": 2176000.0,
        "Total Unusual Items Excluding Goodwill": 2176000.0,
        "Net Income From Continuing Operation Net Minority Interest": 280130000.0,
        "Reconciled Depreciation": 94383000.0,
        "Reconciled Cost Of Revenue": 1231330000.0,
        "EBITDA": 473271000.0,
        "EBIT": 378888000.0,
        "Net Interest Income": -8856000.0,
        "Interest Expense": 26791000.0,
        "Interest Income": 17935000.0,
        "Normalized Income": 278398764.346189,
        "Net Income From Continuing And Discontinued Operation": 279064000.0,
        "Total Expenses": 1694995000.0,
        "Total Operating Income As Reported": 354597000.0,
        "Diluted Average Shares": 137974000.0,
        "Basic Average Shares": 137226000.0,
        "Diluted EPS": 2.02,
        "Basic EPS": 2.03,
        "Diluted NI Availto Com Stockholders": 279064000.0,
        "Net Income Common Stockholders": 279064000.0,
        "Net Income": 279064000.0,
        "Net Income Including Noncontrolling Interests": 279064000.0,
        "Net Income Discontinuous Operations": -1066000.0,
        "Net Income Continuous Operations": 280130000.0,
        "Tax Provision": 71967000.0,
        "Pretax Income": 352097000.0,
        "Other Income Expense": 6356000.0,
        "Other Non Operating Income Expenses": 4180000.0,
        "Special Income Charges": 2176000.0,
        "Gain On Sale Of Business": 2176000.0,
        "Net Non Operating Interest Income Expense": -8856000.0,
        "Interest Expense Non Operating": 26791000.0,
        "Interest Income Non Operating": 17935000.0,
        "Operating Income": 354597000.0,
        "Operating Expense": 463665000.0,
        "Selling General And Administration": 463665000.0,
        "Gross Profit": 818262000.0,
        "Cost Of Revenue": 1231330000.0,
        "Total Revenue": 2049592000.0,
        "Operating Revenue": 2049592000.0
    }
}