{
    "2023-06-30": {
        "Tax Effect Of Unusual Items": NaN,
        "Tax Rate For Calcs": NaN,
        "Normalized EBITDA": NaN,
        "Total Unusual Items": NaN,
        "Total Unusual Items Excluding Goodwill": NaN,
        "Net Income From Continuing Operation Net Minority Interest": NaN,
        "Reconciled Depreciation": NaN,
        "Reconciled Cost Of Revenue": NaN,
        "EBITDA": NaN,
        "EBIT": NaN,
        "Net Interest Income": NaN,
        "Interest Expense": NaN,
        "Interest Income": NaN,
        "Normalized Income": NaN,
        "Net Income From Continuing And Discontinued Operation": NaN,
        "Total Expenses": NaN,
        "Diluted Average Shares": NaN,
        "Basic Average Shares": NaN,
        "Diluted EPS": NaN,
        "Basic EPS": NaN,
        "Diluted NI Availto Com Stockholders": NaN,
        "Net Income Common Stockholders": NaN,
        "Otherunder Preferred Stock Dividend": 3000000.0,
        "Net Income": NaN,
        "Minority Interests": NaN,
        "Net Income Including Noncontrolling Interests": NaN,
        "Net Income Continuous Operations": NaN,
        "Tax Provision": NaN,
        "Pretax Income": NaN,
        "Other Income Expense": NaN,
        "Other Non Operating Income Expenses": NaN,
        "Special Income Charges": NaN,
        "Gain On Sale Of Ppe": NaN,
        "Gain On Sale Of Business": NaN,
        "Other Special Charges": NaN,
        "Write Off": NaN,
        "Restructuring And Mergern Acquisition": NaN,
        "Earnings From Equity Interest": NaN,
        "Gain On Sale Of Security": NaN,
        "Net Non Operating Interest Income Expense": NaN,
        "Interest Expense Non Operating": NaN,
        "Interest Income Non Operating": NaN,
        "Operating Income": NaN,
        "Operating Expense": NaN,
        "Depreciation Amortization Depletion Income Statement": NaN,
        "Depreciation And Amortization In Income Statement": NaN,
        "Amortization": NaN,
        "Amortization Of Intangibles Income Statement": NaN,
        "Research And Development": NaN,
        "Selling General And Administration": NaN,
        "Gross Profit": NaN,
        "Cost Of Revenue": NaN,
        "Total Revenue": NaN,
        "Operating Revenue": NaN
    },
    "2023-03-31": {
        "Tax Effect Of Unusual Items": NaN,
        "Tax Rate For Calcs": NaN,
        "Normalized EBITDA": NaN,
        "Total Unusual Items": NaN,
        "Total Unusual Items Excluding Goodwill": NaN,
        "Net Income From Continuing Operation Net Minority Interest": NaN,
        "Reconciled Depreciation": NaN,
        "Reconciled Cost Of Revenue": NaN,
        "EBITDA": NaN,
        "EBIT": NaN,
        "Net Interest Income": NaN,
        "Interest Expense": NaN,
        "Interest Income": NaN,
        "Normalized Income": NaN,
        "Net Income From Continuing And Discontinued Operation": NaN,
        "Total Expenses": NaN,
        "Diluted Average Shares": NaN,
        "Basic Average Shares": NaN,
        "Diluted EPS": NaN,
        "Basic EPS": NaN,
        "Diluted NI Availto Com Stockholders": NaN,
        "Net Income Common Stockholders": NaN,
        "Otherunder Preferred Stock Dividend": NaN,
        "Net Income": NaN,
        "Minority Interests": NaN,
        "Net Income Including Noncontrolling Interests": NaN,
        "Net Income Continuous Operations": NaN,
        "Tax Provision": NaN,
        "Pretax Income": NaN,
        "Other Income Expense": NaN,
        "Other Non Operating Income Expenses": NaN,
        "Special Income Charges": NaN,
        "Gain On Sale Of Ppe": NaN,
        "Gain On Sale Of Business": NaN,
        "Other Special Charges": -9000000.0,
        "Write Off": NaN,
        "Restructuring And Mergern Acquisition": NaN,
        "Earnings From Equity Interest": NaN,
        "Gain On Sale Of Security": NaN,
        "Net Non Operating Interest Income Expense": NaN,
        "Interest Expense Non Operating": NaN,
        "Interest Income Non Operating": NaN,
        "Operating Income": NaN,
        "Operating Expense": NaN,
        "Depreciation Amortization Depletion Income Statement": NaN,
        "Depreciation And Amortization In Income Statement": NaN,
        "Amortization": NaN,
        "Amortization Of Intangibles Income Statement": NaN,
        "Research And Development": NaN,
        "Selling General And Administration": NaN,
        "Gross Profit": NaN,
        "Cost Of Revenue": NaN,
        "Total Revenue": NaN,
        "Operating Revenue": NaN
    },
    "2022-12-31": {
        "Tax Effect Of Unusual Items": NaN,
        "Tax Rate For Calcs": NaN,
        "Normalized EBITDA": NaN,
        "Total Unusual Items": NaN,
        "Total Unusual Items Excluding Goodwill": NaN,
        "Net Income From Continuing Operation Net Minority Interest": NaN,
        "Reconciled Depreciation": NaN,
        "Reconciled Cost Of Revenue": NaN,
        "EBITDA": NaN,
        "EBIT": NaN,
        "Net Interest Income": NaN,
        "Interest Expense": NaN,
        "Interest Income": NaN,
        "Normalized Income": NaN,
        "Net Income From Continuing And Discontinued Operation": NaN,
        "Total Expenses": NaN,
        "Diluted Average Shares": NaN,
        "Basic Average Shares": NaN,
        "Diluted EPS": NaN,
        "Basic EPS": NaN,
        "Diluted NI Availto Com Stockholders": NaN,
        "Net Income Common Stockholders": NaN,
        "Otherunder Preferred Stock Dividend": NaN,
        "Net Income": NaN,
        "Minority Interests": NaN,
        "Net Income Including Noncontrolling Interests": NaN,
        "Net Income Continuous Operations": NaN,
        "Tax Provision": NaN,
        "Pretax Income": NaN,
        "Other Income Expense": NaN,
        "Other Non Operating Income Expenses": NaN,
        "Special Income Charges": NaN,
        "Gain On Sale Of Ppe": NaN,
        "Other Special Charges": 0.0,
        "Write Off": NaN,
        "Restructuring And Mergern Acquisition": NaN,
        "Earnings From Equity Interest": NaN,
        "Gain On Sale Of Security": NaN,
        "Net Non Operating Interest Income Expense": NaN,
        "Interest Expense Non Operating": NaN,
        "Interest Income Non Operating": NaN,
        "Operating Income": NaN,
        "Operating Expense": NaN,
        "Depreciation Amortization Depletion Income Statement": NaN,
        "Depreciation And Amortization In Income Statement": NaN,
        "Amortization": NaN,
        "Amortization Of Intangibles Income Statement": NaN,
        "Research And Development": NaN,
        "Selling General And Administration": NaN,
        "Gross Profit": NaN,
        "Cost Of Revenue": NaN,
        "Total Revenue": NaN,
        "Operating Revenue": NaN
    },
    "2022-09-30": {
        "Tax Effect Of Unusual Items": NaN,
        "Tax Rate For Calcs": NaN,
        "Normalized EBITDA": NaN,
        "Total Unusual Items": NaN,
        "Total Unusual Items Excluding Goodwill": NaN,
        "Net Income From Continuing Operation Net Minority Interest": NaN,
        "Reconciled Depreciation": NaN,
        "Reconciled Cost Of Revenue": NaN,
        "EBITDA": NaN,
        "EBIT": NaN,
        "Net Interest Income": NaN,
        "Interest Expense": NaN,
        "Interest Income": NaN,
        "Normalized Income": NaN,
        "Net Income From Continuing And Discontinued Operation": NaN,
        "Total Expenses": NaN,
        "Diluted Average Shares": NaN,
        "Basic Average Shares": NaN,
        "Diluted EPS": NaN,
        "Basic EPS": NaN,
        "Diluted NI Availto Com Stockholders": NaN,
        "Net Income Common Stockholders": NaN,
        "Otherunder Preferred Stock Dividend": NaN,
        "Net Income": NaN,
        "Minority Interests": NaN,
        "Net Income Including Noncontrolling Interests": NaN,
        "Net Income Continuous Operations": NaN,
        "Tax Provision": NaN,
        "Pretax Income": NaN,
        "Other Income Expense": NaN,
        "Other Non Operating Income Expenses": NaN,
        "Special Income Charges": NaN,
        "Gain On Sale Of Ppe": NaN,
        "Other Special Charges": 7000000.0,
        "Write Off": 0.0,
        "Restructuring And Mergern Acquisition": NaN,
        "Earnings From Equity Interest": NaN,
        "Gain On Sale Of Security": NaN,
        "Net Non Operating Interest Income Expense": NaN,
        "Interest Expense Non Operating": NaN,
        "Interest Income Non Operating": NaN,
        "Operating Income": NaN,
        "Operating Expense": NaN,
        "Depreciation Amortization Depletion Income Statement": NaN,
        "Depreciation And Amortization In Income Statement": NaN,
        "Amortization": NaN,
        "Amortization Of Intangibles Income Statement": NaN,
        "Research And Development": NaN,
        "Selling General And Administration": NaN,
        "Gross Profit": NaN,
        "Cost Of Revenue": NaN,
        "Total Revenue": NaN,
        "Operating Revenue": NaN
    },
    "2022-06-30": {
        "Tax Effect Of Unusual Items": 0.0,
        "Tax Rate For Calcs": 0.224988,
        "Normalized EBITDA": 3018000000.0,
        "Total Unusual Items": 0.0,
        "Total Unusual Items Excluding Goodwill": 0.0,
        "Net Income From Continuing Operation Net Minority Interest": 1661000000.0,
        "Reconciled Depreciation": 684000000.0,
        "Reconciled Cost Of Revenue": 12300000000.0,
        "EBITDA": 3018000000.0,
        "EBIT": 2334000000.0,
        "Net Interest Income": -129000000.0,
        "Interest Expense": 165000000.0,
        "Interest Income": 36000000.0,
        "Normalized Income": 1661000000.0,
        "Net Income From Continuing And Discontinued Operation": 1661000000.0,
        "Total Expenses": 13636000000.0,
        "Diluted Average Shares": 731500000.0,
        "Basic Average Shares": 725700000.0,
        "Diluted EPS": 2.26,
        "Basic EPS": 2.28,
        "Diluted NI Availto Com Stockholders": 1661000000.0,
        "Net Income Common Stockholders": 1661000000.0,
        "Otherunder Preferred Stock Dividend": 9000000.0,
        "Net Income": 1661000000.0,
        "Minority Interests": -20000000.0,
        "Net Income Including Noncontrolling Interests": 1681000000.0,
        "Net Income Continuous Operations": 1681000000.0,
        "Tax Provision": 488000000.0,
        "Pretax Income": 2169000000.0,
        "Other Income Expense": 270000000.0,
        "Other Non Operating Income Expenses": 75000000.0,
        "Special Income Charges": 0.0,
        "Gain On Sale Of Ppe": 12000000.0,
        "Other Special Charges": 16000000.0,
        "Write Off": NaN,
        "Restructuring And Mergern Acquisition": 0.0,
        "Earnings From Equity Interest": 195000000.0,
        "Gain On Sale Of Security": -17000000.0,
        "Net Non Operating Interest Income Expense": -129000000.0,
        "Interest Expense Non Operating": 165000000.0,
        "Interest Income Non Operating": 36000000.0,
        "Operating Income": 2028000000.0,
        "Operating Expense": 737000000.0,
        "Depreciation Amortization Depletion Income Statement": 85000000.0,
        "Depreciation And Amortization In Income Statement": 85000000.0,
        "Amortization": 85000000.0,
        "Amortization Of Intangibles Income Statement": 85000000.0,
        "Research And Development": 217000000.0,
        "Selling General And Administration": 435000000.0,
        "General And Administrative Expense": 435000000.0,
        "Other Gand A": 435000000.0,
        "Gross Profit": 2765000000.0,
        "Cost Of Revenue": 12899000000.0,
        "Total Revenue": 15664000000.0,
        "Operating Revenue": 15664000000.0
    },
    "2022-03-31": {
        "Diluted EPS": 2.11,
        "Total Revenue": NaN,
        "Gross Profit": NaN,
        "Operating Income": NaN,
        "EBIT": NaN,
        "Net Income": NaN
    },
    "2021-12-31": {
        "Diluted EPS": 2.32,
        "Total Revenue": NaN,
        "Gross Profit": NaN,
        "Operating Income": NaN,
        "EBIT": NaN,
        "Net Income": NaN
    },
    "2021-09-30": {
        "Diluted EPS": 2.23,
        "Total Revenue": NaN,
        "Gross Profit": NaN,
        "Operating Income": NaN,
        "EBIT": NaN,
        "Net Income": NaN
    },
    "2021-06-30": {
        "Diluted EPS": 2.51,
        "Total Revenue": NaN,
        "Gross Profit": NaN,
        "Operating Income": NaN,
        "EBIT": NaN,
        "Net Income": NaN
    },
    "2021-03-31": {
        "Diluted EPS": 1.32,
        "Total Revenue": NaN,
        "Gross Profit": NaN,
        "Operating Income": NaN,
        "EBIT": NaN,
        "Net Income": 991
    },
    "2020-12-31": {
        "Diluted EPS": 1.67,
        "Total Revenue": NaN,
        "Gross Profit": NaN,
        "Operating Income": 794,
        "EBIT": NaN,
        "Net Income": NaN
    },
    "2020-09-30": {
        "Diluted EPS": -0.04,
        "Total Revenue": NaN,
        "Gross Profit": NaN,
        "Operating Income": -4,
        "EBIT": 720,
        "Net Income": -25
    },
    "2020-06-30": {
        "Diluted EPS": -0.31,
        "Total Revenue": NaN,
        "Gross Profit": 744,
        "Operating Income": 53,
        "EBIT": 753,
        "Net Income": -225
    },
    "2020-03-31": {
        "Diluted EPS": 0.32,
        "Total Revenue": NaN,
        "Gross Profit": NaN,
        "Operating Income": 766,
        "EBIT": NaN,
        "Net Income": 239
    },
    "2019-12-31": {
        "Diluted EPS": -3.13,
        "Total Revenue": NaN,
        "Gross Profit": NaN,
        "Operating Income": NaN,
        "EBIT": NaN,
        "Net Income": NaN
    },
    "2019-09-30": {
        "Diluted EPS": 0.45,
        "Total Revenue": NaN,
        "Gross Profit": NaN,
        "Operating Income": 394,
        "EBIT": NaN,
        "Net Income": 333
    },
    "2019-06-30": {
        "Diluted EPS": 0.1,
        "Total Revenue": NaN,
        "Gross Profit": NaN,
        "Operating Income": 447,
        "EBIT": NaN,
        "Net Income": 75
    },
    "2019-03-31": {
        "Diluted EPS": 0.74,
        "Total Revenue": NaN,
        "Gross Profit": NaN,
        "Operating Income": 465,
        "EBIT": NaN,
        "Net Income": 556
    },
    "2018-12-31": {
        "Diluted EPS": 0.0,
        "Total Revenue": NaN,
        "Gross Profit": NaN,
        "Operating Income": NaN,
        "EBIT": NaN,
        "Net Income": NaN
    },
    "2018-09-30": {
        "Diluted EPS": 1.36,
        "Total Revenue": NaN,
        "Gross Profit": NaN,
        "Operating Income": NaN,
        "EBIT": NaN,
        "Net Income": NaN
    },
    "2018-06-30": {
        "Diluted EPS": 1.78,
        "Total Revenue": NaN,
        "Gross Profit": NaN,
        "Operating Income": NaN,
        "EBIT": NaN,
        "Net Income": NaN
    },
    "2017-12-31": {
        "Diluted EPS": 0.0,
        "Total Revenue": NaN,
        "Gross Profit": NaN,
        "Operating Income": NaN,
        "EBIT": NaN,
        "Net Income": NaN
    },
    "2016-12-31": {
        "Diluted EPS": 0.0,
        "Total Revenue": NaN,
        "Gross Profit": NaN,
        "Operating Income": NaN,
        "EBIT": NaN,
        "Net Income": NaN
    },
    "2023-09-30": {
        "Tax Effect Of Unusual Items": NaN,
        "Tax Rate For Calcs": NaN,
        "Normalized EBITDA": NaN,
        "Total Unusual Items": NaN,
        "Total Unusual Items Excluding Goodwill": NaN,
        "Net Income From Continuing Operation Net Minority Interest": NaN,
        "Reconciled Depreciation": NaN,
        "Reconciled Cost Of Revenue": NaN,
        "EBITDA": NaN,
        "EBIT": NaN,
        "Net Interest Income": NaN,
        "Interest Expense": NaN,
        "Interest Income": NaN,
        "Normalized Income": NaN,
        "Net Income From Continuing And Discontinued Operation": NaN,
        "Total Expenses": NaN,
        "Diluted Average Shares": NaN,
        "Basic Average Shares": NaN,
        "Diluted EPS": NaN,
        "Basic EPS": NaN,
        "Diluted NI Availto Com Stockholders": NaN,
        "Net Income Common Stockholders": NaN,
        "Otherunder Preferred Stock Dividend": NaN,
        "Net Income": NaN,
        "Minority Interests": NaN,
        "Net Income Including Noncontrolling Interests": NaN,
        "Net Income Continuous Operations": NaN,
        "Tax Provision": NaN,
        "Pretax Income": NaN,
        "Other Income Expense": NaN,
        "Other Non Operating Income Expenses": NaN,
        "Special Income Charges": NaN,
        "Gain On Sale Of Ppe": NaN,
        "Gain On Sale Of Business": NaN,
        "Other Special Charges": -21000000.0,
        "Write Off": NaN,
        "Restructuring And Mergern Acquisition": NaN,
        "Earnings From Equity Interest": NaN,
        "Gain On Sale Of Security": NaN,
        "Net Non Operating Interest Income Expense": NaN,
        "Interest Expense Non Operating": NaN,
        "Interest Income Non Operating": NaN,
        "Operating Income": NaN,
        "Operating Expense": NaN,
        "Depreciation Amortization Depletion Income Statement": NaN,
        "Depreciation And Amortization In Income Statement": NaN,
        "Amortization": NaN,
        "Amortization Of Intangibles Income Statement": NaN,
        "Research And Development": NaN,
        "Selling General And Administration": NaN,
        "Gross Profit": NaN,
        "Cost Of Revenue": NaN,
        "Total Revenue": NaN,
        "Operating Revenue": NaN
    },
    "2023-12-31": {
        "Tax Effect Of Unusual Items": NaN,
        "Tax Rate For Calcs": NaN,
        "Normalized EBITDA": NaN,
        "Total Unusual Items": NaN,
        "Total Unusual Items Excluding Goodwill": NaN,
        "Net Income From Continuing Operation Net Minority Interest": NaN,
        "Reconciled Depreciation": NaN,
        "Reconciled Cost Of Revenue": NaN,
        "EBITDA": NaN,
        "EBIT": NaN,
        "Net Interest Income": NaN,
        "Interest Expense": NaN,
        "Interest Income": NaN,
        "Normalized Income": NaN,
        "Net Income From Continuing And Discontinued Operation": NaN,
        "Total Expenses": NaN,
        "Diluted Average Shares": NaN,
        "Basic Average Shares": NaN,
        "Diluted EPS": NaN,
        "Basic EPS": NaN,
        "Diluted NI Availto Com Stockholders": NaN,
        "Net Income Common Stockholders": NaN,
        "Otherunder Preferred Stock Dividend": NaN,
        "Net Income": NaN,
        "Minority Interests": NaN,
        "Net Income Including Noncontrolling Interests": NaN,
        "Net Income Continuous Operations": NaN,
        "Tax Provision": NaN,
        "Pretax Income": NaN,
        "Other Income Expense": NaN,
        "Other Non Operating Income Expenses": NaN,
        "Special Income Charges": NaN,
        "Gain On Sale Of Ppe": NaN,
        "Gain On Sale Of Business": NaN,
        "Other Special Charges": -14000000.0,
        "Write Off": 0.0,
        "Restructuring And Mergern Acquisition": NaN,
        "Earnings From Equity Interest": NaN,
        "Gain On Sale Of Security": NaN,
        "Net Non Operating Interest Income Expense": NaN,
        "Interest Expense Non Operating": NaN,
        "Interest Income Non Operating": NaN,
        "Operating Income": NaN,
        "Operating Expense": NaN,
        "Depreciation Amortization Depletion Income Statement": NaN,
        "Depreciation And Amortization In Income Statement": NaN,
        "Amortization": NaN,
        "Amortization Of Intangibles Income Statement": NaN,
        "Research And Development": NaN,
        "Selling General And Administration": NaN,
        "Gross Profit": NaN,
        "Cost Of Revenue": NaN,
        "Total Revenue": NaN,
        "Operating Revenue": NaN
    },
    "2024-03-31": {
        "Tax Effect Of Unusual Items": NaN,
        "Tax Rate For Calcs": NaN,
        "Normalized EBITDA": NaN,
        "Total Unusual Items": NaN,
        "Total Unusual Items Excluding Goodwill": NaN,
        "Net Income From Continuing Operation Net Minority Interest": NaN,
        "Reconciled Depreciation": NaN,
        "Reconciled Cost Of Revenue": NaN,
        "EBITDA": NaN,
        "EBIT": NaN,
        "Net Interest Income": NaN,
        "Interest Expense": NaN,
        "Interest Income": NaN,
        "Normalized Income": NaN,
        "Net Income From Continuing And Discontinued Operation": NaN,
        "Total Expenses": NaN,
        "Diluted Average Shares": NaN,
        "Basic Average Shares": NaN,
        "Diluted EPS": NaN,
        "Basic EPS": NaN,
        "Diluted NI Availto Com Stockholders": NaN,
        "Net Income Common Stockholders": NaN,
        "Otherunder Preferred Stock Dividend": NaN,
        "Net Income": NaN,
        "Minority Interests": NaN,
        "Net Income Including Noncontrolling Interests": NaN,
        "Net Income Continuous Operations": NaN,
        "Tax Provision": NaN,
        "Pretax Income": NaN,
        "Other Income Expense": NaN,
        "Other Non Operating Income Expenses": NaN,
        "Special Income Charges": NaN,
        "Gain On Sale Of Ppe": NaN,
        "Gain On Sale Of Business": NaN,
        "Other Special Charges": NaN,
        "Write Off": 0.0,
        "Restructuring And Mergern Acquisition": NaN,
        "Earnings From Equity Interest": NaN,
        "Gain On Sale Of Security": NaN,
        "Net Non Operating Interest Income Expense": NaN,
        "Interest Expense Non Operating": NaN,
        "Interest Income Non Operating": NaN,
        "Operating Income": NaN,
        "Operating Expense": NaN,
        "Depreciation Amortization Depletion Income Statement": NaN,
        "Depreciation And Amortization In Income Statement": NaN,
        "Amortization": NaN,
        "Amortization Of Intangibles Income Statement": NaN,
        "Research And Development": NaN,
        "Selling General And Administration": NaN,
        "Gross Profit": NaN,
        "Cost Of Revenue": NaN,
        "Total Revenue": NaN,
        "Operating Revenue": NaN
    },
    "2024-06-30": {
        "Tax Effect Of Unusual Items": NaN,
        "Tax Rate For Calcs": NaN,
        "Normalized EBITDA": NaN,
        "Total Unusual Items": NaN,
        "Total Unusual Items Excluding Goodwill": NaN,
        "Net Income From Continuing Operation Net Minority Interest": NaN,
        "Reconciled Depreciation": NaN,
        "Reconciled Cost Of Revenue": NaN,
        "EBITDA": NaN,
        "EBIT": NaN,
        "Net Interest Income": NaN,
        "Interest Expense": NaN,
        "Interest Income": NaN,
        "Normalized Income": NaN,
        "Net Income From Continuing And Discontinued Operation": NaN,
        "Total Expenses": NaN,
        "Diluted Average Shares": NaN,
        "Basic Average Shares": NaN,
        "Diluted EPS": NaN,
        "Basic EPS": NaN,
        "Diluted NI Availto Com Stockholders": NaN,
        "Net Income Common Stockholders": NaN,
        "Otherunder Preferred Stock Dividend": NaN,
        "Net Income": NaN,
        "Minority Interests": NaN,
        "Net Income Including Noncontrolling Interests": NaN,
        "Net Income Continuous Operations": NaN,
        "Tax Provision": NaN,
        "Pretax Income": NaN,
        "Other Income Expense": NaN,
        "Other Non Operating Income Expenses": NaN,
        "Special Income Charges": NaN,
        "Gain On Sale Of Ppe": NaN,
        "Gain On Sale Of Business": NaN,
        "Other Special Charges": -5000000.0,
        "Write Off": 0.0,
        "Restructuring And Mergern Acquisition": NaN,
        "Earnings From Equity Interest": NaN,
        "Gain On Sale Of Security": NaN,
        "Net Non Operating Interest Income Expense": NaN,
        "Interest Expense Non Operating": NaN,
        "Interest Income Non Operating": NaN,
        "Operating Income": NaN,
        "Operating Expense": NaN,
        "Depreciation Amortization Depletion Income Statement": NaN,
        "Depreciation And Amortization In Income Statement": NaN,
        "Amortization": NaN,
        "Amortization Of Intangibles Income Statement": NaN,
        "Research And Development": NaN,
        "Selling General And Administration": NaN,
        "Gross Profit": NaN,
        "Cost Of Revenue": NaN,
        "Total Revenue": NaN,
        "Operating Revenue": NaN
    },
    "2024-09-30": {
        "Tax Effect Of Unusual Items": NaN,
        "Tax Rate For Calcs": NaN,
        "Normalized EBITDA": NaN,
        "Total Unusual Items": NaN,
        "Total Unusual Items Excluding Goodwill": NaN,
        "Net Income From Continuing Operation Net Minority Interest": NaN,
        "Reconciled Depreciation": NaN,
        "Reconciled Cost Of Revenue": NaN,
        "EBITDA": NaN,
        "EBIT": NaN,
        "Net Interest Income": NaN,
        "Interest Expense": NaN,
        "Interest Income": NaN,
        "Normalized Income": NaN,
        "Net Income From Continuing And Discontinued Operation": NaN,
        "Total Expenses": NaN,
        "Diluted Average Shares": NaN,
        "Basic Average Shares": NaN,
        "Diluted EPS": NaN,
        "Basic EPS": NaN,
        "Diluted NI Availto Com Stockholders": NaN,
        "Net Income Common Stockholders": NaN,
        "Otherunder Preferred Stock Dividend": NaN,
        "Net Income": NaN,
        "Minority Interests": NaN,
        "Net Income Including Noncontrolling Interests": NaN,
        "Net Income Continuous Operations": NaN,
        "Tax Provision": NaN,
        "Pretax Income": NaN,
        "Other Income Expense": NaN,
        "Other Non Operating Income Expenses": NaN,
        "Special Income Charges": NaN,
        "Gain On Sale Of Ppe": NaN,
        "Gain On Sale Of Business": 1000000.0,
        "Other Special Charges": NaN,
        "Write Off": 0.0,
        "Restructuring And Mergern Acquisition": NaN,
        "Earnings From Equity Interest": NaN,
        "Gain On Sale Of Security": NaN,
        "Net Non Operating Interest Income Expense": NaN,
        "Interest Expense Non Operating": NaN,
        "Interest Income Non Operating": NaN,
        "Operating Income": NaN,
        "Operating Expense": NaN,
        "Depreciation Amortization Depletion Income Statement": NaN,
        "Depreciation And Amortization In Income Statement": NaN,
        "Amortization": NaN,
        "Amortization Of Intangibles Income Statement": NaN,
        "Research And Development": NaN,
        "Selling General And Administration": NaN,
        "Gross Profit": NaN,
        "Cost Of Revenue": NaN,
        "Total Revenue": NaN,
        "Operating Revenue": NaN
    },
    "2024-12-31": {
        "Tax Effect Of Unusual Items": 2730000.0,
        "Tax Rate For Calcs": 0.21,
        "Normalized EBITDA": 1173000000.0,
        "Total Unusual Items": 13000000.0,
        "Total Unusual Items Excluding Goodwill": 13000000.0,
        "Net Income From Continuing Operation Net Minority Interest": -53000000.0,
        "Reconciled Depreciation": 751000000.0,
        "Reconciled Cost Of Revenue": 8795000000.0,
        "EBITDA": 1186000000.0,
        "EBIT": 435000000.0,
        "Net Interest Income": -159000000.0,
        "Interest Expense": 216000000.0,
        "Interest Income": 57000000.0,
        "Normalized Income": -63270000.0,
        "Net Income From Continuing And Discontinued Operation": -53000000.0,
        "Total Expenses": 10101000000.0,
        "Diluted Average Shares": 704700000.0,
        "Basic Average Shares": 704700000.0,
        "Diluted EPS": -0.08,
        "Basic EPS": -0.08,
        "Diluted NI Availto Com Stockholders": -56000000.0,
        "Net Income Common Stockholders": -56000000.0,
        "Otherunder Preferred Stock Dividend": 3000000.0,
        "Net Income": -53000000.0,
        "Minority Interests": -18000000.0,
        "Net Income Including Noncontrolling Interests": -35000000.0,
        "Net Income Continuous Operations": -35000000.0,
        "Tax Provision": 254000000.0,
        "Pretax Income": 219000000.0,
        "Other Income Expense": 74000000.0,
        "Other Non Operating Income Expenses": 112000000.0,
        "Special Income Charges": 9000000.0,
        "Gain On Sale Of Ppe": 14000000.0,
        "Gain On Sale Of Business": 11000000.0,
        "Other Special Charges": 0.0,
        "Write Off": -18000000.0,
        "Restructuring And Mergern Acquisition": 34000000.0,
        "Earnings From Equity Interest": -51000000.0,
        "Gain On Sale Of Security": 4000000.0,
        "Net Non Operating Interest Income Expense": -159000000.0,
        "Interest Expense Non Operating": 216000000.0,
        "Interest Income Non Operating": 57000000.0,
        "Operating Income": 304000000.0,
        "Operating Expense": 631000000.0,
        "Depreciation Amortization Depletion Income Statement": 76000000.0,
        "Depreciation And Amortization In Income Statement": 76000000.0,
        "Amortization": 76000000.0,
        "Amortization Of Intangibles Income Statement": 76000000.0,
        "Research And Development": 202000000.0,
        "Selling General And Administration": 353000000.0,
        "Gross Profit": 935000000.0,
        "Cost Of Revenue": 9470000000.0,
        "Total Revenue": 10405000000.0,
        "Operating Revenue": 10405000000.0
    },
    "2025-03-31": {
        "Tax Effect Of Unusual Items": -59400000.0,
        "Tax Rate For Calcs": 0.225,
        "Normalized EBITDA": 820000000.0,
        "Total Unusual Items": -264000000.0,
        "Total Unusual Items Excluding Goodwill": -264000000.0,
        "Net Income From Continuing Operation Net Minority Interest": -307000000.0,
        "Reconciled Depreciation": 714000000.0,
        "Reconciled Cost Of Revenue": 9122000000.0,
        "EBITDA": 556000000.0,
        "EBIT": -158000000.0,
        "Net Interest Income": -188000000.0,
        "Interest Expense": 216000000.0,
        "Interest Income": 28000000.0,
        "Normalized Income": -102400000.0,
        "Net Income From Continuing And Discontinued Operation": -307000000.0,
        "Total Expenses": 10402000000.0,
        "Diluted Average Shares": 706900000.0,
        "Basic Average Shares": 706900000.0,
        "Diluted EPS": -0.44,
        "Basic EPS": -0.44,
        "Diluted NI Availto Com Stockholders": -310000000.0,
        "Net Income Common Stockholders": -310000000.0,
        "Otherunder Preferred Stock Dividend": 3000000.0,
        "Net Income": -307000000.0,
        "Minority Interests": -17000000.0,
        "Net Income Including Noncontrolling Interests": -290000000.0,
        "Net Income Continuous Operations": -290000000.0,
        "Tax Provision": -84000000.0,
        "Pretax Income": -374000000.0,
        "Other Income Expense": -215000000.0,
        "Other Non Operating Income Expenses": 69000000.0,
        "Special Income Charges": -271000000.0,
        "Gain On Sale Of Ppe": -3000000.0,
        "Gain On Sale Of Business": NaN,
        "Other Special Charges": 60000000.0,
        "Write Off": NaN,
        "Restructuring And Mergern Acquisition": 208000000.0,
        "Earnings From Equity Interest": -20000000.0,
        "Gain On Sale Of Security": 7000000.0,
        "Net Non Operating Interest Income Expense": -188000000.0,
        "Interest Expense Non Operating": 216000000.0,
        "Interest Income Non Operating": 28000000.0,
        "Operating Income": 29000000.0,
        "Operating Expense": 642000000.0,
        "Depreciation Amortization Depletion Income Statement": 76000000.0,
        "Depreciation And Amortization In Income Statement": 76000000.0,
        "Amortization": 76000000.0,
        "Amortization Of Intangibles Income Statement": 76000000.0,
        "Research And Development": 200000000.0,
        "Selling General And Administration": 366000000.0,
        "Gross Profit": 671000000.0,
        "Cost Of Revenue": 9760000000.0,
        "Total Revenue": 10431000000.0,
        "Operating Revenue": 10431000000.0
    },
    "2025-06-30": {
        "Tax Effect Of Unusual Items": -105630000.0,
        "Tax Rate For Calcs": 0.21,
        "Normalized EBITDA": 777000000.0,
        "Total Unusual Items": -503000000.0,
        "Total Unusual Items Excluding Goodwill": -503000000.0,
        "Net Income From Continuing Operation Net Minority Interest": -835000000.0,
        "Reconciled Depreciation": 724000000.0,
        "Reconciled Cost Of Revenue": 8860000000.0,
        "EBITDA": 274000000.0,
        "EBIT": -450000000.0,
        "Net Interest Income": -170000000.0,
        "Interest Expense": 209000000.0,
        "Interest Income": 39000000.0,
        "Normalized Income": -437630000.0,
        "Net Income From Continuing And Discontinued Operation": -835000000.0,
        "Total Expenses": 10119000000.0,
        "Diluted Average Shares": 709500000.0,
        "Basic Average Shares": 709500000.0,
        "Diluted EPS": -1.18,
        "Basic EPS": -1.18,
        "Diluted NI Availto Com Stockholders": -839000000.0,
        "Net Income Common Stockholders": -839000000.0,
        "Otherunder Preferred Stock Dividend": 4000000.0,
        "Net Income": -835000000.0,
        "Minority Interests": -34000000.0,
        "Net Income Including Noncontrolling Interests": -801000000.0,
        "Net Income Continuous Operations": -801000000.0,
        "Tax Provision": 142000000.0,
        "Pretax Income": -659000000.0,
        "Other Income Expense": -474000000.0,
        "Other Non Operating Income Expenses": 59000000.0,
        "Special Income Charges": -507000000.0,
        "Gain On Sale Of Ppe": -2000000.0,
        "Gain On Sale Of Business": 86000000.0,
        "Other Special Charges": NaN,
        "Write Off": NaN,
        "Restructuring And Mergern Acquisition": 591000000.0,
        "Earnings From Equity Interest": -30000000.0,
        "Gain On Sale Of Security": 4000000.0,
        "Net Non Operating Interest Income Expense": -170000000.0,
        "Interest Expense Non Operating": 209000000.0,
        "Interest Income Non Operating": 39000000.0,
        "Operating Income": -15000000.0,
        "Operating Expense": 598000000.0,
        "Depreciation Amortization Depletion Income Statement": 63000000.0,
        "Depreciation And Amortization In Income Statement": 63000000.0,
        "Amortization": 63000000.0,
        "Amortization Of Intangibles Income Statement": 63000000.0,
        "Research And Development": 188000000.0,
        "Selling General And Administration": 347000000.0,
        "Gross Profit": 583000000.0,
        "Cost Of Revenue": 9521000000.0,
        "Total Revenue": 10104000000.0,
        "Operating Revenue": 10104000000.0
    },
    "2025-09-30": {
        "Tax Effect Of Unusual Items": 17430000.0,
        "Tax Rate For Calcs": 0.21,
        "Normalized EBITDA": 896000000.0,
        "Total Unusual Items": 83000000.0,
        "Total Unusual Items Excluding Goodwill": 83000000.0,
        "Net Income From Continuing Operation Net Minority Interest": 62000000.0,
        "Reconciled Depreciation": 688000000.0,
        "Reconciled Cost Of Revenue": 8600000000.0,
        "EBITDA": 979000000.0,
        "EBIT": 291000000.0,
        "Net Interest Income": -174000000.0,
        "Interest Expense": 221000000.0,
        "Interest Income": 47000000.0,
        "Normalized Income": -3570000.0,
        "Net Income From Continuing And Discontinued Operation": 62000000.0,
        "Total Expenses": 9819000000.0,
        "Diluted Average Shares": 713200000.0,
        "Basic Average Shares": 711800000.0,
        "Diluted EPS": 0.08,
        "Basic EPS": 0.08,
        "Diluted NI Availto Com Stockholders": 60000000.0,
        "Net Income Common Stockholders": 60000000.0,
        "Otherunder Preferred Stock Dividend": 2000000.0,
        "Net Income": 62000000.0,
        "Minority Interests": -62000000.0,
        "Net Income Including Noncontrolling Interests": 124000000.0,
        "Net Income Continuous Operations": 124000000.0,
        "Tax Provision": -54000000.0,
        "Pretax Income": 70000000.0,
        "Other Income Expense": 90000000.0,
        "Other Non Operating Income Expenses": 79000000.0,
        "Special Income Charges": 71000000.0,
        "Gain On Sale Of Ppe": 5000000.0,
        "Gain On Sale Of Business": 107000000.0,
        "Other Special Charges": 18000000.0,
        "Write Off": NaN,
        "Restructuring And Mergern Acquisition": 23000000.0,
        "Earnings From Equity Interest": -72000000.0,
        "Gain On Sale Of Security": 12000000.0,
        "Net Non Operating Interest Income Expense": -174000000.0,
        "Interest Expense Non Operating": 221000000.0,
        "Interest Income Non Operating": 47000000.0,
        "Operating Income": 154000000.0,
        "Operating Expense": 577000000.0,
        "Depreciation Amortization Depletion Income Statement": 46000000.0,
        "Depreciation And Amortization In Income Statement": 46000000.0,
        "Amortization": 46000000.0,
        "Amortization Of Intangibles Income Statement": 46000000.0,
        "Research And Development": 191000000.0,
        "Selling General And Administration": 340000000.0,
        "Gross Profit": 731000000.0,
        "Cost Of Revenue": 9242000000.0,
        "Total Revenue": 9973000000.0,
        "Operating Revenue": 9973000000.0
    },
    "2025-12-31": {
        "Tax Effect Of Unusual Items": -44718992.248062,
        "Tax Rate For Calcs": 0.045866,
        "Normalized EBITDA": 354000000.0,
        "Total Unusual Items": -975000000.0,
        "Total Unusual Items Excluding Goodwill": -975000000.0,
        "Net Income From Continuing Operation Net Minority Interest": -1543000000.0,
        "Reconciled Depreciation": 708000000.0,
        "Reconciled Cost Of Revenue": 8250000000.0,
        "EBITDA": -621000000.0,
        "EBIT": -1329000000.0,
        "Net Interest Income": -181000000.0,
        "Interest Expense": 219000000.0,
        "Interest Income": 38000000.0,
        "Normalized Income": -612718992.248062,
        "Net Income From Continuing And Discontinued Operation": -1543000000.0,
        "Total Expenses": 9470000000.0,
        "Diluted Average Shares": 718200000.0,
        "Basic Average Shares": 718200000.0,
        "Diluted EPS": -2.15,
        "Basic EPS": -2.15,
        "Diluted NI Availto Com Stockholders": -1545000000.0,
        "Net Income Common Stockholders": -1545000000.0,
        "Otherunder Preferred Stock Dividend": 2000000.0,
        "Net Income": -1543000000.0,
        "Minority Interests": -66000000.0,
        "Net Income Including Noncontrolling Interests": -1477000000.0,
        "Net Income Continuous Operations": -1477000000.0,
        "Tax Provision": -71000000.0,
        "Pretax Income": -1548000000.0,
        "Other Income Expense": -1357000000.0,
        "Other Non Operating Income Expenses": -264000000.0,
        "Special Income Charges": -1024000000.0,
        "Gain On Sale Of Ppe": 10000000.0,
        "Gain On Sale Of Business": 0.0,
        "Other Special Charges": 0.0,
        "Write Off": NaN,
        "Restructuring And Mergern Acquisition": 1034000000.0,
        "Earnings From Equity Interest": -118000000.0,
        "Gain On Sale Of Security": 49000000.0,
        "Net Non Operating Interest Income Expense": -181000000.0,
        "Interest Expense Non Operating": 219000000.0,
        "Interest Income Non Operating": 38000000.0,
        "Operating Income": -10000000.0,
        "Operating Expense": 558000000.0,
        "Depreciation Amortization Depletion Income Statement": 46000000.0,
        "Depreciation And Amortization In Income Statement": 46000000.0,
        "Amortization": 46000000.0,
        "Amortization Of Intangibles Income Statement": 46000000.0,
        "Research And Development": 173000000.0,
        "Selling General And Administration": 339000000.0,
        "Gross Profit": 548000000.0,
        "Cost Of Revenue": 8912000000.0,
        "Total Revenue": 9460000000.0,
        "Operating Revenue": 9460000000.0
    }
}