{
    "2023-03-31": {
        "Tax Effect Of Unusual Items": NaN,
        "Tax Rate For Calcs": NaN,
        "Normalized EBITDA": NaN,
        "Total Unusual Items": NaN,
        "Total Unusual Items Excluding Goodwill": NaN,
        "Net Income From Continuing Operation Net Minority Interest": NaN,
        "Reconciled Cost Of Revenue": NaN,
        "EBITDA": NaN,
        "EBIT": NaN,
        "Net Interest Income": NaN,
        "Interest Income": 11947000.0,
        "Normalized Income": NaN,
        "Net Income From Continuing And Discontinued Operation": NaN,
        "Total Expenses": NaN,
        "Total Operating Income As Reported": NaN,
        "Diluted Average Shares": NaN,
        "Basic Average Shares": NaN,
        "Diluted EPS": NaN,
        "Basic EPS": NaN,
        "Diluted NI Availto Com Stockholders": NaN,
        "Net Income Common Stockholders": NaN,
        "Net Income": NaN,
        "Minority Interests": NaN,
        "Net Income Including Noncontrolling Interests": NaN,
        "Net Income Continuous Operations": NaN,
        "Tax Provision": NaN,
        "Pretax Income": NaN,
        "Other Income Expense": NaN,
        "Gain On Sale Of Security": NaN,
        "Net Non Operating Interest Income Expense": NaN,
        "Total Other Finance Cost": NaN,
        "Interest Income Non Operating": 11947000.0,
        "Operating Income": NaN,
        "Operating Expense": NaN,
        "Other Operating Expenses": NaN,
        "Research And Development": NaN,
        "Selling General And Administration": NaN,
        "Gross Profit": NaN,
        "Cost Of Revenue": NaN,
        "Total Revenue": NaN,
        "Operating Revenue": NaN
    },
    "2022-12-31": {
        "Tax Effect Of Unusual Items": NaN,
        "Tax Rate For Calcs": NaN,
        "Normalized EBITDA": NaN,
        "Total Unusual Items": NaN,
        "Total Unusual Items Excluding Goodwill": NaN,
        "Net Income From Continuing Operation Net Minority Interest": NaN,
        "Reconciled Cost Of Revenue": NaN,
        "EBITDA": NaN,
        "EBIT": NaN,
        "Net Interest Income": NaN,
        "Interest Income": NaN,
        "Normalized Income": NaN,
        "Net Income From Continuing And Discontinued Operation": NaN,
        "Total Expenses": NaN,
        "Total Operating Income As Reported": NaN,
        "Diluted Average Shares": 78898049.0,
        "Basic Average Shares": 78052481.0,
        "Diluted EPS": 4.71,
        "Basic EPS": 4.78,
        "Diluted NI Availto Com Stockholders": NaN,
        "Net Income Common Stockholders": NaN,
        "Net Income": NaN,
        "Minority Interests": NaN,
        "Net Income Including Noncontrolling Interests": NaN,
        "Net Income Continuous Operations": NaN,
        "Tax Provision": NaN,
        "Pretax Income": NaN,
        "Other Income Expense": NaN,
        "Gain On Sale Of Security": NaN,
        "Net Non Operating Interest Income Expense": NaN,
        "Total Other Finance Cost": NaN,
        "Interest Income Non Operating": NaN,
        "Operating Income": NaN,
        "Operating Expense": NaN,
        "Other Operating Expenses": NaN,
        "Research And Development": NaN,
        "Selling General And Administration": NaN,
        "Gross Profit": NaN,
        "Cost Of Revenue": NaN,
        "Total Revenue": NaN,
        "Operating Revenue": NaN
    },
    "2022-09-30": {
        "Tax Effect Of Unusual Items": NaN,
        "Tax Rate For Calcs": NaN,
        "Normalized EBITDA": NaN,
        "Total Unusual Items": NaN,
        "Total Unusual Items Excluding Goodwill": NaN,
        "Net Income From Continuing Operation Net Minority Interest": NaN,
        "Reconciled Cost Of Revenue": NaN,
        "EBITDA": NaN,
        "EBIT": NaN,
        "Net Interest Income": NaN,
        "Interest Income": NaN,
        "Normalized Income": NaN,
        "Net Income From Continuing And Discontinued Operation": NaN,
        "Total Expenses": NaN,
        "Total Operating Income As Reported": NaN,
        "Diluted Average Shares": NaN,
        "Basic Average Shares": NaN,
        "Diluted EPS": NaN,
        "Basic EPS": NaN,
        "Diluted NI Availto Com Stockholders": NaN,
        "Net Income Common Stockholders": NaN,
        "Net Income": NaN,
        "Minority Interests": NaN,
        "Net Income Including Noncontrolling Interests": NaN,
        "Net Income Continuous Operations": NaN,
        "Tax Provision": NaN,
        "Pretax Income": NaN,
        "Other Income Expense": NaN,
        "Gain On Sale Of Security": NaN,
        "Net Non Operating Interest Income Expense": NaN,
        "Total Other Finance Cost": -7589000.0,
        "Interest Income Non Operating": NaN,
        "Operating Income": NaN,
        "Operating Expense": NaN,
        "Other Operating Expenses": NaN,
        "Research And Development": NaN,
        "Selling General And Administration": NaN,
        "Gross Profit": NaN,
        "Cost Of Revenue": NaN,
        "Total Revenue": NaN,
        "Operating Revenue": NaN
    },
    "2022-06-30": {
        "Tax Effect Of Unusual Items": 5279.179686,
        "Tax Rate For Calcs": 0.15527,
        "Normalized EBITDA": 927582000.0,
        "Total Unusual Items": 34000.0,
        "Total Unusual Items Excluding Goodwill": 34000.0,
        "Net Income From Continuing Operation Net Minority Interest": 627817000.0,
        "Reconciled Cost Of Revenue": 297220000.0,
        "EBITDA": 927616000.0,
        "EBIT": 927616000.0,
        "Net Interest Income": -3677000.0,
        "Interest Expense": 3677000.0,
        "Interest Income": NaN,
        "Normalized Income": 627788279.179686,
        "Net Income From Continuing And Discontinued Operation": 627817000.0,
        "Total Expenses": 316504000.0,
        "Total Operating Income As Reported": 927582000.0,
        "Diluted Average Shares": 76756442.0,
        "Basic Average Shares": 75119100.0,
        "Diluted EPS": 8.18,
        "Basic EPS": 8.36,
        "Diluted NI Availto Com Stockholders": 627817000.0,
        "Net Income Common Stockholders": 627817000.0,
        "Net Income": 627817000.0,
        "Minority Interests": -152662000.0,
        "Net Income Including Noncontrolling Interests": 780479000.0,
        "Net Income Continuous Operations": 780479000.0,
        "Tax Provision": 143460000.0,
        "Pretax Income": 923939000.0,
        "Other Income Expense": 34000.0,
        "Gain On Sale Of Security": 34000.0,
        "Net Non Operating Interest Income Expense": -3677000.0,
        "Total Other Finance Cost": NaN,
        "Interest Expense Non Operating": 3677000.0,
        "Interest Income Non Operating": NaN,
        "Operating Income": 927582000.0,
        "Operating Expense": 19284000.0,
        "Other Operating Expenses": 2143000.0,
        "Research And Development": 2711000.0,
        "Selling General And Administration": 14430000.0,
        "Gross Profit": 946866000.0,
        "Cost Of Revenue": 297220000.0,
        "Total Revenue": 1244086000.0,
        "Operating Revenue": 1244086000.0
    },
    "2023-06-30": {
        "Tax Effect Of Unusual Items": NaN,
        "Tax Rate For Calcs": NaN,
        "Normalized EBITDA": NaN,
        "Total Unusual Items": NaN,
        "Total Unusual Items Excluding Goodwill": NaN,
        "Net Income From Continuing Operation Net Minority Interest": NaN,
        "Reconciled Cost Of Revenue": NaN,
        "EBITDA": NaN,
        "EBIT": NaN,
        "Net Interest Income": NaN,
        "Interest Income": 12751000.0,
        "Normalized Income": NaN,
        "Net Income From Continuing And Discontinued Operation": NaN,
        "Total Expenses": NaN,
        "Total Operating Income As Reported": NaN,
        "Diluted Average Shares": NaN,
        "Basic Average Shares": NaN,
        "Diluted EPS": NaN,
        "Basic EPS": NaN,
        "Diluted NI Availto Com Stockholders": NaN,
        "Net Income Common Stockholders": NaN,
        "Net Income": NaN,
        "Minority Interests": NaN,
        "Net Income Including Noncontrolling Interests": NaN,
        "Net Income Continuous Operations": NaN,
        "Tax Provision": NaN,
        "Pretax Income": NaN,
        "Other Income Expense": NaN,
        "Gain On Sale Of Security": NaN,
        "Net Non Operating Interest Income Expense": NaN,
        "Total Other Finance Cost": -12751000.0,
        "Interest Income Non Operating": 12751000.0,
        "Operating Income": NaN,
        "Operating Expense": NaN,
        "Other Operating Expenses": NaN,
        "Research And Development": NaN,
        "Selling General And Administration": NaN,
        "Gross Profit": NaN,
        "Cost Of Revenue": NaN,
        "Total Revenue": NaN,
        "Operating Revenue": NaN
    },
    "2023-09-30": {
        "Tax Effect Of Unusual Items": NaN,
        "Tax Rate For Calcs": NaN,
        "Normalized EBITDA": NaN,
        "Total Unusual Items": NaN,
        "Total Unusual Items Excluding Goodwill": NaN,
        "Net Income From Continuing Operation Net Minority Interest": NaN,
        "Reconciled Cost Of Revenue": NaN,
        "EBITDA": NaN,
        "EBIT": NaN,
        "Net Interest Income": NaN,
        "Interest Income": NaN,
        "Normalized Income": NaN,
        "Net Income From Continuing And Discontinued Operation": NaN,
        "Total Expenses": NaN,
        "Total Operating Income As Reported": NaN,
        "Diluted Average Shares": NaN,
        "Basic Average Shares": NaN,
        "Diluted EPS": NaN,
        "Basic EPS": NaN,
        "Diluted NI Availto Com Stockholders": NaN,
        "Net Income Common Stockholders": NaN,
        "Net Income": NaN,
        "Minority Interests": NaN,
        "Net Income Including Noncontrolling Interests": NaN,
        "Net Income Continuous Operations": NaN,
        "Tax Provision": NaN,
        "Pretax Income": NaN,
        "Other Income Expense": NaN,
        "Special Income Charges": NaN,
        "Impairment Of Capital Assets": NaN,
        "Gain On Sale Of Security": NaN,
        "Net Non Operating Interest Income Expense": NaN,
        "Total Other Finance Cost": -13832000.0,
        "Interest Income Non Operating": NaN,
        "Operating Income": NaN,
        "Operating Expense": NaN,
        "Other Operating Expenses": NaN,
        "Provision For Doubtful Accounts": NaN,
        "Research And Development": NaN,
        "Selling General And Administration": NaN,
        "Gross Profit": NaN,
        "Cost Of Revenue": NaN,
        "Total Revenue": NaN,
        "Operating Revenue": NaN
    },
    "2024-03-31": {
        "Tax Effect Of Unusual Items": NaN,
        "Tax Rate For Calcs": NaN,
        "Normalized EBITDA": NaN,
        "Total Unusual Items": NaN,
        "Total Unusual Items Excluding Goodwill": NaN,
        "Net Income From Continuing Operation Net Minority Interest": NaN,
        "Reconciled Cost Of Revenue": NaN,
        "EBITDA": NaN,
        "EBIT": NaN,
        "Net Interest Income": NaN,
        "Interest Income": 12270000.0,
        "Normalized Income": NaN,
        "Net Income From Continuing And Discontinued Operation": NaN,
        "Total Expenses": NaN,
        "Total Operating Income As Reported": NaN,
        "Diluted Average Shares": NaN,
        "Basic Average Shares": NaN,
        "Diluted EPS": NaN,
        "Basic EPS": NaN,
        "Diluted NI Availto Com Stockholders": NaN,
        "Net Income Common Stockholders": NaN,
        "Net Income": NaN,
        "Minority Interests": NaN,
        "Net Income Including Noncontrolling Interests": NaN,
        "Net Income Continuous Operations": NaN,
        "Tax Provision": NaN,
        "Pretax Income": NaN,
        "Other Income Expense": NaN,
        "Special Income Charges": 0.0,
        "Impairment Of Capital Assets": 0.0,
        "Gain On Sale Of Security": NaN,
        "Net Non Operating Interest Income Expense": NaN,
        "Total Other Finance Cost": NaN,
        "Interest Income Non Operating": 12270000.0,
        "Operating Income": NaN,
        "Operating Expense": NaN,
        "Other Operating Expenses": NaN,
        "Provision For Doubtful Accounts": 0.0,
        "Research And Development": NaN,
        "Selling General And Administration": NaN,
        "Gross Profit": NaN,
        "Cost Of Revenue": NaN,
        "Total Revenue": NaN,
        "Operating Revenue": NaN
    },
    "2023-12-31": {
        "Tax Effect Of Unusual Items": NaN,
        "Tax Rate For Calcs": NaN,
        "Normalized EBITDA": NaN,
        "Total Unusual Items": NaN,
        "Total Unusual Items Excluding Goodwill": NaN,
        "Net Income From Continuing Operation Net Minority Interest": NaN,
        "Reconciled Cost Of Revenue": NaN,
        "EBITDA": NaN,
        "EBIT": NaN,
        "Net Interest Income": NaN,
        "Interest Income": NaN,
        "Normalized Income": NaN,
        "Net Income From Continuing And Discontinued Operation": NaN,
        "Total Expenses": NaN,
        "Total Operating Income As Reported": NaN,
        "Diluted Average Shares": NaN,
        "Basic Average Shares": NaN,
        "Diluted EPS": NaN,
        "Basic EPS": NaN,
        "Diluted NI Availto Com Stockholders": NaN,
        "Net Income Common Stockholders": NaN,
        "Net Income": NaN,
        "Minority Interests": NaN,
        "Net Income Including Noncontrolling Interests": NaN,
        "Net Income Continuous Operations": NaN,
        "Tax Provision": NaN,
        "Pretax Income": NaN,
        "Other Income Expense": NaN,
        "Special Income Charges": NaN,
        "Impairment Of Capital Assets": NaN,
        "Gain On Sale Of Security": NaN,
        "Net Non Operating Interest Income Expense": NaN,
        "Total Other Finance Cost": -13773000.0,
        "Interest Income Non Operating": NaN,
        "Operating Income": NaN,
        "Operating Expense": NaN,
        "Other Operating Expenses": NaN,
        "Provision For Doubtful Accounts": NaN,
        "Research And Development": NaN,
        "Selling General And Administration": NaN,
        "Gross Profit": NaN,
        "Cost Of Revenue": NaN,
        "Total Revenue": NaN,
        "Operating Revenue": NaN
    },
    "2024-06-30": {
        "Tax Effect Of Unusual Items": NaN,
        "Tax Rate For Calcs": NaN,
        "Normalized EBITDA": NaN,
        "Total Unusual Items": NaN,
        "Total Unusual Items Excluding Goodwill": NaN,
        "Net Income From Continuing Operation Net Minority Interest": NaN,
        "Reconciled Cost Of Revenue": NaN,
        "EBITDA": NaN,
        "EBIT": NaN,
        "Net Interest Income": NaN,
        "Interest Income": NaN,
        "Normalized Income": NaN,
        "Net Income From Continuing And Discontinued Operation": NaN,
        "Total Expenses": NaN,
        "Total Operating Income As Reported": NaN,
        "Diluted Average Shares": NaN,
        "Basic Average Shares": NaN,
        "Diluted EPS": NaN,
        "Basic EPS": NaN,
        "Diluted NI Availto Com Stockholders": NaN,
        "Net Income Common Stockholders": NaN,
        "Net Income": NaN,
        "Minority Interests": NaN,
        "Net Income Including Noncontrolling Interests": NaN,
        "Net Income Continuous Operations": NaN,
        "Tax Provision": NaN,
        "Pretax Income": NaN,
        "Other Income Expense": NaN,
        "Special Income Charges": NaN,
        "Impairment Of Capital Assets": NaN,
        "Gain On Sale Of Security": NaN,
        "Net Non Operating Interest Income Expense": NaN,
        "Total Other Finance Cost": -8730000.0,
        "Interest Income Non Operating": NaN,
        "Operating Income": NaN,
        "Operating Expense": NaN,
        "Other Operating Expenses": NaN,
        "Provision For Doubtful Accounts": NaN,
        "Research And Development": NaN,
        "Selling General And Administration": NaN,
        "Gross Profit": NaN,
        "Cost Of Revenue": NaN,
        "Total Revenue": NaN,
        "Operating Revenue": NaN
    },
    "2024-09-30": {
        "Tax Effect Of Unusual Items": 1012677.592003,
        "Tax Rate For Calcs": 0.135006,
        "Normalized EBITDA": -105543000.0,
        "Total Unusual Items": 7501000.0,
        "Total Unusual Items Excluding Goodwill": 7501000.0,
        "Net Income From Continuing Operation Net Minority Interest": -60724000.0,
        "Reconciled Cost Of Revenue": 259090000.0,
        "EBITDA": -98042000.0,
        "EBIT": -98042000.0,
        "Net Interest Income": 1604000.0,
        "Interest Income": NaN,
        "Normalized Income": -67212322.407997,
        "Net Income From Continuing And Discontinued Operation": -60724000.0,
        "Total Expenses": 296538000.0,
        "Total Operating Income As Reported": -98042000.0,
        "Diluted Average Shares": 66306870.0,
        "Basic Average Shares": 66306870.0,
        "Diluted EPS": -0.92,
        "Basic EPS": -0.92,
        "Diluted NI Availto Com Stockholders": -60724000.0,
        "Net Income Common Stockholders": -60724000.0,
        "Net Income": -60724000.0,
        "Minority Interests": 16206000.0,
        "Net Income Including Noncontrolling Interests": -76930000.0,
        "Net Income Continuous Operations": -76930000.0,
        "Tax Provision": -12007000.0,
        "Pretax Income": -88937000.0,
        "Other Income Expense": 7501000.0,
        "Special Income Charges": NaN,
        "Impairment Of Capital Assets": NaN,
        "Gain On Sale Of Security": 7501000.0,
        "Net Non Operating Interest Income Expense": 1604000.0,
        "Total Other Finance Cost": -1604000.0,
        "Interest Income Non Operating": NaN,
        "Operating Income": -98042000.0,
        "Operating Expense": 37448000.0,
        "Other Operating Expenses": -1092000.0,
        "Provision For Doubtful Accounts": NaN,
        "Research And Development": 813000.0,
        "Selling General And Administration": 37727000.0,
        "Gross Profit": -60594000.0,
        "Cost Of Revenue": 259090000.0,
        "Total Revenue": 198496000.0,
        "Operating Revenue": 198496000.0
    },
    "2025-03-31": {
        "Tax Effect Of Unusual Items": 745274.353138,
        "Tax Rate For Calcs": 0.116887,
        "Normalized EBITDA": -120429000.0,
        "Total Unusual Items": 6376000.0,
        "Total Unusual Items Excluding Goodwill": 6376000.0,
        "Net Income From Continuing Operation Net Minority Interest": -71837000.0,
        "Reconciled Cost Of Revenue": 205449000.0,
        "EBITDA": -114053000.0,
        "EBIT": -114053000.0,
        "Net Interest Income": 2670000.0,
        "Interest Income": 2670000.0,
        "Normalized Income": -77467725.646862,
        "Net Income From Continuing And Discontinued Operation": -71837000.0,
        "Total Expenses": 237967000.0,
        "Total Operating Income As Reported": -114053000.0,
        "Diluted Average Shares": 66938183.0,
        "Basic Average Shares": 66938183.0,
        "Diluted EPS": -1.07,
        "Basic EPS": -1.07,
        "Diluted NI Availto Com Stockholders": -71837000.0,
        "Net Income Common Stockholders": -71837000.0,
        "Net Income": -71837000.0,
        "Minority Interests": 20896000.0,
        "Net Income Including Noncontrolling Interests": -92733000.0,
        "Net Income Continuous Operations": -92733000.0,
        "Tax Provision": -12274000.0,
        "Pretax Income": -105007000.0,
        "Other Income Expense": 6376000.0,
        "Special Income Charges": 0.0,
        "Impairment Of Capital Assets": 0.0,
        "Gain On Sale Of Security": 6376000.0,
        "Net Non Operating Interest Income Expense": 2670000.0,
        "Total Other Finance Cost": NaN,
        "Interest Income Non Operating": 2670000.0,
        "Operating Income": -114053000.0,
        "Operating Expense": 32518000.0,
        "Other Operating Expenses": -3074000.0,
        "Provision For Doubtful Accounts": 0.0,
        "Research And Development": 507000.0,
        "Selling General And Administration": 35085000.0,
        "Gross Profit": -81535000.0,
        "Cost Of Revenue": 205449000.0,
        "Total Revenue": 123914000.0,
        "Operating Revenue": 123914000.0
    },
    "2024-12-31": {
        "Tax Effect Of Unusual Items": -29131319.795102,
        "Tax Rate For Calcs": 0.16859,
        "Normalized EBITDA": 47482000.0,
        "Total Unusual Items": -172794000.0,
        "Total Unusual Items Excluding Goodwill": -172794000.0,
        "Net Income From Continuing Operation Net Minority Interest": -180182000.0,
        "Reconciled Cost Of Revenue": 260622000.0,
        "EBITDA": -125312000.0,
        "EBIT": -125312000.0,
        "Net Interest Income": 7620000.0,
        "Interest Income": NaN,
        "Normalized Income": -36519319.795102,
        "Net Income From Continuing And Discontinued Operation": -180182000.0,
        "Total Expenses": 320671000.0,
        "Total Operating Income As Reported": -300939000.0,
        "Diluted Average Shares": 66609799.0,
        "Basic Average Shares": 66609799.0,
        "Diluted EPS": -2.71,
        "Basic EPS": -2.71,
        "Diluted NI Availto Com Stockholders": -180182000.0,
        "Net Income Common Stockholders": -180182000.0,
        "Net Income": -180182000.0,
        "Minority Interests": 61331000.0,
        "Net Income Including Noncontrolling Interests": -241513000.0,
        "Net Income Continuous Operations": -241513000.0,
        "Tax Provision": -48973000.0,
        "Pretax Income": -290486000.0,
        "Other Income Expense": -172794000.0,
        "Special Income Charges": NaN,
        "Impairment Of Capital Assets": NaN,
        "Gain On Sale Of Security": 2833000.0,
        "Net Non Operating Interest Income Expense": 7620000.0,
        "Total Other Finance Cost": NaN,
        "Interest Income Non Operating": NaN,
        "Operating Income": -125312000.0,
        "Operating Expense": 60049000.0,
        "Other Operating Expenses": 12202000.0,
        "Provision For Doubtful Accounts": NaN,
        "Research And Development": 372000.0,
        "Selling General And Administration": 29403000.0,
        "Gross Profit": -65263000.0,
        "Cost Of Revenue": 260622000.0,
        "Total Revenue": 195359000.0,
        "Operating Revenue": 195359000.0
    },
    "2025-06-30": {
        "Tax Effect Of Unusual Items": 503171.255512,
        "Tax Rate For Calcs": 0.076505,
        "Normalized EBITDA": -121564000.0,
        "Total Unusual Items": 6577000.0,
        "Total Unusual Items Excluding Goodwill": 6577000.0,
        "Net Income From Continuing Operation Net Minority Interest": -76478000.0,
        "Reconciled Cost Of Revenue": 156595000.0,
        "EBITDA": -114987000.0,
        "EBIT": -114987000.0,
        "Net Interest Income": 1593000.0,
        "Interest Income": NaN,
        "Normalized Income": -82551828.744488,
        "Net Income From Continuing And Discontinued Operation": -76478000.0,
        "Total Expenses": 190176000.0,
        "Total Operating Income As Reported": -114987000.0,
        "Diluted Average Shares": 67243161.0,
        "Basic Average Shares": 67243161.0,
        "Diluted EPS": -1.14,
        "Basic EPS": -1.14,
        "Diluted NI Availto Com Stockholders": -76478000.0,
        "Net Income Common Stockholders": -76478000.0,
        "Net Income": -76478000.0,
        "Minority Interests": 22167000.0,
        "Net Income Including Noncontrolling Interests": -98645000.0,
        "Net Income Continuous Operations": -98645000.0,
        "Tax Provision": -8172000.0,
        "Pretax Income": -106817000.0,
        "Other Income Expense": 6577000.0,
        "Special Income Charges": NaN,
        "Impairment Of Capital Assets": NaN,
        "Gain On Sale Of Security": 6577000.0,
        "Net Non Operating Interest Income Expense": 1593000.0,
        "Total Other Finance Cost": -1593000.0,
        "Interest Income Non Operating": NaN,
        "Operating Income": -114987000.0,
        "Operating Expense": 33581000.0,
        "Other Operating Expenses": 664000.0,
        "Provision For Doubtful Accounts": NaN,
        "Research And Development": 796000.0,
        "Selling General And Administration": 32121000.0,
        "Gross Profit": -81406000.0,
        "Cost Of Revenue": 156595000.0,
        "Total Revenue": 75189000.0,
        "Operating Revenue": 75189000.0
    },
    "2025-09-30": {
        "Tax Effect Of Unusual Items": 1368500.0,
        "Tax Rate For Calcs": 0.25,
        "Normalized EBITDA": -25778000.0,
        "Total Unusual Items": 5474000.0,
        "Total Unusual Items Excluding Goodwill": 5474000.0,
        "Net Income From Continuing Operation Net Minority Interest": -14918000.0,
        "Reconciled Cost Of Revenue": 234949000.0,
        "EBITDA": -20304000.0,
        "EBIT": -20304000.0,
        "Net Interest Income": 2944000.0,
        "Interest Income": NaN,
        "Normalized Income": -19023500.0,
        "Net Income From Continuing And Discontinued Operation": -14918000.0,
        "Total Expenses": 264905000.0,
        "Total Operating Income As Reported": -20304000.0,
        "Diluted Average Shares": 67547032.0,
        "Basic Average Shares": 67547032.0,
        "Diluted EPS": -0.22,
        "Basic EPS": -0.22,
        "Diluted NI Availto Com Stockholders": -14918000.0,
        "Net Income Common Stockholders": -14918000.0,
        "Net Income": -14918000.0,
        "Minority Interests": -74000.0,
        "Net Income Including Noncontrolling Interests": -14844000.0,
        "Net Income Continuous Operations": -14844000.0,
        "Tax Provision": 2958000.0,
        "Pretax Income": -11886000.0,
        "Other Income Expense": 5474000.0,
        "Special Income Charges": NaN,
        "Impairment Of Capital Assets": NaN,
        "Gain On Sale Of Security": 5474000.0,
        "Net Non Operating Interest Income Expense": 2944000.0,
        "Total Other Finance Cost": -2944000.0,
        "Interest Income Non Operating": NaN,
        "Operating Income": -20304000.0,
        "Operating Expense": 29956000.0,
        "Other Operating Expenses": -2890000.0,
        "Provision For Doubtful Accounts": NaN,
        "Research And Development": 559000.0,
        "Selling General And Administration": 32287000.0,
        "Gross Profit": 9652000.0,
        "Cost Of Revenue": 234949000.0,
        "Total Revenue": 244601000.0,
        "Operating Revenue": 244601000.0
    }
}