{
    "2023-03-31": {
        "Tax Effect Of Unusual Items": NaN,
        "Tax Rate For Calcs": NaN,
        "Normalized EBITDA": NaN,
        "Total Unusual Items": NaN,
        "Total Unusual Items Excluding Goodwill": NaN,
        "Net Income From Continuing Operation Net Minority Interest": NaN,
        "Reconciled Depreciation": NaN,
        "Reconciled Cost Of Revenue": NaN,
        "EBITDA": NaN,
        "EBIT": NaN,
        "Net Interest Income": NaN,
        "Interest Expense": NaN,
        "Normalized Income": NaN,
        "Net Income From Continuing And Discontinued Operation": NaN,
        "Total Expenses": NaN,
        "Total Operating Income As Reported": NaN,
        "Diluted Average Shares": NaN,
        "Basic Average Shares": NaN,
        "Diluted EPS": NaN,
        "Basic EPS": NaN,
        "Diluted NI Availto Com Stockholders": NaN,
        "Net Income Common Stockholders": NaN,
        "Otherunder Preferred Stock Dividend": NaN,
        "Net Income": NaN,
        "Minority Interests": NaN,
        "Net Income Including Noncontrolling Interests": NaN,
        "Net Income Continuous Operations": NaN,
        "Tax Provision": NaN,
        "Pretax Income": NaN,
        "Other Income Expense": NaN,
        "Other Non Operating Income Expenses": NaN,
        "Special Income Charges": NaN,
        "Other Special Charges": 300000.0,
        "Restructuring And Mergern Acquisition": 299770.0,
        "Net Non Operating Interest Income Expense": NaN,
        "Interest Expense Non Operating": NaN,
        "Operating Income": NaN,
        "Operating Expense": NaN,
        "Selling General And Administration": NaN,
        "General And Administrative Expense": NaN,
        "Other Gand A": NaN,
        "Salaries And Wages": NaN,
        "Gross Profit": NaN,
        "Cost Of Revenue": NaN,
        "Total Revenue": NaN,
        "Operating Revenue": NaN
    },
    "2022-12-31": {
        "Tax Effect Of Unusual Items": 0.0,
        "Tax Rate For Calcs": 0.073126,
        "Normalized EBITDA": 3049939.0,
        "Total Unusual Items": 0.0,
        "Total Unusual Items Excluding Goodwill": 0.0,
        "Net Income From Continuing Operation Net Minority Interest": 1413080.0,
        "Reconciled Depreciation": 564405.0,
        "Reconciled Cost Of Revenue": 21998000.0,
        "EBITDA": 3049939.0,
        "EBIT": 2485534.0,
        "Net Interest Income": -960969.0,
        "Interest Expense": 960969.0,
        "Normalized Income": 1413080.0,
        "Net Income From Continuing And Discontinued Operation": 1413080.0,
        "Total Expenses": 28257616.0,
        "Total Operating Income As Reported": 2485097.0,
        "Diluted Average Shares": 14567669.0,
        "Basic Average Shares": 14538409.0,
        "Diluted EPS": 0.01,
        "Basic EPS": 0.01,
        "Diluted NI Availto Com Stockholders": 1413080.0,
        "Net Income Common Stockholders": 1413080.0,
        "Net Income": 1413080.0,
        "Net Income Including Noncontrolling Interests": 1413080.0,
        "Net Income Continuous Operations": 1413080.0,
        "Tax Provision": 111485.0,
        "Pretax Income": 1524565.0,
        "Other Income Expense": 437.0,
        "Other Non Operating Income Expenses": 437.0,
        "Special Income Charges": 0.0,
        "Other Special Charges": 0.0,
        "Restructuring And Mergern Acquisition": NaN,
        "Gain On Sale Of Security": 0.0,
        "Net Non Operating Interest Income Expense": -960969.0,
        "Interest Expense Non Operating": 960969.0,
        "Operating Income": 2485097.0,
        "Operating Expense": 6259616.0,
        "Selling General And Administration": 6259616.0,
        "General And Administrative Expense": 6259616.0,
        "Other Gand A": 2030996.0,
        "Salaries And Wages": 4228620.0,
        "Gross Profit": 8744713.0,
        "Cost Of Revenue": 21998000.0,
        "Total Revenue": 30742713.0,
        "Operating Revenue": 30742713.0
    },
    "2022-09-30": {
        "Tax Effect Of Unusual Items": 0.0,
        "Tax Rate For Calcs": 0.137,
        "Normalized EBITDA": 2378232.0,
        "Total Unusual Items": 0.0,
        "Total Unusual Items Excluding Goodwill": 0.0,
        "Net Income From Continuing Operation Net Minority Interest": 810783.0,
        "Reconciled Depreciation": 533408.0,
        "Reconciled Cost Of Revenue": 18524631.0,
        "EBITDA": 2378232.0,
        "EBIT": 1844824.0,
        "Net Interest Income": -905605.0,
        "Interest Expense": 905605.0,
        "Normalized Income": 810783.0,
        "Net Income From Continuing And Discontinued Operation": 810783.0,
        "Total Expenses": 24140551.0,
        "Total Operating Income As Reported": 1844824.0,
        "Diluted Average Shares": NaN,
        "Basic Average Shares": NaN,
        "Diluted EPS": NaN,
        "Basic EPS": NaN,
        "Diluted NI Availto Com Stockholders": 810783.0,
        "Net Income Common Stockholders": 810783.0,
        "Net Income": 810783.0,
        "Net Income Including Noncontrolling Interests": 810783.0,
        "Net Income Continuous Operations": 810783.0,
        "Tax Provision": 128436.0,
        "Pretax Income": 939219.0,
        "Other Income Expense": NaN,
        "Other Non Operating Income Expenses": NaN,
        "Special Income Charges": 0.0,
        "Other Special Charges": NaN,
        "Restructuring And Mergern Acquisition": NaN,
        "Gain On Sale Of Security": NaN,
        "Net Non Operating Interest Income Expense": -905605.0,
        "Interest Expense Non Operating": 905605.0,
        "Operating Income": 1844824.0,
        "Operating Expense": 5615920.0,
        "Selling General And Administration": 5615920.0,
        "General And Administrative Expense": 5615920.0,
        "Other Gand A": 1770002.0,
        "Salaries And Wages": 3845918.0,
        "Gross Profit": 7460744.0,
        "Cost Of Revenue": 18524631.0,
        "Total Revenue": 25985375.0,
        "Operating Revenue": 25985375.0
    },
    "2022-06-30": {
        "Tax Effect Of Unusual Items": 9214.382565,
        "Tax Rate For Calcs": 0.03209,
        "Normalized EBITDA": 3064147.0,
        "Total Unusual Items": 287143.0,
        "Total Unusual Items Excluding Goodwill": 287143.0,
        "Net Income From Continuing Operation Net Minority Interest": 2614363.0,
        "Reconciled Depreciation": 520873.0,
        "Reconciled Cost Of Revenue": 12925488.0,
        "EBITDA": 3351290.0,
        "EBIT": 3351290.0,
        "Net Interest Income": -650251.0,
        "Interest Expense": 650251.0,
        "Normalized Income": 2336434.382565,
        "Net Income From Continuing And Discontinued Operation": 2614363.0,
        "Total Expenses": 18197161.0,
        "Total Operating Income As Reported": 3064147.0,
        "Diluted Average Shares": 14257827.0,
        "Basic Average Shares": 14257827.0,
        "Diluted EPS": 0.18,
        "Basic EPS": 0.18,
        "Diluted NI Availto Com Stockholders": 2614363.0,
        "Net Income Common Stockholders": 2614363.0,
        "Net Income": 2614363.0,
        "Net Income Including Noncontrolling Interests": 2614363.0,
        "Net Income Continuous Operations": 2614363.0,
        "Tax Provision": 86676.0,
        "Pretax Income": 2701039.0,
        "Other Income Expense": 287143.0,
        "Other Non Operating Income Expenses": NaN,
        "Special Income Charges": 287143.0,
        "Other Special Charges": -287143.0,
        "Restructuring And Mergern Acquisition": NaN,
        "Gain On Sale Of Security": NaN,
        "Net Non Operating Interest Income Expense": -650251.0,
        "Interest Expense Non Operating": 650251.0,
        "Operating Income": 3064147.0,
        "Operating Expense": 5271673.0,
        "Selling General And Administration": 5271673.0,
        "General And Administrative Expense": 5271673.0,
        "Other Gand A": 1776981.0,
        "Salaries And Wages": 3494692.0,
        "Gross Profit": 8335820.0,
        "Cost Of Revenue": 12925488.0,
        "Total Revenue": 21261308.0,
        "Operating Revenue": 21261308.0
    },
    "2022-03-31": {
        "Diluted EPS": -0.09,
        "Total Revenue": 11,
        "Gross Profit": 5,
        "Operating Income": 1,
        "EBIT": 1,
        "Net Income": -1
    },
    "2021-12-31": {
        "Diluted EPS": -62.34,
        "Total Revenue": 13,
        "Gross Profit": 5,
        "Operating Income": 1,
        "EBIT": 2,
        "Net Income": -2
    },
    "2021-09-30": {
        "Diluted EPS": -6.62,
        "Total Revenue": 8,
        "Gross Profit": 4,
        "Operating Income": 1,
        "EBIT": 1,
        "Net Income": 0
    },
    "2021-06-30": {
        "Diluted EPS": 48.54,
        "Total Revenue": 11,
        "Gross Profit": 6,
        "Operating Income": 3,
        "EBIT": 3,
        "Net Income": 2
    },
    "2021-03-31": {
        "Diluted EPS": -23.68,
        "Total Revenue": 6,
        "Gross Profit": 3,
        "Operating Income": 0,
        "EBIT": 1,
        "Net Income": -1
    },
    "2020-12-31": {
        "Diluted EPS": 0.0,
        "Total Revenue": NaN,
        "Gross Profit": NaN,
        "Operating Income": NaN,
        "EBIT": NaN,
        "Net Income": NaN
    },
    "2023-06-30": {
        "Tax Effect Of Unusual Items": NaN,
        "Tax Rate For Calcs": NaN,
        "Normalized EBITDA": NaN,
        "Total Unusual Items": NaN,
        "Total Unusual Items Excluding Goodwill": NaN,
        "Net Income From Continuing Operation Net Minority Interest": NaN,
        "Reconciled Depreciation": NaN,
        "Reconciled Cost Of Revenue": NaN,
        "EBITDA": NaN,
        "EBIT": NaN,
        "Net Interest Income": NaN,
        "Interest Expense": NaN,
        "Normalized Income": NaN,
        "Net Income From Continuing And Discontinued Operation": NaN,
        "Total Expenses": NaN,
        "Total Operating Income As Reported": NaN,
        "Diluted Average Shares": NaN,
        "Basic Average Shares": NaN,
        "Diluted EPS": NaN,
        "Basic EPS": NaN,
        "Diluted NI Availto Com Stockholders": NaN,
        "Net Income Common Stockholders": NaN,
        "Otherunder Preferred Stock Dividend": 99000.0,
        "Net Income": NaN,
        "Minority Interests": -1003000.0,
        "Net Income Including Noncontrolling Interests": NaN,
        "Net Income Continuous Operations": NaN,
        "Tax Provision": NaN,
        "Pretax Income": NaN,
        "Other Income Expense": NaN,
        "Other Non Operating Income Expenses": NaN,
        "Special Income Charges": NaN,
        "Other Special Charges": NaN,
        "Restructuring And Mergern Acquisition": 0.0,
        "Net Non Operating Interest Income Expense": NaN,
        "Interest Expense Non Operating": NaN,
        "Operating Income": NaN,
        "Operating Expense": NaN,
        "Selling General And Administration": NaN,
        "General And Administrative Expense": NaN,
        "Other Gand A": NaN,
        "Salaries And Wages": NaN,
        "Gross Profit": NaN,
        "Cost Of Revenue": NaN,
        "Total Revenue": NaN,
        "Operating Revenue": NaN
    },
    "2023-09-30": {
        "Tax Effect Of Unusual Items": NaN,
        "Tax Rate For Calcs": NaN,
        "Normalized EBITDA": NaN,
        "Total Unusual Items": NaN,
        "Total Unusual Items Excluding Goodwill": NaN,
        "Net Income From Continuing Operation Net Minority Interest": NaN,
        "Reconciled Depreciation": NaN,
        "Reconciled Cost Of Revenue": NaN,
        "EBITDA": NaN,
        "EBIT": NaN,
        "Net Interest Income": NaN,
        "Interest Expense": NaN,
        "Normalized Income": NaN,
        "Net Income From Continuing And Discontinued Operation": NaN,
        "Total Expenses": NaN,
        "Total Operating Income As Reported": NaN,
        "Diluted Average Shares": 3044000.0,
        "Basic Average Shares": 2990000.0,
        "Diluted EPS": 0.09,
        "Basic EPS": 0.09,
        "Diluted NI Availto Com Stockholders": NaN,
        "Net Income Common Stockholders": NaN,
        "Otherunder Preferred Stock Dividend": NaN,
        "Net Income": NaN,
        "Minority Interests": -2780000.0,
        "Net Income Including Noncontrolling Interests": NaN,
        "Net Income Continuous Operations": NaN,
        "Tax Provision": NaN,
        "Pretax Income": NaN,
        "Other Income Expense": NaN,
        "Other Non Operating Income Expenses": NaN,
        "Special Income Charges": NaN,
        "Other Special Charges": NaN,
        "Net Non Operating Interest Income Expense": NaN,
        "Interest Expense Non Operating": NaN,
        "Operating Income": NaN,
        "Operating Expense": NaN,
        "Selling General And Administration": NaN,
        "General And Administrative Expense": NaN,
        "Other Gand A": NaN,
        "Salaries And Wages": NaN,
        "Gross Profit": NaN,
        "Cost Of Revenue": NaN,
        "Total Revenue": NaN,
        "Operating Revenue": NaN
    },
    "2023-12-31": {
        "Tax Effect Of Unusual Items": NaN,
        "Tax Rate For Calcs": NaN,
        "Normalized EBITDA": NaN,
        "Total Unusual Items": -230.0,
        "Total Unusual Items Excluding Goodwill": -230.0,
        "Net Income From Continuing Operation Net Minority Interest": NaN,
        "Reconciled Depreciation": NaN,
        "Reconciled Cost Of Revenue": NaN,
        "EBITDA": NaN,
        "EBIT": NaN,
        "Net Interest Income": NaN,
        "Interest Expense": NaN,
        "Normalized Income": NaN,
        "Net Income From Continuing And Discontinued Operation": NaN,
        "Total Expenses": NaN,
        "Total Operating Income As Reported": NaN,
        "Diluted Average Shares": NaN,
        "Basic Average Shares": NaN,
        "Diluted EPS": NaN,
        "Basic EPS": NaN,
        "Diluted NI Availto Com Stockholders": NaN,
        "Net Income Common Stockholders": NaN,
        "Otherunder Preferred Stock Dividend": NaN,
        "Net Income": NaN,
        "Minority Interests": NaN,
        "Net Income Including Noncontrolling Interests": NaN,
        "Net Income Continuous Operations": NaN,
        "Tax Provision": NaN,
        "Pretax Income": NaN,
        "Other Income Expense": NaN,
        "Other Non Operating Income Expenses": NaN,
        "Special Income Charges": -230.0,
        "Other Special Charges": 230.0,
        "Net Non Operating Interest Income Expense": NaN,
        "Total Other Finance Cost": NaN,
        "Interest Expense Non Operating": NaN,
        "Operating Income": NaN,
        "Operating Expense": NaN,
        "Selling General And Administration": NaN,
        "General And Administrative Expense": NaN,
        "Other Gand A": NaN,
        "Salaries And Wages": NaN,
        "Gross Profit": NaN,
        "Cost Of Revenue": NaN,
        "Total Revenue": NaN,
        "Operating Revenue": NaN
    },
    "2024-06-30": {
        "Tax Effect Of Unusual Items": 0.0,
        "Tax Rate For Calcs": 0.080234,
        "Normalized EBITDA": -1649000.0,
        "Total Unusual Items": 0.0,
        "Total Unusual Items Excluding Goodwill": 0.0,
        "Net Income From Continuing Operation Net Minority Interest": -590000.0,
        "Reconciled Depreciation": 594000.0,
        "Reconciled Cost Of Revenue": 15924000.0,
        "EBITDA": -1649000.0,
        "EBIT": -2243000.0,
        "Net Interest Income": -1358000.0,
        "Interest Expense": 1172000.0,
        "Normalized Income": -590000.0,
        "Net Income From Continuing And Discontinued Operation": -590000.0,
        "Total Expenses": 23920000.0,
        "Total Operating Income As Reported": -2065000.0,
        "Diluted Average Shares": 3701000.0,
        "Basic Average Shares": 3701000.0,
        "Diluted EPS": -0.16,
        "Basic EPS": -0.16,
        "Diluted NI Availto Com Stockholders": -590000.0,
        "Net Income Common Stockholders": -590000.0,
        "Otherunder Preferred Stock Dividend": 0.0,
        "Net Income": -590000.0,
        "Minority Interests": 2551000.0,
        "Net Income Including Noncontrolling Interests": -3141000.0,
        "Net Income Continuous Operations": -3141000.0,
        "Tax Provision": -274000.0,
        "Pretax Income": -3415000.0,
        "Other Income Expense": 8000.0,
        "Other Non Operating Income Expenses": 8000.0,
        "Special Income Charges": 0.0,
        "Other Special Charges": NaN,
        "Net Non Operating Interest Income Expense": -1358000.0,
        "Total Other Finance Cost": 186000.0,
        "Interest Expense Non Operating": 1172000.0,
        "Operating Income": -2065000.0,
        "Operating Expense": 7996000.0,
        "Selling General And Administration": 7996000.0,
        "General And Administrative Expense": 7996000.0,
        "Other Gand A": 3830000.0,
        "Salaries And Wages": 4166000.0,
        "Gross Profit": 5931000.0,
        "Cost Of Revenue": 15924000.0,
        "Total Revenue": 21855000.0,
        "Operating Revenue": 21855000.0
    },
    "2024-03-31": {
        "Tax Effect Of Unusual Items": NaN,
        "Tax Rate For Calcs": NaN,
        "Normalized EBITDA": NaN,
        "Total Unusual Items": 0.0,
        "Total Unusual Items Excluding Goodwill": 0.0,
        "Net Income From Continuing Operation Net Minority Interest": NaN,
        "Reconciled Depreciation": NaN,
        "Reconciled Cost Of Revenue": NaN,
        "EBITDA": NaN,
        "EBIT": NaN,
        "Net Interest Income": NaN,
        "Interest Expense": NaN,
        "Normalized Income": NaN,
        "Net Income From Continuing And Discontinued Operation": NaN,
        "Total Expenses": NaN,
        "Total Operating Income As Reported": NaN,
        "Diluted Average Shares": NaN,
        "Basic Average Shares": NaN,
        "Diluted EPS": NaN,
        "Basic EPS": NaN,
        "Diluted NI Availto Com Stockholders": NaN,
        "Net Income Common Stockholders": NaN,
        "Otherunder Preferred Stock Dividend": NaN,
        "Net Income": NaN,
        "Minority Interests": NaN,
        "Net Income Including Noncontrolling Interests": NaN,
        "Net Income Continuous Operations": NaN,
        "Tax Provision": NaN,
        "Pretax Income": NaN,
        "Other Income Expense": NaN,
        "Other Non Operating Income Expenses": NaN,
        "Special Income Charges": 0.0,
        "Other Special Charges": NaN,
        "Net Non Operating Interest Income Expense": NaN,
        "Total Other Finance Cost": 186000.0,
        "Interest Expense Non Operating": NaN,
        "Operating Income": NaN,
        "Operating Expense": NaN,
        "Selling General And Administration": NaN,
        "General And Administrative Expense": NaN,
        "Other Gand A": NaN,
        "Salaries And Wages": NaN,
        "Gross Profit": NaN,
        "Cost Of Revenue": NaN,
        "Total Revenue": NaN,
        "Operating Revenue": NaN
    },
    "2024-09-30": {
        "Tax Effect Of Unusual Items": 0.0,
        "Tax Rate For Calcs": 0.21,
        "Normalized EBITDA": 2237000.0,
        "Total Unusual Items": 0.0,
        "Total Unusual Items Excluding Goodwill": 0.0,
        "Net Income From Continuing Operation Net Minority Interest": -2690000.0,
        "Reconciled Depreciation": 595000.0,
        "Reconciled Cost Of Revenue": 5561000.0,
        "EBITDA": 2237000.0,
        "EBIT": 1642000.0,
        "Net Interest Income": -1413000.0,
        "Interest Expense": 1413000.0,
        "Normalized Income": -2690000.0,
        "Net Income From Continuing And Discontinued Operation": -2690000.0,
        "Total Expenses": 12733000.0,
        "Total Operating Income As Reported": -3658000.0,
        "Diluted Average Shares": 3793000.0,
        "Basic Average Shares": 3793000.0,
        "Diluted EPS": -0.71,
        "Basic EPS": -0.71,
        "Diluted NI Availto Com Stockholders": -2690000.0,
        "Net Income Common Stockholders": -2690000.0,
        "Otherunder Preferred Stock Dividend": NaN,
        "Net Income": -2690000.0,
        "Minority Interests": 3687000.0,
        "Net Income Including Noncontrolling Interests": -6377000.0,
        "Net Income Continuous Operations": -6377000.0,
        "Tax Provision": 6606000.0,
        "Pretax Income": 229000.0,
        "Other Income Expense": 5300000.0,
        "Other Non Operating Income Expenses": 5300000.0,
        "Special Income Charges": 0.0,
        "Other Special Charges": NaN,
        "Net Non Operating Interest Income Expense": -1413000.0,
        "Total Other Finance Cost": NaN,
        "Interest Expense Non Operating": 1413000.0,
        "Operating Income": -3658000.0,
        "Operating Expense": 7172000.0,
        "Selling General And Administration": 7172000.0,
        "General And Administrative Expense": 7172000.0,
        "Other Gand A": 3646000.0,
        "Salaries And Wages": 3526000.0,
        "Gross Profit": 3514000.0,
        "Cost Of Revenue": 5561000.0,
        "Total Revenue": 9075000.0,
        "Operating Revenue": 9075000.0
    },
    "2024-12-31": {
        "Tax Effect Of Unusual Items": 0.0,
        "Tax Rate For Calcs": 0.0,
        "Normalized EBITDA": -4627000.0,
        "Total Unusual Items": 0.0,
        "Total Unusual Items Excluding Goodwill": 0.0,
        "Net Income From Continuing Operation Net Minority Interest": -2181000.0,
        "Reconciled Depreciation": 600000.0,
        "Reconciled Cost Of Revenue": 6136000.0,
        "EBITDA": -4627000.0,
        "EBIT": -5227000.0,
        "Net Interest Income": -1342000.0,
        "Interest Expense": 1342000.0,
        "Normalized Income": -2181000.0,
        "Net Income From Continuing And Discontinued Operation": -2181000.0,
        "Total Expenses": 13787000.0,
        "Total Operating Income As Reported": -4704000.0,
        "Diluted Average Shares": 4029000.0,
        "Basic Average Shares": 4029000.0,
        "Diluted EPS": -0.54,
        "Basic EPS": -0.54,
        "Diluted NI Availto Com Stockholders": -2181000.0,
        "Net Income Common Stockholders": -2181000.0,
        "Otherunder Preferred Stock Dividend": NaN,
        "Net Income": -2181000.0,
        "Minority Interests": 4388000.0,
        "Net Income Including Noncontrolling Interests": -6569000.0,
        "Net Income Continuous Operations": -6569000.0,
        "Tax Provision": 0.0,
        "Pretax Income": -6569000.0,
        "Other Income Expense": -523000.0,
        "Other Non Operating Income Expenses": -523000.0,
        "Special Income Charges": 0.0,
        "Other Special Charges": NaN,
        "Net Non Operating Interest Income Expense": -1342000.0,
        "Total Other Finance Cost": NaN,
        "Interest Expense Non Operating": 1342000.0,
        "Operating Income": -4704000.0,
        "Operating Expense": 7651000.0,
        "Selling General And Administration": 7651000.0,
        "General And Administrative Expense": 7651000.0,
        "Other Gand A": 3465000.0,
        "Salaries And Wages": 4186000.0,
        "Gross Profit": 2947000.0,
        "Cost Of Revenue": 6136000.0,
        "Total Revenue": 9083000.0,
        "Operating Revenue": 9083000.0
    },
    "2025-03-31": {
        "Tax Effect Of Unusual Items": 0.0,
        "Tax Rate For Calcs": 0.0,
        "Normalized EBITDA": -4133000.0,
        "Total Unusual Items": NaN,
        "Total Unusual Items Excluding Goodwill": NaN,
        "Net Income From Continuing Operation Net Minority Interest": -2355000.0,
        "Reconciled Depreciation": 602000.0,
        "Reconciled Cost Of Revenue": 5764000.0,
        "EBITDA": -4133000.0,
        "EBIT": -4735000.0,
        "Net Interest Income": -1846000.0,
        "Interest Expense": 1205000.0,
        "Normalized Income": -2355000.0,
        "Net Income From Continuing And Discontinued Operation": -2355000.0,
        "Total Expenses": 12081000.0,
        "Total Operating Income As Reported": -3924000.0,
        "Diluted Average Shares": 6710000.0,
        "Basic Average Shares": 6710000.0,
        "Diluted EPS": -0.35,
        "Basic EPS": -0.35,
        "Diluted NI Availto Com Stockholders": -2355000.0,
        "Net Income Common Stockholders": -2355000.0,
        "Otherunder Preferred Stock Dividend": NaN,
        "Net Income": -2355000.0,
        "Minority Interests": 3585000.0,
        "Net Income Including Noncontrolling Interests": -5940000.0,
        "Net Income Continuous Operations": -5940000.0,
        "Tax Provision": 0.0,
        "Pretax Income": -5940000.0,
        "Other Income Expense": -170000.0,
        "Other Non Operating Income Expenses": -170000.0,
        "Special Income Charges": NaN,
        "Other Special Charges": NaN,
        "Net Non Operating Interest Income Expense": -1846000.0,
        "Total Other Finance Cost": 641000.0,
        "Interest Expense Non Operating": 1205000.0,
        "Operating Income": -3924000.0,
        "Operating Expense": 6317000.0,
        "Selling General And Administration": 6317000.0,
        "General And Administrative Expense": 6317000.0,
        "Other Gand A": 2653000.0,
        "Salaries And Wages": 3664000.0,
        "Gross Profit": 2393000.0,
        "Cost Of Revenue": 5764000.0,
        "Total Revenue": 8157000.0,
        "Operating Revenue": 8157000.0
    },
    "2025-06-30": {
        "Tax Effect Of Unusual Items": 0.0,
        "Tax Rate For Calcs": 0.0,
        "Normalized EBITDA": -2385000.0,
        "Total Unusual Items": NaN,
        "Total Unusual Items Excluding Goodwill": NaN,
        "Net Income From Continuing Operation Net Minority Interest": -2249000.0,
        "Reconciled Depreciation": 610000.0,
        "Reconciled Cost Of Revenue": 6583000.0,
        "EBITDA": -2385000.0,
        "EBIT": -2995000.0,
        "Net Interest Income": -1789000.0,
        "Interest Expense": 1201000.0,
        "Normalized Income": -2249000.0,
        "Net Income From Continuing And Discontinued Operation": -2249000.0,
        "Total Expenses": 12570000.0,
        "Total Operating Income As Reported": -2426000.0,
        "Diluted Average Shares": 9937000.0,
        "Basic Average Shares": 9937000.0,
        "Diluted EPS": -0.23,
        "Basic EPS": -0.23,
        "Diluted NI Availto Com Stockholders": -2249000.0,
        "Net Income Common Stockholders": -2249000.0,
        "Otherunder Preferred Stock Dividend": NaN,
        "Net Income": -2249000.0,
        "Minority Interests": 1947000.0,
        "Net Income Including Noncontrolling Interests": -4196000.0,
        "Net Income Continuous Operations": -4196000.0,
        "Tax Provision": 0.0,
        "Pretax Income": -4196000.0,
        "Other Income Expense": 19000.0,
        "Other Non Operating Income Expenses": 19000.0,
        "Special Income Charges": NaN,
        "Other Special Charges": NaN,
        "Net Non Operating Interest Income Expense": -1789000.0,
        "Total Other Finance Cost": 588000.0,
        "Interest Expense Non Operating": 1201000.0,
        "Operating Income": -2426000.0,
        "Operating Expense": 5987000.0,
        "Selling General And Administration": 5987000.0,
        "General And Administrative Expense": 5987000.0,
        "Other Gand A": 2348000.0,
        "Salaries And Wages": 3639000.0,
        "Gross Profit": 3561000.0,
        "Cost Of Revenue": 6583000.0,
        "Total Revenue": 10144000.0,
        "Operating Revenue": 10144000.0
    }
}