{
    "2023-05-31": {
        "Tax Effect Of Unusual Items": NaN,
        "Tax Rate For Calcs": NaN,
        "Normalized EBITDA": NaN,
        "Total Unusual Items": NaN,
        "Total Unusual Items Excluding Goodwill": NaN,
        "Net Income From Continuing Operation Net Minority Interest": NaN,
        "Reconciled Depreciation": NaN,
        "Reconciled Cost Of Revenue": NaN,
        "EBITDA": NaN,
        "EBIT": NaN,
        "Net Interest Income": NaN,
        "Normalized Income": NaN,
        "Net Income From Continuing And Discontinued Operation": NaN,
        "Total Expenses": NaN,
        "Total Operating Income As Reported": NaN,
        "Diluted Average Shares": 122100000.0,
        "Basic Average Shares": 121000000.0,
        "Diluted EPS": 2.58,
        "Basic EPS": 2.61,
        "Diluted NI Availto Com Stockholders": NaN,
        "Net Income Common Stockholders": NaN,
        "Net Income": NaN,
        "Net Income Including Noncontrolling Interests": NaN,
        "Net Income Discontinuous Operations": NaN,
        "Net Income Continuous Operations": NaN,
        "Tax Provision": NaN,
        "Pretax Income": NaN,
        "Other Income Expense": NaN,
        "Special Income Charges": NaN,
        "Gain On Sale Of Ppe": NaN,
        "Other Special Charges": NaN,
        "Write Off": NaN,
        "Impairment Of Capital Assets": NaN,
        "Net Non Operating Interest Income Expense": NaN,
        "Total Other Finance Cost": NaN,
        "Operating Income": NaN,
        "Operating Expense": NaN,
        "Depreciation Amortization Depletion Income Statement": NaN,
        "Depreciation And Amortization In Income Statement": NaN,
        "Selling General And Administration": NaN,
        "Selling And Marketing Expense": NaN,
        "General And Administrative Expense": NaN,
        "Other Gand A": NaN,
        "Gross Profit": NaN,
        "Cost Of Revenue": NaN,
        "Total Revenue": NaN,
        "Operating Revenue": NaN
    },
    "2023-02-28": {
        "Tax Effect Of Unusual Items": NaN,
        "Tax Rate For Calcs": NaN,
        "Normalized EBITDA": NaN,
        "Total Unusual Items": NaN,
        "Total Unusual Items Excluding Goodwill": NaN,
        "Net Income From Continuing Operation Net Minority Interest": NaN,
        "Reconciled Depreciation": NaN,
        "Reconciled Cost Of Revenue": NaN,
        "EBITDA": NaN,
        "EBIT": NaN,
        "Net Interest Income": NaN,
        "Normalized Income": NaN,
        "Net Income From Continuing And Discontinued Operation": NaN,
        "Total Expenses": NaN,
        "Total Operating Income As Reported": NaN,
        "Diluted Average Shares": NaN,
        "Basic Average Shares": NaN,
        "Diluted EPS": NaN,
        "Basic EPS": NaN,
        "Diluted NI Availto Com Stockholders": NaN,
        "Net Income Common Stockholders": NaN,
        "Net Income": NaN,
        "Net Income Including Noncontrolling Interests": NaN,
        "Net Income Discontinuous Operations": NaN,
        "Net Income Continuous Operations": NaN,
        "Tax Provision": NaN,
        "Pretax Income": NaN,
        "Other Income Expense": NaN,
        "Special Income Charges": NaN,
        "Gain On Sale Of Ppe": NaN,
        "Other Special Charges": NaN,
        "Write Off": NaN,
        "Impairment Of Capital Assets": NaN,
        "Net Non Operating Interest Income Expense": NaN,
        "Total Other Finance Cost": 19600000.0,
        "Operating Income": NaN,
        "Operating Expense": NaN,
        "Depreciation Amortization Depletion Income Statement": NaN,
        "Depreciation And Amortization In Income Statement": NaN,
        "Selling General And Administration": NaN,
        "Selling And Marketing Expense": NaN,
        "General And Administrative Expense": NaN,
        "Other Gand A": NaN,
        "Gross Profit": NaN,
        "Cost Of Revenue": NaN,
        "Total Revenue": NaN,
        "Operating Revenue": NaN
    },
    "2022-11-30": {
        "Tax Effect Of Unusual Items": NaN,
        "Tax Rate For Calcs": NaN,
        "Normalized EBITDA": NaN,
        "Total Unusual Items": NaN,
        "Total Unusual Items Excluding Goodwill": NaN,
        "Net Income From Continuing Operation Net Minority Interest": NaN,
        "Reconciled Depreciation": NaN,
        "Reconciled Cost Of Revenue": NaN,
        "EBITDA": NaN,
        "EBIT": NaN,
        "Net Interest Income": NaN,
        "Normalized Income": NaN,
        "Net Income From Continuing And Discontinued Operation": NaN,
        "Total Expenses": NaN,
        "Total Operating Income As Reported": NaN,
        "Diluted Average Shares": NaN,
        "Basic Average Shares": NaN,
        "Diluted EPS": NaN,
        "Basic EPS": NaN,
        "Diluted NI Availto Com Stockholders": NaN,
        "Net Income Common Stockholders": NaN,
        "Net Income": NaN,
        "Net Income Including Noncontrolling Interests": NaN,
        "Net Income Discontinuous Operations": NaN,
        "Net Income Continuous Operations": NaN,
        "Tax Provision": NaN,
        "Pretax Income": NaN,
        "Other Income Expense": NaN,
        "Special Income Charges": NaN,
        "Gain On Sale Of Ppe": NaN,
        "Other Special Charges": NaN,
        "Write Off": NaN,
        "Impairment Of Capital Assets": NaN,
        "Net Non Operating Interest Income Expense": NaN,
        "Total Other Finance Cost": 19800000.0,
        "Operating Income": NaN,
        "Operating Expense": NaN,
        "Depreciation Amortization Depletion Income Statement": NaN,
        "Depreciation And Amortization In Income Statement": NaN,
        "Selling General And Administration": NaN,
        "Selling And Marketing Expense": NaN,
        "General And Administrative Expense": NaN,
        "Other Gand A": NaN,
        "Gross Profit": NaN,
        "Cost Of Revenue": NaN,
        "Total Revenue": NaN,
        "Operating Revenue": NaN
    },
    "2022-08-31": {
        "Tax Effect Of Unusual Items": NaN,
        "Tax Rate For Calcs": NaN,
        "Normalized EBITDA": NaN,
        "Total Unusual Items": NaN,
        "Total Unusual Items Excluding Goodwill": NaN,
        "Net Income From Continuing Operation Net Minority Interest": NaN,
        "Reconciled Depreciation": NaN,
        "Reconciled Cost Of Revenue": NaN,
        "EBITDA": NaN,
        "EBIT": NaN,
        "Net Interest Income": NaN,
        "Normalized Income": NaN,
        "Net Income From Continuing And Discontinued Operation": NaN,
        "Total Expenses": NaN,
        "Total Operating Income As Reported": NaN,
        "Diluted Average Shares": NaN,
        "Basic Average Shares": NaN,
        "Diluted EPS": NaN,
        "Basic EPS": NaN,
        "Diluted NI Availto Com Stockholders": NaN,
        "Net Income Common Stockholders": NaN,
        "Net Income": NaN,
        "Net Income Including Noncontrolling Interests": NaN,
        "Net Income Discontinuous Operations": NaN,
        "Net Income Continuous Operations": NaN,
        "Tax Provision": NaN,
        "Pretax Income": NaN,
        "Other Income Expense": NaN,
        "Special Income Charges": NaN,
        "Gain On Sale Of Ppe": NaN,
        "Other Special Charges": NaN,
        "Write Off": 0.0,
        "Impairment Of Capital Assets": NaN,
        "Net Non Operating Interest Income Expense": NaN,
        "Total Other Finance Cost": NaN,
        "Operating Income": NaN,
        "Operating Expense": NaN,
        "Depreciation Amortization Depletion Income Statement": NaN,
        "Depreciation And Amortization In Income Statement": NaN,
        "Selling General And Administration": NaN,
        "Selling And Marketing Expense": NaN,
        "General And Administrative Expense": NaN,
        "Other Gand A": NaN,
        "Gross Profit": NaN,
        "Cost Of Revenue": NaN,
        "Total Revenue": NaN,
        "Operating Revenue": NaN
    },
    "2022-05-31": {
        "Tax Effect Of Unusual Items": -412151.581585,
        "Tax Rate For Calcs": 0.117758,
        "Normalized EBITDA": 438200000.0,
        "Total Unusual Items": -3500000.0,
        "Total Unusual Items Excluding Goodwill": -3500000.0,
        "Net Income From Continuing Operation Net Minority Interest": 281700000.0,
        "Reconciled Depreciation": 93000000.0,
        "Reconciled Cost Of Revenue": 2064500000.0,
        "EBIT": 341700000.0,
        "Net Interest Income": -18900000.0,
        "Normalized Income": 284787848.418415,
        "Net Income From Continuing And Discontinued Operation": 281700000.0,
        "Total Expenses": 2261200000.0,
        "Total Operating Income As Reported": 338200000.0,
        "Diluted Average Shares": 125700000.0,
        "Basic Average Shares": 124500000.0,
        "Diluted EPS": 2.24,
        "Basic EPS": 2.26,
        "Diluted NI Availto Com Stockholders": 281700000.0,
        "Net Income Common Stockholders": 281700000.0,
        "Net Income": 281700000.0,
        "Net Income Including Noncontrolling Interests": 281700000.0,
        "Net Income Discontinuous Operations": 0.0,
        "Net Income Continuous Operations": 281700000.0,
        "Tax Provision": 37600000.0,
        "Pretax Income": 319300000.0,
        "Other Income Expense": -3500000.0,
        "Special Income Charges": -3500000.0,
        "Gain On Sale Of Ppe": NaN,
        "Write Off": 3500000.0,
        "Net Non Operating Interest Income Expense": -18900000.0,
        "Total Other Finance Cost": 18900000.0,
        "Operating Income": 341700000.0,
        "Operating Expense": 196700000.0,
        "Depreciation Amortization Depletion Income Statement": 93000000.0,
        "Depreciation And Amortization In Income Statement": 93000000.0,
        "Selling General And Administration": 103700000.0,
        "Selling And Marketing Expense": 20200000.0,
        "General And Administrative Expense": 83500000.0,
        "Other Gand A": 83500000.0,
        "Gross Profit": 538400000.0,
        "Cost Of Revenue": 2064500000.0,
        "Total Revenue": 2602900000.0,
        "Operating Revenue": 2602900000.0
    },
    "2022-02-28": {
        "Diluted EPS": 1.93,
        "Total Revenue": NaN,
        "Gross Profit": 502,
        "Operating Income": 301,
        "EBIT": 395,
        "Net Income": 247
    },
    "2021-11-30": {
        "Diluted EPS": 1.48,
        "Total Revenue": NaN,
        "Gross Profit": 448,
        "Operating Income": 243,
        "EBIT": 335,
        "Net Income": 193
    },
    "2021-08-31": {
        "Diluted EPS": 1.75,
        "Total Revenue": NaN,
        "Gross Profit": 507,
        "Operating Income": 281,
        "EBIT": 370,
        "Net Income": 231
    },
    "2021-05-31": {
        "Diluted EPS": 2.78,
        "Total Revenue": NaN,
        "Gross Profit": 539,
        "Operating Income": 323,
        "EBIT": 413,
        "Net Income": 369
    },
    "2021-02-28": {
        "Diluted EPS": 0.98,
        "Total Revenue": NaN,
        "Gross Profit": 337,
        "Operating Income": 148,
        "EBIT": 236,
        "Net Income": 129
    },
    "2020-11-30": {
        "Diluted EPS": 0.73,
        "Total Revenue": NaN,
        "Gross Profit": 315,
        "Operating Income": 121,
        "EBIT": 207,
        "Net Income": 96
    },
    "2020-08-31": {
        "Diluted EPS": 0.28,
        "Total Revenue": NaN,
        "Gross Profit": 301,
        "Operating Income": 57,
        "EBIT": 144,
        "Net Income": 36
    },
    "2020-05-31": {
        "Diluted EPS": -3.89,
        "Total Revenue": NaN,
        "Gross Profit": 11,
        "Operating Income": -592,
        "EBIT": -498,
        "Net Income": -480
    },
    "2020-02-29": {
        "Diluted EPS": 1.89,
        "Total Revenue": NaN,
        "Gross Profit": 538,
        "Operating Income": 278,
        "EBIT": 366,
        "Net Income": 232
    },
    "2019-11-30": {
        "Diluted EPS": 0.2,
        "Total Revenue": NaN,
        "Gross Profit": 406,
        "Operating Income": 160,
        "EBIT": 248,
        "Net Income": 25
    },
    "2019-08-31": {
        "Diluted EPS": 1.37,
        "Total Revenue": NaN,
        "Gross Profit": 454,
        "Operating Income": 202,
        "EBIT": 288,
        "Net Income": 171
    },
    "2019-05-31": {
        "Diluted EPS": 1.66,
        "Total Revenue": NaN,
        "Gross Profit": 504,
        "Operating Income": 230,
        "EBIT": 318,
        "Net Income": 208
    },
    "2019-02-28": {
        "Diluted EPS": 1.79,
        "Total Revenue": NaN,
        "Gross Profit": 518,
        "Operating Income": 266,
        "EBIT": 351,
        "Net Income": 224
    },
    "2018-11-30": {
        "Diluted EPS": 0.92,
        "Total Revenue": NaN,
        "Gross Profit": 387,
        "Operating Income": 148,
        "EBIT": 231,
        "Net Income": 116
    },
    "2018-08-31": {
        "Diluted EPS": 1.32,
        "Total Revenue": NaN,
        "Gross Profit": 441,
        "Operating Income": 189,
        "EBIT": 270,
        "Net Income": 166
    },
    "2018-05-31": {
        "Diluted EPS": 1.4,
        "Total Revenue": NaN,
        "Gross Profit": 486,
        "Operating Income": 230,
        "EBIT": 309,
        "Net Income": 175
    },
    "2018-02-28": {
        "Diluted EPS": 1.73,
        "Total Revenue": NaN,
        "Gross Profit": 481,
        "Operating Income": 233,
        "EBIT": 313,
        "Net Income": 218
    },
    "2017-11-30": {
        "Diluted EPS": 0.67,
        "Total Revenue": NaN,
        "Gross Profit": 365,
        "Operating Income": 129,
        "EBIT": 208,
        "Net Income": 85
    },
    "2017-08-31": {
        "Diluted EPS": 0.93,
        "Total Revenue": NaN,
        "Gross Profit": 414,
        "Operating Income": 175,
        "EBIT": 251,
        "Net Income": 119
    },
    "2017-05-31": {
        "Diluted EPS": 0.97,
        "Total Revenue": NaN,
        "Gross Profit": 438,
        "Operating Income": 170,
        "EBIT": 240,
        "Net Income": 124
    },
    "2017-02-28": {
        "Diluted EPS": 1.32,
        "Total Revenue": NaN,
        "Gross Profit": 439,
        "Operating Income": 230,
        "EBIT": 298,
        "Net Income": 166
    },
    "2016-11-30": {
        "Diluted EPS": 0.64,
        "Total Revenue": NaN,
        "Gross Profit": 321,
        "Operating Income": 117,
        "EBIT": 185,
        "Net Income": 80
    },
    "2016-08-31": {
        "Diluted EPS": 0.87,
        "Total Revenue": NaN,
        "Gross Profit": 372,
        "Operating Income": 161,
        "EBIT": 228,
        "Net Income": 110
    },
    "2016-05-31": {
        "Diluted EPS": 1.08,
        "Total Revenue": NaN,
        "Gross Profit": 408,
        "Operating Income": 185,
        "EBIT": 252,
        "Net Income": 140
    },
    "2016-02-29": {
        "Diluted EPS": 0.82,
        "Total Revenue": NaN,
        "Gross Profit": 432,
        "Operating Income": 221,
        "EBIT": 289,
        "Net Income": 106
    },
    "2015-11-30": {
        "Diluted EPS": 0.33,
        "Total Revenue": NaN,
        "Gross Profit": 325,
        "Operating Income": 82,
        "EBIT": 158,
        "Net Income": 43
    },
    "2015-08-31": {
        "Diluted EPS": 0.67,
        "Total Revenue": NaN,
        "Gross Profit": 376,
        "Operating Income": 134,
        "EBIT": 217,
        "Net Income": 86
    },
    "2015-05-31": {
        "Diluted EPS": 0.87,
        "Total Revenue": NaN,
        "Gross Profit": 431,
        "Operating Income": 151,
        "EBIT": 233,
        "Net Income": 105
    },
    "2015-02-28": {
        "Diluted EPS": 1.05,
        "Total Revenue": NaN,
        "Gross Profit": 389,
        "Operating Income": 170,
        "EBIT": 252,
        "Net Income": 134
    },
    "2014-11-30": {
        "Diluted EPS": -0.26,
        "Total Revenue": NaN,
        "Gross Profit": 289,
        "Operating Income": -21,
        "EBIT": 61,
        "Net Income": -33
    },
    "2014-08-31": {
        "Diluted EPS": 3.81,
        "Total Revenue": NaN,
        "Gross Profit": 313,
        "Operating Income": 68,
        "EBIT": 149,
        "Net Income": 503
    },
    "2014-05-31": {
        "Diluted EPS": 0.65,
        "Total Revenue": NaN,
        "Gross Profit": 334,
        "Operating Income": 68,
        "EBIT": 150,
        "Net Income": 87
    },
    "2014-02-28": {
        "Diluted EPS": 0.82,
        "Total Revenue": NaN,
        "Gross Profit": 353,
        "Operating Income": 122,
        "EBIT": 202,
        "Net Income": 110
    },
    "2013-11-30": {
        "Diluted EPS": 0.15,
        "Total Revenue": NaN,
        "Gross Profit": 285,
        "Operating Income": 35,
        "EBIT": 114,
        "Net Income": 20
    },
    "2013-08-31": {
        "Diluted EPS": 0.53,
        "Total Revenue": NaN,
        "Gross Profit": 323,
        "Operating Income": 84,
        "EBIT": 161,
        "Net Income": 70
    },
    "2013-05-31": {
        "Diluted EPS": 1.01,
        "Total Revenue": NaN,
        "Gross Profit": 349,
        "Operating Income": 116,
        "EBIT": 106,
        "Net Income": 133
    },
    "2013-02-28": {
        "Diluted EPS": 1.02,
        "Total Revenue": NaN,
        "Gross Profit": 506,
        "Operating Income": 205,
        "EBIT": 310,
        "Net Income": 134
    },
    "2012-11-30": {
        "Diluted EPS": 0.26,
        "Total Revenue": NaN,
        "Gross Profit": 391,
        "Operating Income": 76,
        "EBIT": 178,
        "Net Income": 34
    },
    "2012-08-31": {
        "Diluted EPS": 0.85,
        "Total Revenue": NaN,
        "Gross Profit": 485,
        "Operating Income": 174,
        "EBIT": 269,
        "Net Income": 111
    },
    "2012-05-31": {
        "Diluted EPS": 1.15,
        "Total Revenue": NaN,
        "Gross Profit": 497,
        "Operating Income": 228,
        "EBIT": 213,
        "Net Income": 151
    },
    "2012-02-29": {
        "Diluted EPS": 1.25,
        "Total Revenue": NaN,
        "Gross Profit": 532,
        "Operating Income": 246,
        "EBIT": 337,
        "Net Income": 164
    },
    "2011-11-30": {
        "Diluted EPS": 0.4,
        "Total Revenue": NaN,
        "Gross Profit": 371,
        "Operating Income": 98,
        "EBIT": 185,
        "Net Income": 54
    },
    "2011-08-31": {
        "Diluted EPS": 0.78,
        "Total Revenue": NaN,
        "Gross Profit": 436,
        "Operating Income": 169,
        "EBIT": 253,
        "Net Income": 107
    },
    "2011-05-31": {
        "Diluted EPS": 0.98,
        "Total Revenue": NaN,
        "Gross Profit": 476,
        "Operating Income": 208,
        "EBIT": 290,
        "Net Income": 138
    },
    "2011-02-28": {
        "Diluted EPS": 1.08,
        "Total Revenue": NaN,
        "Gross Profit": 498,
        "Operating Income": 223,
        "EBIT": 304,
        "Net Income": 151
    },
    "2010-11-30": {
        "Diluted EPS": 0.53,
        "Total Revenue": NaN,
        "Gross Profit": 385,
        "Operating Income": 127,
        "EBIT": 205,
        "Net Income": 75
    },
    "2010-08-31": {
        "Diluted EPS": 0.8,
        "Total Revenue": NaN,
        "Gross Profit": 441,
        "Operating Income": 184,
        "EBIT": 261,
        "Net Income": 113
    },
    "2010-05-31": {
        "Diluted EPS": 0.8,
        "Total Revenue": NaN,
        "Gross Profit": 438,
        "Operating Income": 182,
        "EBIT": 259,
        "Net Income": 116
    },
    "2010-02-28": {
        "Diluted EPS": 0.94,
        "Total Revenue": NaN,
        "Gross Profit": 444,
        "Operating Income": 196,
        "EBIT": 275,
        "Net Income": 134
    },
    "2009-11-30": {
        "Diluted EPS": 0.43,
        "Total Revenue": NaN,
        "Gross Profit": 349,
        "Operating Income": 105,
        "EBIT": 180,
        "Net Income": 60
    },
    "2009-08-31": {
        "Diluted EPS": 0.67,
        "Total Revenue": NaN,
        "Gross Profit": 398,
        "Operating Income": 154,
        "EBIT": 228,
        "Net Income": 94
    },
    "2009-05-31": {
        "Diluted EPS": 0.86,
        "Total Revenue": NaN,
        "Gross Profit": 467,
        "Operating Income": 206,
        "EBIT": 279,
        "Net Income": 123
    },
    "2009-02-28": {
        "Diluted EPS": 0.78,
        "Total Revenue": NaN,
        "Gross Profit": 405,
        "Operating Income": 174,
        "EBIT": 246,
        "Net Income": 108
    },
    "2023-08-31": {
        "Tax Effect Of Unusual Items": NaN,
        "Tax Rate For Calcs": NaN,
        "Normalized EBITDA": NaN,
        "Total Unusual Items": NaN,
        "Total Unusual Items Excluding Goodwill": NaN,
        "Net Income From Continuing Operation Net Minority Interest": NaN,
        "Reconciled Depreciation": NaN,
        "Reconciled Cost Of Revenue": NaN,
        "EBITDA": NaN,
        "EBIT": NaN,
        "Net Interest Income": NaN,
        "Normalized Income": NaN,
        "Net Income From Continuing And Discontinued Operation": NaN,
        "Total Expenses": NaN,
        "Total Operating Income As Reported": NaN,
        "Diluted Average Shares": NaN,
        "Basic Average Shares": NaN,
        "Diluted EPS": NaN,
        "Basic EPS": NaN,
        "Diluted NI Availto Com Stockholders": NaN,
        "Net Income Common Stockholders": NaN,
        "Net Income": NaN,
        "Net Income Including Noncontrolling Interests": NaN,
        "Net Income Discontinuous Operations": NaN,
        "Net Income Continuous Operations": NaN,
        "Tax Provision": NaN,
        "Pretax Income": NaN,
        "Other Income Expense": NaN,
        "Special Income Charges": NaN,
        "Gain On Sale Of Ppe": NaN,
        "Other Special Charges": -2100000.0,
        "Write Off": NaN,
        "Impairment Of Capital Assets": NaN,
        "Net Non Operating Interest Income Expense": NaN,
        "Total Other Finance Cost": NaN,
        "Operating Income": NaN,
        "Operating Expense": NaN,
        "Depreciation Amortization Depletion Income Statement": NaN,
        "Depreciation And Amortization In Income Statement": NaN,
        "Selling General And Administration": NaN,
        "Selling And Marketing Expense": NaN,
        "General And Administrative Expense": NaN,
        "Other Gand A": NaN,
        "Gross Profit": NaN,
        "Cost Of Revenue": NaN,
        "Total Revenue": NaN,
        "Operating Revenue": NaN
    },
    "2023-11-30": {
        "Tax Effect Of Unusual Items": NaN,
        "Tax Rate For Calcs": NaN,
        "Normalized EBITDA": NaN,
        "Total Unusual Items": NaN,
        "Total Unusual Items Excluding Goodwill": NaN,
        "Net Income From Continuing Operation Net Minority Interest": NaN,
        "Reconciled Depreciation": NaN,
        "Reconciled Cost Of Revenue": NaN,
        "EBITDA": NaN,
        "EBIT": NaN,
        "Net Interest Income": NaN,
        "Normalized Income": NaN,
        "Net Income From Continuing And Discontinued Operation": NaN,
        "Total Expenses": NaN,
        "Total Operating Income As Reported": NaN,
        "Diluted Average Shares": NaN,
        "Basic Average Shares": NaN,
        "Diluted EPS": NaN,
        "Basic EPS": NaN,
        "Diluted NI Availto Com Stockholders": NaN,
        "Net Income Common Stockholders": NaN,
        "Net Income": NaN,
        "Net Income Including Noncontrolling Interests": NaN,
        "Net Income Discontinuous Operations": NaN,
        "Net Income Continuous Operations": NaN,
        "Tax Provision": NaN,
        "Pretax Income": NaN,
        "Other Income Expense": NaN,
        "Special Income Charges": NaN,
        "Gain On Sale Of Ppe": NaN,
        "Other Special Charges": 2600000.0,
        "Write Off": NaN,
        "Impairment Of Capital Assets": NaN,
        "Net Non Operating Interest Income Expense": NaN,
        "Total Other Finance Cost": 37100000.0,
        "Operating Income": NaN,
        "Operating Expense": NaN,
        "Depreciation Amortization Depletion Income Statement": NaN,
        "Depreciation And Amortization In Income Statement": NaN,
        "Selling General And Administration": NaN,
        "Selling And Marketing Expense": NaN,
        "General And Administrative Expense": NaN,
        "Other Gand A": NaN,
        "Gross Profit": NaN,
        "Cost Of Revenue": NaN,
        "Total Revenue": NaN,
        "Operating Revenue": NaN
    },
    "2024-02-29": {
        "Tax Effect Of Unusual Items": NaN,
        "Tax Rate For Calcs": NaN,
        "Normalized EBITDA": NaN,
        "Total Unusual Items": NaN,
        "Total Unusual Items Excluding Goodwill": NaN,
        "Net Income From Continuing Operation Net Minority Interest": NaN,
        "Reconciled Depreciation": NaN,
        "Reconciled Cost Of Revenue": NaN,
        "EBITDA": NaN,
        "EBIT": NaN,
        "Net Interest Income": NaN,
        "Normalized Income": NaN,
        "Net Income From Continuing And Discontinued Operation": NaN,
        "Total Expenses": NaN,
        "Total Operating Income As Reported": NaN,
        "Diluted Average Shares": NaN,
        "Basic Average Shares": NaN,
        "Diluted EPS": NaN,
        "Basic EPS": NaN,
        "Diluted NI Availto Com Stockholders": NaN,
        "Net Income Common Stockholders": NaN,
        "Net Income": NaN,
        "Net Income Including Noncontrolling Interests": NaN,
        "Net Income Discontinuous Operations": NaN,
        "Net Income Continuous Operations": NaN,
        "Tax Provision": NaN,
        "Pretax Income": NaN,
        "Other Income Expense": NaN,
        "Special Income Charges": NaN,
        "Gain On Sale Of Ppe": NaN,
        "Other Special Charges": NaN,
        "Write Off": NaN,
        "Impairment Of Capital Assets": NaN,
        "Net Non Operating Interest Income Expense": NaN,
        "Total Other Finance Cost": 36500000.0,
        "Operating Income": NaN,
        "Operating Expense": NaN,
        "Depreciation Amortization Depletion Income Statement": NaN,
        "Depreciation And Amortization In Income Statement": NaN,
        "Selling General And Administration": NaN,
        "Selling And Marketing Expense": NaN,
        "General And Administrative Expense": NaN,
        "Other Gand A": NaN,
        "Gross Profit": NaN,
        "Cost Of Revenue": NaN,
        "Total Revenue": NaN,
        "Operating Revenue": NaN
    },
    "2024-05-31": {
        "Tax Effect Of Unusual Items": NaN,
        "Tax Rate For Calcs": NaN,
        "Normalized EBITDA": NaN,
        "Total Unusual Items": NaN,
        "Total Unusual Items Excluding Goodwill": NaN,
        "Net Income From Continuing Operation Net Minority Interest": NaN,
        "Reconciled Depreciation": NaN,
        "Reconciled Cost Of Revenue": NaN,
        "EBITDA": NaN,
        "EBIT": NaN,
        "Net Interest Income": NaN,
        "Normalized Income": NaN,
        "Net Income From Continuing And Discontinued Operation": NaN,
        "Total Expenses": NaN,
        "Total Operating Income As Reported": NaN,
        "Diluted Average Shares": NaN,
        "Basic Average Shares": NaN,
        "Diluted EPS": NaN,
        "Basic EPS": NaN,
        "Diluted NI Availto Com Stockholders": NaN,
        "Net Income Common Stockholders": NaN,
        "Net Income": NaN,
        "Net Income Including Noncontrolling Interests": NaN,
        "Net Income Discontinuous Operations": NaN,
        "Net Income Continuous Operations": NaN,
        "Tax Provision": NaN,
        "Pretax Income": NaN,
        "Other Income Expense": -1400000.0,
        "Special Income Charges": NaN,
        "Gain On Sale Of Ppe": NaN,
        "Other Special Charges": NaN,
        "Write Off": NaN,
        "Impairment Of Capital Assets": NaN,
        "Net Non Operating Interest Income Expense": NaN,
        "Total Other Finance Cost": NaN,
        "Operating Income": NaN,
        "Operating Expense": NaN,
        "Depreciation Amortization Depletion Income Statement": NaN,
        "Depreciation And Amortization In Income Statement": NaN,
        "Selling General And Administration": NaN,
        "Selling And Marketing Expense": NaN,
        "General And Administrative Expense": NaN,
        "Other Gand A": NaN,
        "Gross Profit": NaN,
        "Cost Of Revenue": NaN,
        "Total Revenue": NaN,
        "Operating Revenue": NaN
    },
    "2024-08-31": {
        "Tax Effect Of Unusual Items": NaN,
        "Tax Rate For Calcs": NaN,
        "Normalized EBITDA": NaN,
        "Total Unusual Items": NaN,
        "Total Unusual Items Excluding Goodwill": NaN,
        "Net Income From Continuing Operation Net Minority Interest": NaN,
        "Reconciled Depreciation": NaN,
        "Reconciled Cost Of Revenue": NaN,
        "EBITDA": NaN,
        "EBIT": NaN,
        "Net Interest Income": NaN,
        "Normalized Income": NaN,
        "Net Income From Continuing And Discontinued Operation": NaN,
        "Total Expenses": NaN,
        "Total Operating Income As Reported": NaN,
        "Diluted Average Shares": NaN,
        "Basic Average Shares": NaN,
        "Diluted EPS": NaN,
        "Basic EPS": NaN,
        "Diluted NI Availto Com Stockholders": NaN,
        "Net Income Common Stockholders": NaN,
        "Net Income": NaN,
        "Net Income Including Noncontrolling Interests": NaN,
        "Net Income Discontinuous Operations": NaN,
        "Net Income Continuous Operations": NaN,
        "Tax Provision": NaN,
        "Pretax Income": NaN,
        "Other Income Expense": NaN,
        "Special Income Charges": NaN,
        "Gain On Sale Of Ppe": NaN,
        "Other Special Charges": 4500000.0,
        "Write Off": NaN,
        "Impairment Of Capital Assets": NaN,
        "Net Non Operating Interest Income Expense": NaN,
        "Total Other Finance Cost": 37100000.0,
        "Operating Income": NaN,
        "Operating Expense": NaN,
        "Depreciation Amortization Depletion Income Statement": NaN,
        "Depreciation And Amortization In Income Statement": NaN,
        "Selling General And Administration": NaN,
        "Selling And Marketing Expense": NaN,
        "General And Administrative Expense": NaN,
        "Other Gand A": NaN,
        "Gross Profit": NaN,
        "Cost Of Revenue": NaN,
        "Total Revenue": NaN,
        "Operating Revenue": NaN
    },
    "2024-11-30": {
        "Tax Effect Of Unusual Items": -676500.0,
        "Tax Rate For Calcs": 0.123,
        "Normalized EBITDA": 430800000.0,
        "Total Unusual Items": -5500000.0,
        "Total Unusual Items Excluding Goodwill": -5500000.0,
        "Net Income From Continuing Operation Net Minority Interest": 215700000.0,
        "Reconciled Depreciation": 127700000.0,
        "Reconciled Cost Of Revenue": 2271800000.0,
        "EBITDA": 425300000.0,
        "EBIT": 297600000.0,
        "Net Interest Income": -46200000.0,
        "Normalized Income": 220523500.0,
        "Net Income From Continuing And Discontinued Operation": 215100000.0,
        "Total Expenses": 2592400000.0,
        "Total Operating Income As Reported": 292100000.0,
        "Diluted Average Shares": 118300000.0,
        "Basic Average Shares": 117500000.0,
        "Diluted EPS": 1.82,
        "Basic EPS": 1.83,
        "Diluted NI Availto Com Stockholders": 215100000.0,
        "Net Income Common Stockholders": 215100000.0,
        "Net Income": 215100000.0,
        "Net Income Including Noncontrolling Interests": 215100000.0,
        "Net Income Discontinuous Operations": -600000.0,
        "Net Income Continuous Operations": 215700000.0,
        "Tax Provision": 30200000.0,
        "Pretax Income": 245900000.0,
        "Other Income Expense": -5500000.0,
        "Special Income Charges": -5500000.0,
        "Gain On Sale Of Ppe": 0.0,
        "Other Special Charges": 5500000.0,
        "Write Off": 0.0,
        "Impairment Of Capital Assets": 0.0,
        "Net Non Operating Interest Income Expense": -46200000.0,
        "Total Other Finance Cost": 46200000.0,
        "Operating Income": 297600000.0,
        "Operating Expense": 320600000.0,
        "Depreciation Amortization Depletion Income Statement": 127700000.0,
        "Depreciation And Amortization In Income Statement": 127700000.0,
        "Selling General And Administration": 192900000.0,
        "Selling And Marketing Expense": 48800000.0,
        "General And Administrative Expense": 144100000.0,
        "Other Gand A": 144100000.0,
        "Gross Profit": 618200000.0,
        "Cost Of Revenue": 2271800000.0,
        "Total Revenue": 2890000000.0,
        "Operating Revenue": 2890000000.0
    },
    "2025-02-28": {
        "Tax Effect Of Unusual Items": -13100.0,
        "Tax Rate For Calcs": 0.131,
        "Normalized EBITDA": 550300000.0,
        "Total Unusual Items": -100000.0,
        "Total Unusual Items Excluding Goodwill": -100000.0,
        "Net Income From Continuing Operation Net Minority Interest": 323700000.0,
        "Reconciled Depreciation": 131900000.0,
        "Reconciled Cost Of Revenue": 2455700000.0,
        "EBITDA": 550200000.0,
        "EBIT": 418300000.0,
        "Net Interest Income": -45500000.0,
        "Normalized Income": 323786900.0,
        "Net Income From Continuing And Discontinued Operation": 323400000.0,
        "Total Expenses": 2739700000.0,
        "Total Operating Income As Reported": 418200000.0,
        "Diluted Average Shares": 118000000.0,
        "Basic Average Shares": 117200000.0,
        "Diluted EPS": 2.74,
        "Basic EPS": 2.76,
        "Diluted NI Availto Com Stockholders": 323400000.0,
        "Net Income Common Stockholders": 323400000.0,
        "Net Income": 323400000.0,
        "Net Income Including Noncontrolling Interests": 323400000.0,
        "Net Income Discontinuous Operations": -300000.0,
        "Net Income Continuous Operations": 323700000.0,
        "Tax Provision": 49000000.0,
        "Pretax Income": 372700000.0,
        "Other Income Expense": -100000.0,
        "Special Income Charges": -100000.0,
        "Gain On Sale Of Ppe": 0.0,
        "Other Special Charges": NaN,
        "Write Off": 100000.0,
        "Impairment Of Capital Assets": 0.0,
        "Net Non Operating Interest Income Expense": -45500000.0,
        "Total Other Finance Cost": 45500000.0,
        "Operating Income": 418300000.0,
        "Operating Expense": 284000000.0,
        "Depreciation Amortization Depletion Income Statement": 131900000.0,
        "Depreciation And Amortization In Income Statement": 131900000.0,
        "Selling General And Administration": 152100000.0,
        "Selling And Marketing Expense": 35400000.0,
        "General And Administrative Expense": 116700000.0,
        "Other Gand A": 116700000.0,
        "Gross Profit": 702300000.0,
        "Cost Of Revenue": 2455700000.0,
        "Total Revenue": 3158000000.0,
        "Operating Revenue": 3158000000.0
    },
    "2025-05-31": {
        "Tax Effect Of Unusual Items": -7040861.812779,
        "Tax Rate For Calcs": 0.096582,
        "Normalized EBITDA": 593000000.0,
        "Total Unusual Items": -72900000.0,
        "Total Unusual Items Excluding Goodwill": -72900000.0,
        "Net Income From Continuing Operation Net Minority Interest": 304000000.0,
        "Reconciled Depreciation": 135000000.0,
        "Reconciled Cost Of Revenue": 2506900000.0,
        "EBITDA": 520100000.0,
        "EBIT": 385100000.0,
        "Net Interest Income": -46300000.0,
        "Normalized Income": 369859138.187221,
        "Net Income From Continuing And Discontinued Operation": 303800000.0,
        "Total Expenses": 2816000000.0,
        "Total Operating Income As Reported": 382800000.0,
        "Diluted Average Shares": 117900000.0,
        "Basic Average Shares": 117100000.0,
        "Diluted EPS": 2.58,
        "Basic EPS": 2.59,
        "Diluted NI Availto Com Stockholders": 303800000.0,
        "Net Income Common Stockholders": 303800000.0,
        "Net Income": 303800000.0,
        "Net Income Including Noncontrolling Interests": 303800000.0,
        "Net Income Discontinuous Operations": -200000.0,
        "Net Income Continuous Operations": 304000000.0,
        "Tax Provision": 32500000.0,
        "Pretax Income": 336500000.0,
        "Other Income Expense": -72900000.0,
        "Special Income Charges": -72900000.0,
        "Gain On Sale Of Ppe": -48000000.0,
        "Other Special Charges": NaN,
        "Write Off": 0.0,
        "Impairment Of Capital Assets": 100000.0,
        "Net Non Operating Interest Income Expense": -46300000.0,
        "Total Other Finance Cost": NaN,
        "Operating Income": 455700000.0,
        "Operating Expense": 309100000.0,
        "Depreciation Amortization Depletion Income Statement": 135000000.0,
        "Depreciation And Amortization In Income Statement": 135000000.0,
        "Selling General And Administration": 174100000.0,
        "Selling And Marketing Expense": 41000000.0,
        "General And Administrative Expense": 133100000.0,
        "Other Gand A": 133100000.0,
        "Gross Profit": 764800000.0,
        "Cost Of Revenue": 2506900000.0,
        "Total Revenue": 3271700000.0,
        "Operating Revenue": 3271700000.0
    },
    "2025-08-31": {
        "Tax Effect Of Unusual Items": 4404200.0,
        "Tax Rate For Calcs": 0.122,
        "Normalized EBITDA": 402100000.0,
        "Total Unusual Items": 36100000.0,
        "Total Unusual Items Excluding Goodwill": 36100000.0,
        "Net Income From Continuing Operation Net Minority Interest": 257900000.0,
        "Reconciled Depreciation": 135100000.0,
        "Reconciled Cost Of Revenue": 2421300000.0,
        "EBITDA": 438200000.0,
        "EBIT": 303100000.0,
        "Net Interest Income": -45400000.0,
        "Normalized Income": 226204200.0,
        "Net Income From Continuing And Discontinued Operation": 257800000.0,
        "Total Expenses": 2741600000.0,
        "Total Operating Income As Reported": 339200000.0,
        "Diluted Average Shares": 117600000.0,
        "Basic Average Shares": 116700000.0,
        "Diluted EPS": 2.19,
        "Basic EPS": 2.21,
        "Diluted NI Availto Com Stockholders": 257800000.0,
        "Net Income Common Stockholders": 257800000.0,
        "Net Income": 257800000.0,
        "Net Income Including Noncontrolling Interests": 257800000.0,
        "Net Income Discontinuous Operations": -100000.0,
        "Net Income Continuous Operations": 257900000.0,
        "Tax Provision": 35900000.0,
        "Pretax Income": 293800000.0,
        "Other Income Expense": 36100000.0,
        "Special Income Charges": 36100000.0,
        "Gain On Sale Of Ppe": 42000000.0,
        "Other Special Charges": 5900000.0,
        "Write Off": 0.0,
        "Impairment Of Capital Assets": 0.0,
        "Net Non Operating Interest Income Expense": -45400000.0,
        "Total Other Finance Cost": 45400000.0,
        "Operating Income": 303100000.0,
        "Operating Expense": 320300000.0,
        "Depreciation Amortization Depletion Income Statement": 135100000.0,
        "Depreciation And Amortization In Income Statement": 135100000.0,
        "Selling General And Administration": 185200000.0,
        "Selling And Marketing Expense": 49100000.0,
        "General And Administrative Expense": 136100000.0,
        "Other Gand A": 136100000.0,
        "Gross Profit": 623400000.0,
        "Cost Of Revenue": 2421300000.0,
        "Total Revenue": 3044700000.0,
        "Operating Revenue": 3044700000.0
    },
    "2025-11-30": {
        "Tax Effect Of Unusual Items": -665600.0,
        "Tax Rate For Calcs": 0.128,
        "Normalized EBITDA": 468700000.0,
        "Total Unusual Items": -5200000.0,
        "Total Unusual Items Excluding Goodwill": -5200000.0,
        "Net Income From Continuing Operation Net Minority Interest": 237400000.0,
        "Reconciled Depreciation": 137900000.0,
        "Reconciled Cost Of Revenue": 2472100000.0,
        "EBITDA": 463500000.0,
        "EBIT": 325600000.0,
        "Net Interest Income": -48000000.0,
        "Normalized Income": 241934400.0,
        "Net Income From Continuing And Discontinued Operation": 237200000.0,
        "Total Expenses": 2776500000.0,
        "Total Operating Income As Reported": 320400000.0,
        "Diluted Average Shares": 116700000.0,
        "Basic Average Shares": 115900000.0,
        "Diluted EPS": 2.03,
        "Basic EPS": 2.05,
        "Diluted NI Availto Com Stockholders": 237200000.0,
        "Net Income Common Stockholders": 237200000.0,
        "Net Income": 237200000.0,
        "Net Income Including Noncontrolling Interests": 237200000.0,
        "Net Income Discontinuous Operations": -200000.0,
        "Net Income Continuous Operations": 237400000.0,
        "Tax Provision": 35000000.0,
        "Pretax Income": 272400000.0,
        "Other Income Expense": -5200000.0,
        "Special Income Charges": -5200000.0,
        "Gain On Sale Of Ppe": 3000000.0,
        "Other Special Charges": 8100000.0,
        "Write Off": 100000.0,
        "Impairment Of Capital Assets": 0.0,
        "Net Non Operating Interest Income Expense": -48000000.0,
        "Total Other Finance Cost": 48000000.0,
        "Operating Income": 325600000.0,
        "Operating Expense": 304400000.0,
        "Depreciation Amortization Depletion Income Statement": 137900000.0,
        "Depreciation And Amortization In Income Statement": 137900000.0,
        "Selling General And Administration": 166500000.0,
        "Selling And Marketing Expense": 48700000.0,
        "General And Administrative Expense": 117800000.0,
        "Other Gand A": 117800000.0,
        "Gross Profit": 630000000.0,
        "Cost Of Revenue": 2472100000.0,
        "Total Revenue": 3102100000.0,
        "Operating Revenue": 3102100000.0
    }
}