{
    "2023-03-31": {
        "Tax Effect Of Unusual Items": NaN,
        "Tax Rate For Calcs": NaN,
        "Normalized EBITDA": NaN,
        "Total Unusual Items": 158000.0,
        "Total Unusual Items Excluding Goodwill": 158000.0,
        "Net Income From Continuing Operation Net Minority Interest": NaN,
        "Reconciled Depreciation": NaN,
        "Reconciled Cost Of Revenue": NaN,
        "EBITDA": NaN,
        "EBIT": NaN,
        "Net Interest Income": NaN,
        "Interest Expense": 1072000.0,
        "Interest Income": 335000.0,
        "Normalized Income": NaN,
        "Net Income From Continuing And Discontinued Operation": NaN,
        "Total Expenses": NaN,
        "Total Operating Income As Reported": NaN,
        "Diluted Average Shares": NaN,
        "Basic Average Shares": NaN,
        "Diluted EPS": NaN,
        "Basic EPS": NaN,
        "Diluted NI Availto Com Stockholders": NaN,
        "Net Income Common Stockholders": NaN,
        "Preferred Stock Dividends": NaN,
        "Net Income": NaN,
        "Net Income Including Noncontrolling Interests": NaN,
        "Net Income Continuous Operations": NaN,
        "Tax Provision": NaN,
        "Pretax Income": NaN,
        "Other Income Expense": 158000.0,
        "Special Income Charges": -861000.0,
        "Other Special Charges": 861000.0,
        "Gain On Sale Of Security": 158000.0,
        "Net Non Operating Interest Income Expense": NaN,
        "Total Other Finance Cost": NaN,
        "Interest Expense Non Operating": 1072000.0,
        "Interest Income Non Operating": 335000.0,
        "Operating Income": NaN,
        "Operating Expense": NaN,
        "Research And Development": NaN,
        "Selling General And Administration": NaN,
        "Selling And Marketing Expense": NaN,
        "General And Administrative Expense": NaN,
        "Other Gand A": NaN,
        "Gross Profit": NaN,
        "Cost Of Revenue": NaN,
        "Total Revenue": NaN,
        "Operating Revenue": NaN
    },
    "2022-12-31": {
        "Tax Effect Of Unusual Items": NaN,
        "Tax Rate For Calcs": NaN,
        "Normalized EBITDA": NaN,
        "Total Unusual Items": -2951000.0,
        "Total Unusual Items Excluding Goodwill": -2951000.0,
        "Net Income From Continuing Operation Net Minority Interest": NaN,
        "Reconciled Depreciation": NaN,
        "Reconciled Cost Of Revenue": NaN,
        "EBITDA": NaN,
        "EBIT": NaN,
        "Net Interest Income": NaN,
        "Interest Expense": 907000.0,
        "Interest Income": 278000.0,
        "Normalized Income": NaN,
        "Net Income From Continuing And Discontinued Operation": NaN,
        "Total Expenses": NaN,
        "Total Operating Income As Reported": NaN,
        "Diluted Average Shares": NaN,
        "Basic Average Shares": NaN,
        "Diluted EPS": NaN,
        "Basic EPS": NaN,
        "Diluted NI Availto Com Stockholders": NaN,
        "Net Income Common Stockholders": NaN,
        "Preferred Stock Dividends": NaN,
        "Net Income": NaN,
        "Net Income Including Noncontrolling Interests": NaN,
        "Net Income Continuous Operations": NaN,
        "Tax Provision": NaN,
        "Pretax Income": NaN,
        "Other Income Expense": -2951000.0,
        "Special Income Charges": NaN,
        "Other Special Charges": NaN,
        "Gain On Sale Of Security": -2951000.0,
        "Net Non Operating Interest Income Expense": NaN,
        "Total Other Finance Cost": NaN,
        "Interest Expense Non Operating": 907000.0,
        "Interest Income Non Operating": 278000.0,
        "Operating Income": NaN,
        "Operating Expense": NaN,
        "Research And Development": NaN,
        "Selling General And Administration": NaN,
        "Selling And Marketing Expense": NaN,
        "General And Administrative Expense": NaN,
        "Other Gand A": NaN,
        "Gross Profit": NaN,
        "Cost Of Revenue": NaN,
        "Total Revenue": NaN,
        "Operating Revenue": NaN
    },
    "2022-09-30": {
        "Tax Effect Of Unusual Items": NaN,
        "Tax Rate For Calcs": NaN,
        "Normalized EBITDA": NaN,
        "Total Unusual Items": NaN,
        "Total Unusual Items Excluding Goodwill": NaN,
        "Net Income From Continuing Operation Net Minority Interest": NaN,
        "Reconciled Depreciation": NaN,
        "Reconciled Cost Of Revenue": NaN,
        "EBITDA": NaN,
        "EBIT": NaN,
        "Net Interest Income": NaN,
        "Interest Expense": NaN,
        "Interest Income": NaN,
        "Normalized Income": NaN,
        "Net Income From Continuing And Discontinued Operation": NaN,
        "Total Expenses": NaN,
        "Total Operating Income As Reported": NaN,
        "Diluted Average Shares": 22973197.0,
        "Basic Average Shares": 22973197.0,
        "Diluted EPS": -0.64,
        "Basic EPS": -0.64,
        "Diluted NI Availto Com Stockholders": NaN,
        "Net Income Common Stockholders": NaN,
        "Preferred Stock Dividends": 494000.0,
        "Net Income": NaN,
        "Net Income Including Noncontrolling Interests": NaN,
        "Net Income Continuous Operations": NaN,
        "Tax Provision": NaN,
        "Pretax Income": NaN,
        "Other Income Expense": NaN,
        "Special Income Charges": NaN,
        "Other Special Charges": NaN,
        "Gain On Sale Of Security": NaN,
        "Net Non Operating Interest Income Expense": NaN,
        "Total Other Finance Cost": NaN,
        "Interest Expense Non Operating": NaN,
        "Interest Income Non Operating": NaN,
        "Operating Income": NaN,
        "Operating Expense": NaN,
        "Research And Development": NaN,
        "Selling General And Administration": NaN,
        "Selling And Marketing Expense": NaN,
        "General And Administrative Expense": NaN,
        "Other Gand A": NaN,
        "Gross Profit": NaN,
        "Cost Of Revenue": NaN,
        "Total Revenue": NaN,
        "Operating Revenue": NaN
    },
    "2022-06-30": {
        "Tax Effect Of Unusual Items": 0.0,
        "Tax Rate For Calcs": 0.4,
        "Normalized EBITDA": -16147000.0,
        "Total Unusual Items": NaN,
        "Total Unusual Items Excluding Goodwill": NaN,
        "Net Income From Continuing Operation Net Minority Interest": -18028000.0,
        "Reconciled Depreciation": 1208000.0,
        "Reconciled Cost Of Revenue": 5045000.0,
        "EBITDA": -16147000.0,
        "EBIT": -17355000.0,
        "Net Interest Income": -672000.0,
        "Interest Expense": NaN,
        "Interest Income": NaN,
        "Normalized Income": -18028000.0,
        "Net Income From Continuing And Discontinued Operation": -18028000.0,
        "Total Expenses": 23538000.0,
        "Total Operating Income As Reported": -17355000.0,
        "Diluted Average Shares": 22426019.0,
        "Basic Average Shares": 22426019.0,
        "Diluted EPS": -0.74,
        "Basic EPS": -0.74,
        "Diluted NI Availto Com Stockholders": -18461000.0,
        "Net Income Common Stockholders": -18461000.0,
        "Preferred Stock Dividends": 433000.0,
        "Net Income": -18028000.0,
        "Net Income Including Noncontrolling Interests": -18028000.0,
        "Net Income Continuous Operations": -18028000.0,
        "Tax Provision": 1000.0,
        "Pretax Income": -18027000.0,
        "Other Income Expense": NaN,
        "Gain On Sale Of Security": NaN,
        "Net Non Operating Interest Income Expense": -672000.0,
        "Total Other Finance Cost": 672000.0,
        "Interest Expense Non Operating": NaN,
        "Interest Income Non Operating": NaN,
        "Operating Income": -17355000.0,
        "Operating Expense": 18493000.0,
        "Research And Development": 4137000.0,
        "Selling General And Administration": 14356000.0,
        "Selling And Marketing Expense": 9297000.0,
        "General And Administrative Expense": 5059000.0,
        "Other Gand A": 5059000.0,
        "Gross Profit": 1138000.0,
        "Cost Of Revenue": 5045000.0,
        "Total Revenue": 6183000.0,
        "Operating Revenue": 6183000.0
    },
    "2022-03-31": {
        "Diluted EPS": -0.74,
        "Total Revenue": 8,
        "Gross Profit": 4,
        "Operating Income": -16,
        "EBIT": -15,
        "Net Income": -16
    },
    "2021-12-31": {
        "Diluted EPS": -0.98,
        "Total Revenue": 6,
        "Gross Profit": 1,
        "Operating Income": -22,
        "EBIT": -21,
        "Net Income": -22
    },
    "2021-09-30": {
        "Diluted EPS": -1.18,
        "Total Revenue": 6,
        "Gross Profit": 1,
        "Operating Income": -22,
        "EBIT": -21,
        "Net Income": -23
    },
    "2021-06-30": {
        "Diluted EPS": -0.99,
        "Total Revenue": 5,
        "Gross Profit": 2,
        "Operating Income": -18,
        "EBIT": -17,
        "Net Income": -18
    },
    "2021-03-31": {
        "Diluted EPS": -0.92,
        "Total Revenue": 4,
        "Gross Profit": 1,
        "Operating Income": -14,
        "EBIT": -14,
        "Net Income": -16
    },
    "2020-12-31": {
        "Diluted EPS": -1.05,
        "Total Revenue": 2,
        "Gross Profit": 1,
        "Operating Income": -9,
        "EBIT": -9,
        "Net Income": -10
    },
    "2020-09-30": {
        "Diluted EPS": -0.71,
        "Total Revenue": 2,
        "Gross Profit": 1,
        "Operating Income": -7,
        "EBIT": -6,
        "Net Income": -7
    },
    "2020-06-30": {
        "Diluted EPS": -0.68,
        "Total Revenue": 2,
        "Gross Profit": 1,
        "Operating Income": -4,
        "EBIT": -4,
        "Net Income": -5
    },
    "2020-03-31": {
        "Diluted EPS": -1.57,
        "Total Revenue": 2,
        "Gross Profit": 1,
        "Operating Income": -10,
        "EBIT": -10,
        "Net Income": -11
    },
    "2019-12-31": {
        "Diluted EPS": -1.47,
        "Total Revenue": 2,
        "Gross Profit": 1,
        "Operating Income": -4,
        "EBIT": -4,
        "Net Income": -7
    },
    "2019-09-30": {
        "Diluted EPS": -1.11,
        "Total Revenue": 2,
        "Gross Profit": 1,
        "Operating Income": -3,
        "EBIT": -3,
        "Net Income": -3
    },
    "2019-06-30": {
        "Diluted EPS": -2.5,
        "Total Revenue": 2,
        "Gross Profit": 0,
        "Operating Income": -5,
        "EBIT": -5,
        "Net Income": -5
    },
    "2019-03-31": {
        "Diluted EPS": -2.92,
        "Total Revenue": 2,
        "Gross Profit": 1,
        "Operating Income": -5,
        "EBIT": -5,
        "Net Income": -5
    },
    "2018-12-31": {
        "Diluted EPS": -1.83,
        "Total Revenue": 2,
        "Gross Profit": 0,
        "Operating Income": -5,
        "EBIT": -5,
        "Net Income": -5
    },
    "2018-09-30": {
        "Diluted EPS": -3.4,
        "Total Revenue": 2,
        "Gross Profit": 0,
        "Operating Income": -4,
        "EBIT": -4,
        "Net Income": -4
    },
    "2018-06-30": {
        "Diluted EPS": -6.4,
        "Total Revenue": 2,
        "Gross Profit": 1,
        "Operating Income": -6,
        "EBIT": -6,
        "Net Income": -6
    },
    "2018-03-31": {
        "Diluted EPS": -4.0,
        "Total Revenue": 2,
        "Gross Profit": 1,
        "Operating Income": -3,
        "EBIT": -3,
        "Net Income": -3
    },
    "2017-12-31": {
        "Diluted EPS": -3.2,
        "Total Revenue": 2,
        "Gross Profit": 1,
        "Operating Income": -3,
        "EBIT": -3,
        "Net Income": -4
    },
    "2017-09-30": {
        "Diluted EPS": -6.0,
        "Total Revenue": 1,
        "Gross Profit": 0,
        "Operating Income": -3,
        "EBIT": -3,
        "Net Income": -3
    },
    "2017-06-30": {
        "Diluted EPS": -8.6,
        "Total Revenue": 1,
        "Gross Profit": 0,
        "Operating Income": -4,
        "EBIT": -4,
        "Net Income": -4
    },
    "2017-03-31": {
        "Diluted EPS": -15.0,
        "Total Revenue": 1,
        "Gross Profit": 0,
        "Operating Income": -4,
        "EBIT": -4,
        "Net Income": -5
    },
    "2016-12-31": {
        "Diluted EPS": -8.8,
        "Total Revenue": 1,
        "Gross Profit": -1,
        "Operating Income": -4,
        "EBIT": -4,
        "Net Income": -4
    },
    "2016-09-30": {
        "Diluted EPS": -3.0,
        "Total Revenue": 1,
        "Gross Profit": 0,
        "Operating Income": -3,
        "EBIT": -3,
        "Net Income": -1
    },
    "2016-06-30": {
        "Diluted EPS": -14.6,
        "Total Revenue": 1,
        "Gross Profit": 0,
        "Operating Income": -3,
        "EBIT": -3,
        "Net Income": -4
    },
    "2016-03-31": {
        "Diluted EPS": -15.4,
        "Total Revenue": 1,
        "Gross Profit": 0,
        "Operating Income": -2,
        "EBIT": -2,
        "Net Income": -3
    },
    "2015-12-31": {
        "Diluted EPS": -5.8,
        "Total Revenue": 0,
        "Gross Profit": 0,
        "Operating Income": -2,
        "EBIT": -2,
        "Net Income": -2
    },
    "2015-09-30": {
        "Diluted EPS": -18.0,
        "Total Revenue": 0,
        "Gross Profit": 0,
        "Operating Income": -3,
        "EBIT": -2,
        "Net Income": -2
    },
    "2015-06-30": {
        "Diluted EPS": -25.2,
        "Total Revenue": 0,
        "Gross Profit": 0,
        "Operating Income": -2,
        "EBIT": -1,
        "Net Income": -2
    },
    "2015-03-31": {
        "Diluted EPS": -27.8,
        "Total Revenue": 0,
        "Gross Profit": 0,
        "Operating Income": -2,
        "EBIT": -2,
        "Net Income": -2
    },
    "2014-12-31": {
        "Diluted EPS": -125.9,
        "Total Revenue": NaN,
        "Gross Profit": -1,
        "Operating Income": -3,
        "EBIT": -3,
        "Net Income": -3
    },
    "2014-09-30": {
        "Diluted EPS": -237.41,
        "Total Revenue": NaN,
        "Gross Profit": -1,
        "Operating Income": -3,
        "EBIT": -2,
        "Net Income": -6
    },
    "2014-06-30": {
        "Diluted EPS": -50.36,
        "Total Revenue": NaN,
        "Gross Profit": -1,
        "Operating Income": -4,
        "EBIT": -3,
        "Net Income": -3
    },
    "2014-03-31": {
        "Diluted EPS": -251.8,
        "Total Revenue": NaN,
        "Gross Profit": 0,
        "Operating Income": -3,
        "EBIT": -2,
        "Net Income": -3
    },
    "2013-12-31": {
        "Diluted EPS": 89.93,
        "Total Revenue": NaN,
        "Gross Profit": NaN,
        "Operating Income": -4,
        "EBIT": -3,
        "Net Income": 0
    },
    "2013-09-30": {
        "Diluted EPS": -305.76,
        "Total Revenue": NaN,
        "Gross Profit": NaN,
        "Operating Income": -3,
        "EBIT": -3,
        "Net Income": -3
    },
    "2013-06-30": {
        "Diluted EPS": -521.58,
        "Total Revenue": NaN,
        "Gross Profit": NaN,
        "Operating Income": -4,
        "EBIT": -3,
        "Net Income": -5
    },
    "2013-03-31": {
        "Diluted EPS": -629.5,
        "Total Revenue": NaN,
        "Gross Profit": NaN,
        "Operating Income": -3,
        "EBIT": -3,
        "Net Income": -5
    },
    "2012-12-31": {
        "Diluted EPS": -161.87,
        "Total Revenue": NaN,
        "Gross Profit": NaN,
        "Operating Income": -2,
        "EBIT": -2,
        "Net Income": -1
    },
    "2012-09-30": {
        "Diluted EPS": -449.64,
        "Total Revenue": NaN,
        "Gross Profit": NaN,
        "Operating Income": -1,
        "EBIT": -1,
        "Net Income": -3
    },
    "2012-06-30": {
        "Diluted EPS": -125.9,
        "Total Revenue": NaN,
        "Gross Profit": NaN,
        "Operating Income": -1,
        "EBIT": -1,
        "Net Income": -1
    },
    "2012-03-31": {
        "Diluted EPS": -89.93,
        "Total Revenue": NaN,
        "Gross Profit": NaN,
        "Operating Income": 0,
        "EBIT": 0,
        "Net Income": -1
    },
    "2011-12-31": {
        "Diluted EPS": 0.0,
        "Total Revenue": NaN,
        "Gross Profit": NaN,
        "Operating Income": NaN,
        "EBIT": NaN,
        "Net Income": NaN
    },
    "2023-06-30": {
        "Tax Effect Of Unusual Items": NaN,
        "Tax Rate For Calcs": NaN,
        "Normalized EBITDA": NaN,
        "Total Unusual Items": NaN,
        "Total Unusual Items Excluding Goodwill": NaN,
        "Net Income From Continuing Operation Net Minority Interest": NaN,
        "Reconciled Depreciation": NaN,
        "Reconciled Cost Of Revenue": NaN,
        "EBITDA": NaN,
        "EBIT": NaN,
        "Net Interest Income": NaN,
        "Interest Income": NaN,
        "Normalized Income": NaN,
        "Net Income From Continuing And Discontinued Operation": NaN,
        "Total Expenses": NaN,
        "Total Operating Income As Reported": NaN,
        "Diluted Average Shares": 28186345.0,
        "Basic Average Shares": 28186345.0,
        "Diluted EPS": -0.58,
        "Basic EPS": -0.58,
        "Diluted NI Availto Com Stockholders": NaN,
        "Net Income Common Stockholders": NaN,
        "Preferred Stock Dividends": NaN,
        "Net Income": NaN,
        "Net Income Including Noncontrolling Interests": NaN,
        "Net Income Continuous Operations": NaN,
        "Tax Provision": NaN,
        "Pretax Income": NaN,
        "Other Income Expense": NaN,
        "Special Income Charges": NaN,
        "Other Special Charges": NaN,
        "Gain On Sale Of Security": NaN,
        "Net Non Operating Interest Income Expense": NaN,
        "Total Other Finance Cost": NaN,
        "Interest Income Non Operating": NaN,
        "Operating Income": NaN,
        "Operating Expense": NaN,
        "Research And Development": NaN,
        "Selling General And Administration": NaN,
        "Selling And Marketing Expense": NaN,
        "General And Administrative Expense": NaN,
        "Other Gand A": NaN,
        "Gross Profit": NaN,
        "Cost Of Revenue": NaN,
        "Total Revenue": NaN,
        "Operating Revenue": NaN
    },
    "2023-09-30": {
        "Tax Effect Of Unusual Items": 0.0,
        "Tax Rate For Calcs": 0.0,
        "Normalized EBITDA": -14310000.0,
        "Total Unusual Items": NaN,
        "Total Unusual Items Excluding Goodwill": NaN,
        "Net Income From Continuing Operation Net Minority Interest": -15732000.0,
        "Reconciled Depreciation": 1236000.0,
        "Reconciled Cost Of Revenue": 2908000.0,
        "EBITDA": -14310000.0,
        "EBIT": -15546000.0,
        "Net Interest Income": -186000.0,
        "Interest Income": NaN,
        "Normalized Income": -15732000.0,
        "Net Income From Continuing And Discontinued Operation": -15732000.0,
        "Total Expenses": 19064000.0,
        "Total Operating Income As Reported": 15546000.0,
        "Diluted Average Shares": 28815604.0,
        "Basic Average Shares": 28815604.0,
        "Diluted EPS": -0.49,
        "Basic EPS": -0.49,
        "Diluted NI Availto Com Stockholders": -16904000.0,
        "Net Income Common Stockholders": -16904000.0,
        "Preferred Stock Dividends": 1172000.0,
        "Net Income": -15732000.0,
        "Net Income Including Noncontrolling Interests": -15732000.0,
        "Net Income Continuous Operations": -15732000.0,
        "Tax Provision": 0.0,
        "Pretax Income": -15732000.0,
        "Other Income Expense": NaN,
        "Special Income Charges": NaN,
        "Other Special Charges": NaN,
        "Gain On Sale Of Security": NaN,
        "Net Non Operating Interest Income Expense": -186000.0,
        "Total Other Finance Cost": 186000.0,
        "Interest Income Non Operating": NaN,
        "Operating Income": -15546000.0,
        "Operating Expense": 16156000.0,
        "Research And Development": 5665000.0,
        "Selling General And Administration": 10491000.0,
        "Selling And Marketing Expense": 6363000.0,
        "General And Administrative Expense": 4128000.0,
        "Other Gand A": 4128000.0,
        "Gross Profit": 610000.0,
        "Cost Of Revenue": 2908000.0,
        "Total Revenue": 3518000.0,
        "Operating Revenue": 3518000.0
    },
    "2023-12-31": {
        "Tax Effect Of Unusual Items": -89670.0,
        "Tax Rate For Calcs": 0.21,
        "Normalized EBITDA": -15642000.0,
        "Total Unusual Items": -427000.0,
        "Total Unusual Items Excluding Goodwill": -427000.0,
        "Net Income From Continuing Operation Net Minority Interest": -14285000.0,
        "Reconciled Depreciation": 1320000.0,
        "Reconciled Cost Of Revenue": 3484000.0,
        "EBITDA": -16069000.0,
        "EBIT": -17389000.0,
        "Net Interest Income": 421000.0,
        "Interest Income": 470000.0,
        "Normalized Income": -13947670.0,
        "Net Income From Continuing And Discontinued Operation": -14285000.0,
        "Total Expenses": 17831000.0,
        "Total Operating Income As Reported": -98163000.0,
        "Diluted Average Shares": NaN,
        "Basic Average Shares": NaN,
        "Diluted EPS": NaN,
        "Basic EPS": NaN,
        "Diluted NI Availto Com Stockholders": -15506000.0,
        "Net Income Common Stockholders": -15506000.0,
        "Preferred Stock Dividends": 1221000.0,
        "Net Income": -14285000.0,
        "Net Income Including Noncontrolling Interests": -14285000.0,
        "Net Income Continuous Operations": -14285000.0,
        "Tax Provision": 64000.0,
        "Pretax Income": -14221000.0,
        "Other Income Expense": -427000.0,
        "Special Income Charges": NaN,
        "Other Special Charges": NaN,
        "Gain On Sale Of Security": -427000.0,
        "Net Non Operating Interest Income Expense": 421000.0,
        "Total Other Finance Cost": 49000.0,
        "Interest Income Non Operating": 470000.0,
        "Operating Income": -14215000.0,
        "Operating Expense": 14347000.0,
        "Research And Development": 4196000.0,
        "Selling General And Administration": 10151000.0,
        "Selling And Marketing Expense": 4622000.0,
        "General And Administrative Expense": 5529000.0,
        "Other Gand A": 5529000.0,
        "Gross Profit": 132000.0,
        "Cost Of Revenue": 3484000.0,
        "Total Revenue": 3616000.0,
        "Operating Revenue": 3616000.0
    },
    "2024-03-31": {
        "Tax Effect Of Unusual Items": 2004221.180063,
        "Tax Rate For Calcs": 0.217472,
        "Normalized EBITDA": -25745000.0,
        "Total Unusual Items": 9216000.0,
        "Total Unusual Items Excluding Goodwill": 9216000.0,
        "Net Income From Continuing Operation Net Minority Interest": -7175000.0,
        "Reconciled Depreciation": 1326000.0,
        "Reconciled Cost Of Revenue": 3326000.0,
        "EBITDA": -16529000.0,
        "EBIT": -17855000.0,
        "Net Interest Income": -530000.0,
        "Interest Income": 390000.0,
        "Normalized Income": -14386778.819937,
        "Net Income From Continuing And Discontinued Operation": -7175000.0,
        "Total Expenses": 23613000.0,
        "Total Operating Income As Reported": 17855000.0,
        "Diluted Average Shares": 34442578.0,
        "Basic Average Shares": 34442578.0,
        "Diluted EPS": -0.2,
        "Basic EPS": -0.2,
        "Diluted NI Availto Com Stockholders": -9209000.0,
        "Net Income Common Stockholders": -9209000.0,
        "Preferred Stock Dividends": 2034000.0,
        "Net Income": -7175000.0,
        "Net Income Including Noncontrolling Interests": -7175000.0,
        "Net Income Continuous Operations": -7175000.0,
        "Tax Provision": -1994000.0,
        "Pretax Income": -9169000.0,
        "Other Income Expense": 9216000.0,
        "Special Income Charges": -904000.0,
        "Other Special Charges": 904000.0,
        "Gain On Sale Of Security": 9216000.0,
        "Net Non Operating Interest Income Expense": -530000.0,
        "Total Other Finance Cost": 920000.0,
        "Interest Income Non Operating": 390000.0,
        "Operating Income": -17855000.0,
        "Operating Expense": 20287000.0,
        "Research And Development": 6642000.0,
        "Selling General And Administration": 13645000.0,
        "Selling And Marketing Expense": 6910000.0,
        "General And Administrative Expense": 6735000.0,
        "Other Gand A": 6735000.0,
        "Gross Profit": 2432000.0,
        "Cost Of Revenue": 3326000.0,
        "Total Revenue": 5758000.0,
        "Operating Revenue": 5758000.0
    },
    "2024-06-30": {
        "Tax Effect Of Unusual Items": 0.0,
        "Tax Rate For Calcs": 0.0,
        "Normalized EBITDA": -14353000.0,
        "Total Unusual Items": NaN,
        "Total Unusual Items Excluding Goodwill": NaN,
        "Net Income From Continuing Operation Net Minority Interest": -13610000.0,
        "Reconciled Depreciation": 1838000.0,
        "Reconciled Cost Of Revenue": 3499000.0,
        "EBITDA": -14353000.0,
        "EBIT": -16191000.0,
        "Net Interest Income": 2581000.0,
        "Interest Income": NaN,
        "Normalized Income": -13610000.0,
        "Net Income From Continuing And Discontinued Operation": -13610000.0,
        "Total Expenses": 22446000.0,
        "Total Operating Income As Reported": -16191000.0,
        "Diluted Average Shares": 39830793.0,
        "Basic Average Shares": 39830793.0,
        "Diluted EPS": -0.08,
        "Basic EPS": -0.08,
        "Diluted NI Availto Com Stockholders": -4904000.0,
        "Net Income Common Stockholders": -4904000.0,
        "Preferred Stock Dividends": -8706000.0,
        "Net Income": -13610000.0,
        "Net Income Including Noncontrolling Interests": -13610000.0,
        "Net Income Continuous Operations": -13610000.0,
        "Tax Provision": 0.0,
        "Pretax Income": -13610000.0,
        "Other Income Expense": NaN,
        "Special Income Charges": NaN,
        "Other Special Charges": NaN,
        "Gain On Sale Of Security": NaN,
        "Net Non Operating Interest Income Expense": 2581000.0,
        "Total Other Finance Cost": -2581000.0,
        "Interest Income Non Operating": NaN,
        "Operating Income": -16191000.0,
        "Operating Expense": 18947000.0,
        "Research And Development": 6810000.0,
        "Selling General And Administration": 12137000.0,
        "Selling And Marketing Expense": 7132000.0,
        "General And Administrative Expense": 5005000.0,
        "Other Gand A": 5005000.0,
        "Gross Profit": 2756000.0,
        "Cost Of Revenue": 3499000.0,
        "Total Revenue": 6255000.0,
        "Operating Revenue": 6255000.0
    },
    "2024-09-30": {
        "Tax Effect Of Unusual Items": 0.0,
        "Tax Rate For Calcs": 0.001053,
        "Normalized EBITDA": -9902000.0,
        "Total Unusual Items": NaN,
        "Total Unusual Items Excluding Goodwill": NaN,
        "Net Income From Continuing Operation Net Minority Interest": -12330000.0,
        "Reconciled Depreciation": 2128000.0,
        "Reconciled Cost Of Revenue": 3546000.0,
        "EBITDA": -9902000.0,
        "EBIT": -12030000.0,
        "Net Interest Income": -313000.0,
        "Interest Income": NaN,
        "Normalized Income": -12330000.0,
        "Net Income From Continuing And Discontinued Operation": -12330000.0,
        "Total Expenses": 19453000.0,
        "Total Operating Income As Reported": 12030000.0,
        "Diluted Average Shares": 40417421.0,
        "Basic Average Shares": 40417421.0,
        "Diluted EPS": -0.25,
        "Basic EPS": -0.25,
        "Diluted NI Availto Com Stockholders": -14608000.0,
        "Net Income Common Stockholders": -14608000.0,
        "Preferred Stock Dividends": 2278000.0,
        "Net Income": -12330000.0,
        "Net Income Including Noncontrolling Interests": -12330000.0,
        "Net Income Continuous Operations": -12330000.0,
        "Tax Provision": -13000.0,
        "Pretax Income": -12343000.0,
        "Other Income Expense": NaN,
        "Special Income Charges": NaN,
        "Other Special Charges": NaN,
        "Gain On Sale Of Security": NaN,
        "Net Non Operating Interest Income Expense": -313000.0,
        "Total Other Finance Cost": 313000.0,
        "Interest Income Non Operating": NaN,
        "Operating Income": -12030000.0,
        "Operating Expense": 15907000.0,
        "Research And Development": 5446000.0,
        "Selling General And Administration": 10461000.0,
        "Selling And Marketing Expense": 6733000.0,
        "General And Administrative Expense": 3728000.0,
        "Other Gand A": 3728000.0,
        "Gross Profit": 3877000.0,
        "Cost Of Revenue": 3546000.0,
        "Total Revenue": 7423000.0,
        "Operating Revenue": 7423000.0
    }
}