{
    "2023-06-30": {
        "Tax Effect Of Unusual Items": NaN,
        "Tax Rate For Calcs": NaN,
        "Normalized EBITDA": NaN,
        "Total Unusual Items": NaN,
        "Total Unusual Items Excluding Goodwill": NaN,
        "Net Income From Continuing Operation Net Minority Interest": NaN,
        "Reconciled Depreciation": NaN,
        "Reconciled Cost Of Revenue": NaN,
        "EBITDA": NaN,
        "EBIT": NaN,
        "Net Interest Income": NaN,
        "Interest Expense": NaN,
        "Interest Income": NaN,
        "Normalized Income": NaN,
        "Net Income From Continuing And Discontinued Operation": NaN,
        "Total Expenses": NaN,
        "Total Operating Income As Reported": NaN,
        "Diluted Average Shares": 206000000.0,
        "Basic Average Shares": 206000000.0,
        "Diluted EPS": 0.97,
        "Basic EPS": 0.97,
        "Diluted NI Availto Com Stockholders": NaN,
        "Net Income Common Stockholders": NaN,
        "Otherunder Preferred Stock Dividend": NaN,
        "Net Income": NaN,
        "Net Income Including Noncontrolling Interests": NaN,
        "Net Income Continuous Operations": NaN,
        "Tax Provision": NaN,
        "Pretax Income": NaN,
        "Other Income Expense": NaN,
        "Other Non Operating Income Expenses": 9000000.0,
        "Special Income Charges": NaN,
        "Gain On Sale Of Ppe": NaN,
        "Other Special Charges": -9000000.0,
        "Earnings From Equity Interest": NaN,
        "Gain On Sale Of Security": 4000000.0,
        "Net Non Operating Interest Income Expense": NaN,
        "Interest Expense Non Operating": NaN,
        "Interest Income Non Operating": NaN,
        "Operating Income": NaN,
        "Operating Expense": NaN,
        "Other Operating Expenses": -9000000.0,
        "Other Taxes": NaN,
        "Depreciation Amortization Depletion Income Statement": NaN,
        "Depreciation And Amortization In Income Statement": NaN,
        "Selling General And Administration": NaN,
        "General And Administrative Expense": 5000000.0,
        "Salaries And Wages": NaN,
        "Gross Profit": NaN,
        "Cost Of Revenue": NaN,
        "Total Revenue": NaN,
        "Operating Revenue": NaN
    },
    "2023-03-31": {
        "Tax Effect Of Unusual Items": NaN,
        "Tax Rate For Calcs": NaN,
        "Normalized EBITDA": NaN,
        "Total Unusual Items": NaN,
        "Total Unusual Items Excluding Goodwill": NaN,
        "Net Income From Continuing Operation Net Minority Interest": NaN,
        "Reconciled Depreciation": NaN,
        "Reconciled Cost Of Revenue": NaN,
        "EBITDA": NaN,
        "EBIT": NaN,
        "Net Interest Income": NaN,
        "Interest Expense": NaN,
        "Interest Income": NaN,
        "Normalized Income": NaN,
        "Net Income From Continuing And Discontinued Operation": NaN,
        "Total Expenses": NaN,
        "Total Operating Income As Reported": NaN,
        "Diluted Average Shares": NaN,
        "Basic Average Shares": NaN,
        "Diluted EPS": NaN,
        "Basic EPS": NaN,
        "Diluted NI Availto Com Stockholders": NaN,
        "Net Income Common Stockholders": NaN,
        "Otherunder Preferred Stock Dividend": NaN,
        "Net Income": NaN,
        "Net Income Including Noncontrolling Interests": NaN,
        "Net Income Continuous Operations": NaN,
        "Tax Provision": NaN,
        "Pretax Income": NaN,
        "Other Income Expense": NaN,
        "Other Non Operating Income Expenses": NaN,
        "Special Income Charges": NaN,
        "Gain On Sale Of Ppe": NaN,
        "Other Special Charges": -9000000.0,
        "Earnings From Equity Interest": NaN,
        "Gain On Sale Of Security": NaN,
        "Net Non Operating Interest Income Expense": NaN,
        "Interest Expense Non Operating": NaN,
        "Interest Income Non Operating": NaN,
        "Operating Income": NaN,
        "Operating Expense": NaN,
        "Other Operating Expenses": NaN,
        "Other Taxes": NaN,
        "Depreciation Amortization Depletion Income Statement": NaN,
        "Depreciation And Amortization In Income Statement": NaN,
        "Selling General And Administration": NaN,
        "General And Administrative Expense": 3000000.0,
        "Salaries And Wages": NaN,
        "Gross Profit": NaN,
        "Cost Of Revenue": NaN,
        "Total Revenue": NaN,
        "Operating Revenue": NaN
    },
    "2022-12-31": {
        "Tax Effect Of Unusual Items": NaN,
        "Tax Rate For Calcs": NaN,
        "Normalized EBITDA": NaN,
        "Total Unusual Items": NaN,
        "Total Unusual Items Excluding Goodwill": NaN,
        "Net Income From Continuing Operation Net Minority Interest": NaN,
        "Reconciled Depreciation": NaN,
        "Reconciled Cost Of Revenue": NaN,
        "EBITDA": NaN,
        "EBIT": NaN,
        "Net Interest Income": NaN,
        "Interest Expense": NaN,
        "Interest Income": NaN,
        "Normalized Income": NaN,
        "Net Income From Continuing And Discontinued Operation": NaN,
        "Total Expenses": NaN,
        "Total Operating Income As Reported": NaN,
        "Diluted Average Shares": NaN,
        "Basic Average Shares": NaN,
        "Diluted EPS": NaN,
        "Basic EPS": NaN,
        "Diluted NI Availto Com Stockholders": NaN,
        "Net Income Common Stockholders": NaN,
        "Otherunder Preferred Stock Dividend": NaN,
        "Net Income": NaN,
        "Minority Interests": 0.0,
        "Net Income Including Noncontrolling Interests": NaN,
        "Net Income Discontinuous Operations": 0.0,
        "Net Income Continuous Operations": NaN,
        "Tax Provision": NaN,
        "Pretax Income": NaN,
        "Other Income Expense": NaN,
        "Other Non Operating Income Expenses": NaN,
        "Special Income Charges": NaN,
        "Gain On Sale Of Ppe": NaN,
        "Other Special Charges": NaN,
        "Earnings From Equity Interest": NaN,
        "Gain On Sale Of Security": NaN,
        "Net Non Operating Interest Income Expense": NaN,
        "Interest Expense Non Operating": NaN,
        "Interest Income Non Operating": NaN,
        "Operating Income": NaN,
        "Operating Expense": NaN,
        "Other Operating Expenses": NaN,
        "Other Taxes": NaN,
        "Depreciation Amortization Depletion Income Statement": NaN,
        "Depreciation And Amortization In Income Statement": NaN,
        "Selling General And Administration": NaN,
        "General And Administrative Expense": 12000000.0,
        "Salaries And Wages": NaN,
        "Gross Profit": NaN,
        "Cost Of Revenue": NaN,
        "Total Revenue": NaN,
        "Operating Revenue": NaN
    },
    "2022-09-30": {
        "Tax Effect Of Unusual Items": NaN,
        "Tax Rate For Calcs": NaN,
        "Normalized EBITDA": NaN,
        "Total Unusual Items": NaN,
        "Total Unusual Items Excluding Goodwill": NaN,
        "Net Income From Continuing Operation Net Minority Interest": NaN,
        "Reconciled Depreciation": NaN,
        "Reconciled Cost Of Revenue": NaN,
        "EBITDA": NaN,
        "EBIT": NaN,
        "Net Interest Income": NaN,
        "Interest Expense": NaN,
        "Interest Income": NaN,
        "Normalized Income": NaN,
        "Net Income From Continuing And Discontinued Operation": NaN,
        "Total Expenses": NaN,
        "Total Operating Income As Reported": NaN,
        "Diluted Average Shares": 194000000.0,
        "Basic Average Shares": 193000000.0,
        "Diluted EPS": 1.99,
        "Basic EPS": 2.0,
        "Diluted NI Availto Com Stockholders": NaN,
        "Net Income Common Stockholders": NaN,
        "Otherunder Preferred Stock Dividend": NaN,
        "Net Income": NaN,
        "Minority Interests": 0.0,
        "Net Income Including Noncontrolling Interests": NaN,
        "Net Income Discontinuous Operations": 0.0,
        "Net Income Continuous Operations": NaN,
        "Tax Provision": NaN,
        "Pretax Income": NaN,
        "Other Income Expense": NaN,
        "Other Non Operating Income Expenses": NaN,
        "Special Income Charges": NaN,
        "Gain On Sale Of Ppe": NaN,
        "Other Special Charges": -6000000.0,
        "Earnings From Equity Interest": NaN,
        "Gain On Sale Of Security": NaN,
        "Net Non Operating Interest Income Expense": NaN,
        "Interest Expense Non Operating": NaN,
        "Interest Income Non Operating": NaN,
        "Operating Income": NaN,
        "Operating Expense": NaN,
        "Other Taxes": NaN,
        "Depreciation Amortization Depletion Income Statement": NaN,
        "Depreciation And Amortization In Income Statement": NaN,
        "Selling General And Administration": NaN,
        "General And Administrative Expense": NaN,
        "Salaries And Wages": NaN,
        "Gross Profit": NaN,
        "Cost Of Revenue": NaN,
        "Total Revenue": NaN,
        "Operating Revenue": NaN
    },
    "2022-06-30": {
        "Tax Effect Of Unusual Items": 4400000.0,
        "Tax Rate For Calcs": 0.4,
        "Normalized EBITDA": 542000000.0,
        "Total Unusual Items": 11000000.0,
        "Total Unusual Items Excluding Goodwill": 11000000.0,
        "Net Income From Continuing Operation Net Minority Interest": 37000000.0,
        "Reconciled Depreciation": 377000000.0,
        "Reconciled Cost Of Revenue": 4254000000.0,
        "EBITDA": 553000000.0,
        "EBIT": 176000000.0,
        "Net Interest Income": -153000000.0,
        "Interest Expense": 161000000.0,
        "Interest Income": 8000000.0,
        "Normalized Income": 30400000.0,
        "Net Income From Continuing And Discontinued Operation": 37000000.0,
        "Total Expenses": 4746000000.0,
        "Total Operating Income As Reported": 183000000.0,
        "Diluted Average Shares": 194000000.0,
        "Basic Average Shares": 193000000.0,
        "Diluted EPS": 0.19,
        "Basic EPS": 0.19,
        "Diluted NI Availto Com Stockholders": 37000000.0,
        "Net Income Common Stockholders": 37000000.0,
        "Otherunder Preferred Stock Dividend": NaN,
        "Net Income": 37000000.0,
        "Minority Interests": 0.0,
        "Net Income Including Noncontrolling Interests": 37000000.0,
        "Net Income Discontinuous Operations": 0.0,
        "Net Income Continuous Operations": 37000000.0,
        "Tax Provision": -22000000.0,
        "Pretax Income": 15000000.0,
        "Other Income Expense": -10000000.0,
        "Other Non Operating Income Expenses": -17000000.0,
        "Special Income Charges": 11000000.0,
        "Gain On Sale Of Ppe": 5000000.0,
        "Other Special Charges": -6000000.0,
        "Earnings From Equity Interest": -4000000.0,
        "Gain On Sale Of Security": NaN,
        "Net Non Operating Interest Income Expense": -153000000.0,
        "Interest Expense Non Operating": 161000000.0,
        "Interest Income Non Operating": 8000000.0,
        "Operating Income": 178000000.0,
        "Operating Expense": 481000000.0,
        "Other Taxes": 115000000.0,
        "Depreciation Amortization Depletion Income Statement": 366000000.0,
        "Depreciation And Amortization In Income Statement": 366000000.0,
        "Gross Profit": 659000000.0,
        "Cost Of Revenue": 4265000000.0,
        "Total Revenue": 4924000000.0,
        "Operating Revenue": 4924000000.0
    },
    "2022-03-31": {
        "Diluted EPS": 2.03,
        "Total Revenue": NaN,
        "Gross Profit": NaN,
        "Operating Income": 558,
        "EBIT": 919,
        "Net Income": 394
    },
    "2021-12-31": {
        "Diluted EPS": 1.57,
        "Total Revenue": NaN,
        "Gross Profit": NaN,
        "Operating Income": 415,
        "EBIT": 796,
        "Net Income": 306
    },
    "2021-09-30": {
        "Diluted EPS": 0.13,
        "Total Revenue": NaN,
        "Gross Profit": NaN,
        "Operating Income": 405,
        "EBIT": 764,
        "Net Income": 25
    },
    "2021-06-30": {
        "Diluted EPS": 0.92,
        "Total Revenue": NaN,
        "Gross Profit": NaN,
        "Operating Income": 242,
        "EBIT": 636,
        "Net Income": 179
    },
    "2021-03-31": {
        "Diluted EPS": 2.05,
        "Total Revenue": NaN,
        "Gross Profit": NaN,
        "Operating Income": 433,
        "EBIT": 816,
        "Net Income": 397
    },
    "2020-12-31": {
        "Diluted EPS": 1.42,
        "Total Revenue": NaN,
        "Gross Profit": NaN,
        "Operating Income": 163,
        "EBIT": 562,
        "Net Income": 275
    },
    "2020-09-30": {
        "Diluted EPS": 2.46,
        "Total Revenue": NaN,
        "Gross Profit": NaN,
        "Operating Income": 479,
        "EBIT": 844,
        "Net Income": 476
    },
    "2020-06-30": {
        "Diluted EPS": 1.44,
        "Total Revenue": NaN,
        "Gross Profit": NaN,
        "Operating Income": 367,
        "EBIT": 717,
        "Net Income": 277
    },
    "2020-03-31": {
        "Diluted EPS": 1.76,
        "Total Revenue": NaN,
        "Gross Profit": NaN,
        "Operating Income": 546,
        "EBIT": 912,
        "Net Income": 340
    },
    "2019-12-31": {
        "Diluted EPS": 1.4,
        "Total Revenue": NaN,
        "Gross Profit": NaN,
        "Operating Income": 138,
        "EBIT": 493,
        "Net Income": 267
    },
    "2019-09-30": {
        "Diluted EPS": 1.73,
        "Total Revenue": NaN,
        "Gross Profit": NaN,
        "Operating Income": 450,
        "EBIT": 787,
        "Net Income": 319
    },
    "2019-06-30": {
        "Diluted EPS": 0.99,
        "Total Revenue": NaN,
        "Gross Profit": NaN,
        "Operating Income": 300,
        "EBIT": 620,
        "Net Income": 182
    },
    "2019-03-31": {
        "Diluted EPS": 2.19,
        "Total Revenue": NaN,
        "Gross Profit": NaN,
        "Operating Income": 542,
        "EBIT": 853,
        "Net Income": 401
    },
    "2018-12-31": {
        "Diluted EPS": 1.04,
        "Total Revenue": NaN,
        "Gross Profit": NaN,
        "Operating Income": 332,
        "EBIT": 636,
        "Net Income": 191
    },
    "2018-09-30": {
        "Diluted EPS": 1.84,
        "Total Revenue": NaN,
        "Gross Profit": NaN,
        "Operating Income": 429,
        "EBIT": 716,
        "Net Income": 334
    },
    "2018-06-30": {
        "Diluted EPS": 1.29,
        "Total Revenue": NaN,
        "Gross Profit": NaN,
        "Operating Income": 329,
        "EBIT": 611,
        "Net Income": 234
    },
    "2018-03-31": {
        "Diluted EPS": 2.0,
        "Total Revenue": NaN,
        "Gross Profit": NaN,
        "Operating Income": 504,
        "EBIT": 800,
        "Net Income": 361
    },
    "2017-12-31": {
        "Diluted EPS": 1.59,
        "Total Revenue": NaN,
        "Gross Profit": NaN,
        "Operating Income": 372,
        "EBIT": 660,
        "Net Income": 287
    },
    "2017-09-30": {
        "Diluted EPS": 1.51,
        "Total Revenue": NaN,
        "Gross Profit": NaN,
        "Operating Income": 434,
        "EBIT": 707,
        "Net Income": 270
    },
    "2017-06-30": {
        "Diluted EPS": 0.99,
        "Total Revenue": NaN,
        "Gross Profit": NaN,
        "Operating Income": 320,
        "EBIT": 581,
        "Net Income": 177
    },
    "2017-03-31": {
        "Diluted EPS": 2.23,
        "Total Revenue": NaN,
        "Gross Profit": NaN,
        "Operating Income": 585,
        "EBIT": 846,
        "Net Income": 400
    },
    "2016-12-31": {
        "Diluted EPS": 0.74,
        "Total Revenue": NaN,
        "Gross Profit": NaN,
        "Operating Income": 342,
        "EBIT": 630,
        "Net Income": 131
    },
    "2016-09-30": {
        "Diluted EPS": 1.88,
        "Total Revenue": NaN,
        "Gross Profit": NaN,
        "Operating Income": 507,
        "EBIT": 752,
        "Net Income": 338
    },
    "2016-06-30": {
        "Diluted EPS": 0.84,
        "Total Revenue": NaN,
        "Gross Profit": NaN,
        "Operating Income": 256,
        "EBIT": 513,
        "Net Income": 152
    },
    "2016-03-31": {
        "Diluted EPS": 1.37,
        "Total Revenue": NaN,
        "Gross Profit": NaN,
        "Operating Income": 381,
        "EBIT": 625,
        "Net Income": 247
    },
    "2015-12-31": {
        "Diluted EPS": 0.44,
        "Total Revenue": NaN,
        "Gross Profit": NaN,
        "Operating Income": 134,
        "EBIT": 367,
        "Net Income": 80
    },
    "2015-09-30": {
        "Diluted EPS": 1.47,
        "Total Revenue": NaN,
        "Gross Profit": NaN,
        "Operating Income": 440,
        "EBIT": 648,
        "Net Income": 265
    },
    "2015-06-30": {
        "Diluted EPS": 0.61,
        "Total Revenue": NaN,
        "Gross Profit": NaN,
        "Operating Income": 204,
        "EBIT": 439,
        "Net Income": 109
    },
    "2015-03-31": {
        "Diluted EPS": 1.53,
        "Total Revenue": NaN,
        "Gross Profit": NaN,
        "Operating Income": 461,
        "EBIT": 683,
        "Net Income": 273
    },
    "2014-12-31": {
        "Diluted EPS": 1.68,
        "Total Revenue": NaN,
        "Gross Profit": 606,
        "Operating Income": 542,
        "EBIT": 847,
        "Net Income": 299
    },
    "2014-09-30": {
        "Diluted EPS": 0.88,
        "Total Revenue": NaN,
        "Gross Profit": NaN,
        "Operating Income": 239,
        "EBIT": 546,
        "Net Income": 156
    },
    "2014-06-30": {
        "Diluted EPS": 0.7,
        "Total Revenue": NaN,
        "Gross Profit": NaN,
        "Operating Income": 249,
        "EBIT": 545,
        "Net Income": 124
    },
    "2014-03-31": {
        "Diluted EPS": 1.84,
        "Total Revenue": NaN,
        "Gross Profit": NaN,
        "Operating Income": 560,
        "EBIT": 845,
        "Net Income": 326
    },
    "2013-12-31": {
        "Diluted EPS": 0.69,
        "Total Revenue": NaN,
        "Gross Profit": 639,
        "Operating Income": 241,
        "EBIT": 537,
        "Net Income": 124
    },
    "2013-09-30": {
        "Diluted EPS": 1.13,
        "Total Revenue": NaN,
        "Gross Profit": NaN,
        "Operating Income": 329,
        "EBIT": 621,
        "Net Income": 198
    },
    "2013-06-30": {
        "Diluted EPS": 0.6,
        "Total Revenue": NaN,
        "Gross Profit": NaN,
        "Operating Income": 223,
        "EBIT": 499,
        "Net Income": 105
    },
    "2013-03-31": {
        "Diluted EPS": 1.34,
        "Total Revenue": NaN,
        "Gross Profit": NaN,
        "Operating Income": 410,
        "EBIT": 678,
        "Net Income": 234
    },
    "2012-12-31": {
        "Diluted EPS": 0.47,
        "Total Revenue": NaN,
        "Gross Profit": NaN,
        "Operating Income": 267,
        "EBIT": 542,
        "Net Income": 81
    },
    "2012-09-30": {
        "Diluted EPS": 1.31,
        "Total Revenue": NaN,
        "Gross Profit": NaN,
        "Operating Income": 406,
        "EBIT": 696,
        "Net Income": 227
    },
    "2012-06-30": {
        "Diluted EPS": 0.86,
        "Total Revenue": NaN,
        "Gross Profit": NaN,
        "Operating Income": 294,
        "EBIT": 544,
        "Net Income": 146
    },
    "2012-03-31": {
        "Diluted EPS": 0.91,
        "Total Revenue": NaN,
        "Gross Profit": NaN,
        "Operating Income": 312,
        "EBIT": 544,
        "Net Income": 156
    },
    "2011-12-31": {
        "Diluted EPS": 0.88,
        "Total Revenue": NaN,
        "Gross Profit": NaN,
        "Operating Income": 344,
        "EBIT": 633,
        "Net Income": 150
    },
    "2011-09-30": {
        "Diluted EPS": 1.07,
        "Total Revenue": NaN,
        "Gross Profit": NaN,
        "Operating Income": 399,
        "EBIT": 658,
        "Net Income": 183
    },
    "2011-06-30": {
        "Diluted EPS": 1.19,
        "Total Revenue": NaN,
        "Gross Profit": NaN,
        "Operating Income": 288,
        "EBIT": 536,
        "Net Income": 202
    },
    "2011-03-31": {
        "Diluted EPS": 1.04,
        "Total Revenue": NaN,
        "Gross Profit": NaN,
        "Operating Income": 390,
        "EBIT": 635,
        "Net Income": 176
    },
    "2010-12-31": {
        "Diluted EPS": 0.89,
        "Total Revenue": NaN,
        "Gross Profit": NaN,
        "Operating Income": 356,
        "EBIT": 608,
        "Net Income": 152
    },
    "2010-09-30": {
        "Diluted EPS": 0.96,
        "Total Revenue": NaN,
        "Gross Profit": NaN,
        "Operating Income": 386,
        "EBIT": 657,
        "Net Income": 163
    },
    "2010-06-30": {
        "Diluted EPS": 0.51,
        "Total Revenue": NaN,
        "Gross Profit": NaN,
        "Operating Income": 256,
        "EBIT": 509,
        "Net Income": 86
    },
    "2010-03-31": {
        "Diluted EPS": 1.38,
        "Total Revenue": NaN,
        "Gross Profit": NaN,
        "Operating Income": 472,
        "EBIT": 723,
        "Net Income": 229
    },
    "2009-12-31": {
        "Diluted EPS": 0.72,
        "Total Revenue": NaN,
        "Gross Profit": NaN,
        "Operating Income": 307,
        "EBIT": 589,
        "Net Income": 120
    },
    "2009-09-30": {
        "Diluted EPS": 0.92,
        "Total Revenue": NaN,
        "Gross Profit": NaN,
        "Operating Income": 332,
        "EBIT": 598,
        "Net Income": 151
    },
    "2009-06-30": {
        "Diluted EPS": 0.51,
        "Total Revenue": NaN,
        "Gross Profit": NaN,
        "Operating Income": 215,
        "EBIT": 455,
        "Net Income": 83
    },
    "2009-03-31": {
        "Diluted EPS": 1.09,
        "Total Revenue": NaN,
        "Gross Profit": NaN,
        "Operating Income": 395,
        "EBIT": 627,
        "Net Income": 178
    },
    "2023-09-30": {
        "Tax Effect Of Unusual Items": 1260000.0,
        "Tax Rate For Calcs": 0.063,
        "Normalized EBITDA": 938000000.0,
        "Total Unusual Items": 20000000.0,
        "Total Unusual Items Excluding Goodwill": 20000000.0,
        "Net Income From Continuing Operation Net Minority Interest": 332000000.0,
        "Reconciled Depreciation": 373000000.0,
        "Reconciled Cost Of Revenue": 1875000000.0,
        "EBITDA": 958000000.0,
        "EBIT": 554000000.0,
        "Net Interest Income": -185000000.0,
        "Interest Expense": 200000000.0,
        "Interest Income": 15000000.0,
        "Normalized Income": 313260000.0,
        "Net Income From Continuing And Discontinued Operation": 332000000.0,
        "Total Expenses": 2363000000.0,
        "Total Operating Income As Reported": 538000000.0,
        "Diluted Average Shares": 206000000.0,
        "Basic Average Shares": 206000000.0,
        "Diluted EPS": 1.61,
        "Basic EPS": 1.61,
        "Diluted NI Availto Com Stockholders": 332000000.0,
        "Net Income Common Stockholders": 332000000.0,
        "Otherunder Preferred Stock Dividend": 0.0,
        "Net Income": 332000000.0,
        "Net Income Including Noncontrolling Interests": 332000000.0,
        "Net Income Continuous Operations": 332000000.0,
        "Tax Provision": 22000000.0,
        "Pretax Income": 354000000.0,
        "Other Income Expense": 14000000.0,
        "Other Non Operating Income Expenses": -9000000.0,
        "Special Income Charges": 20000000.0,
        "Gain On Sale Of Ppe": 12000000.0,
        "Other Special Charges": -8000000.0,
        "Earnings From Equity Interest": 3000000.0,
        "Gain On Sale Of Security": NaN,
        "Net Non Operating Interest Income Expense": -185000000.0,
        "Interest Expense Non Operating": 200000000.0,
        "Interest Income Non Operating": 15000000.0,
        "Operating Income": 525000000.0,
        "Operating Expense": 519000000.0,
        "Other Operating Expenses": NaN,
        "Other Taxes": 114000000.0,
        "Depreciation Amortization Depletion Income Statement": 404000000.0,
        "Depreciation And Amortization In Income Statement": 404000000.0,
        "Selling General And Administration": 1000000.0,
        "General And Administrative Expense": 1000000.0,
        "Salaries And Wages": 1000000.0,
        "Gross Profit": 1044000000.0,
        "Cost Of Revenue": 1844000000.0,
        "Total Revenue": 2888000000.0,
        "Operating Revenue": 2888000000.0
    },
    "2023-12-31": {
        "Tax Effect Of Unusual Items": -5881742.738589,
        "Tax Rate For Calcs": 0.130705,
        "Normalized EBITDA": 1156000000.0,
        "Total Unusual Items": -45000000.0,
        "Total Unusual Items Excluding Goodwill": -45000000.0,
        "Net Income From Continuing Operation Net Minority Interest": 419000000.0,
        "Reconciled Depreciation": 421000000.0,
        "Reconciled Cost Of Revenue": 2178000000.0,
        "EBITDA": 1111000000.0,
        "EBIT": 690000000.0,
        "Net Interest Income": -196000000.0,
        "Interest Expense": 208000000.0,
        "Interest Income": 12000000.0,
        "Normalized Income": 458118257.261411,
        "Net Income From Continuing And Discontinued Operation": 419000000.0,
        "Total Expenses": 2669000000.0,
        "Total Operating Income As Reported": 656000000.0,
        "Diluted Average Shares": NaN,
        "Basic Average Shares": NaN,
        "Diluted EPS": NaN,
        "Basic EPS": NaN,
        "Diluted NI Availto Com Stockholders": 418000000.0,
        "Net Income Common Stockholders": 418000000.0,
        "Otherunder Preferred Stock Dividend": 1000000.0,
        "Net Income": 419000000.0,
        "Net Income Including Noncontrolling Interests": 419000000.0,
        "Net Income Continuous Operations": 419000000.0,
        "Tax Provision": 63000000.0,
        "Pretax Income": 482000000.0,
        "Other Income Expense": -47000000.0,
        "Other Non Operating Income Expenses": 2000000.0,
        "Special Income Charges": -53000000.0,
        "Gain On Sale Of Ppe": -27000000.0,
        "Other Special Charges": NaN,
        "Earnings From Equity Interest": -4000000.0,
        "Gain On Sale Of Security": 8000000.0,
        "Net Non Operating Interest Income Expense": -196000000.0,
        "Interest Expense Non Operating": 208000000.0,
        "Interest Income Non Operating": 12000000.0,
        "Operating Income": 725000000.0,
        "Operating Expense": 491000000.0,
        "Other Operating Expenses": NaN,
        "Other Taxes": 112000000.0,
        "Depreciation Amortization Depletion Income Statement": 421000000.0,
        "Depreciation And Amortization In Income Statement": 421000000.0,
        "Selling General And Administration": 0.0,
        "General And Administrative Expense": 0.0,
        "Salaries And Wages": 0.0,
        "Gross Profit": 1216000000.0,
        "Cost Of Revenue": 2178000000.0,
        "Total Revenue": 3394000000.0,
        "Operating Revenue": 3394000000.0
    },
    "2024-03-31": {
        "Tax Effect Of Unusual Items": 1550000.0,
        "Tax Rate For Calcs": 0.062,
        "Normalized EBITDA": 950000000.0,
        "Total Unusual Items": 25000000.0,
        "Total Unusual Items Excluding Goodwill": 25000000.0,
        "Net Income From Continuing Operation Net Minority Interest": 313000000.0,
        "Reconciled Depreciation": 423000000.0,
        "Reconciled Cost Of Revenue": 2179000000.0,
        "EBITDA": 975000000.0,
        "EBIT": 552000000.0,
        "Net Interest Income": -200000000.0,
        "Interest Expense": 218000000.0,
        "Interest Income": 18000000.0,
        "Normalized Income": 289550000.0,
        "Net Income From Continuing And Discontinued Operation": 313000000.0,
        "Total Expenses": 2724000000.0,
        "Total Operating Income As Reported": 517000000.0,
        "Diluted Average Shares": 207000000.0,
        "Basic Average Shares": 206000000.0,
        "Diluted EPS": 1.51,
        "Basic EPS": 1.51,
        "Diluted NI Availto Com Stockholders": 312000000.0,
        "Net Income Common Stockholders": 312000000.0,
        "Otherunder Preferred Stock Dividend": 1000000.0,
        "Net Income": 313000000.0,
        "Net Income Including Noncontrolling Interests": 313000000.0,
        "Net Income Continuous Operations": 313000000.0,
        "Tax Provision": 21000000.0,
        "Pretax Income": 334000000.0,
        "Other Income Expense": 18000000.0,
        "Other Non Operating Income Expenses": 1000000.0,
        "Special Income Charges": 19000000.0,
        "Gain On Sale Of Ppe": 1000000.0,
        "Other Special Charges": -18000000.0,
        "Earnings From Equity Interest": -8000000.0,
        "Gain On Sale Of Security": 6000000.0,
        "Net Non Operating Interest Income Expense": -200000000.0,
        "Interest Expense Non Operating": 218000000.0,
        "Interest Income Non Operating": 18000000.0,
        "Operating Income": 516000000.0,
        "Operating Expense": 545000000.0,
        "Other Operating Expenses": NaN,
        "Other Taxes": 122000000.0,
        "Depreciation Amortization Depletion Income Statement": 423000000.0,
        "Depreciation And Amortization In Income Statement": 423000000.0,
        "Selling General And Administration": 0.0,
        "General And Administrative Expense": NaN,
        "Salaries And Wages": 0.0,
        "Gross Profit": 1061000000.0,
        "Cost Of Revenue": 2179000000.0,
        "Total Revenue": 3240000000.0,
        "Operating Revenue": 3240000000.0
    },
    "2024-06-30": {
        "Tax Effect Of Unusual Items": 303000.0,
        "Tax Rate For Calcs": 0.101,
        "Normalized EBITDA": 1036000000.0,
        "Total Unusual Items": 3000000.0,
        "Total Unusual Items Excluding Goodwill": 3000000.0,
        "Net Income From Continuing Operation Net Minority Interest": 322000000.0,
        "Reconciled Depreciation": 448000000.0,
        "Reconciled Cost Of Revenue": 1802000000.0,
        "EBITDA": 1039000000.0,
        "EBIT": 591000000.0,
        "Net Interest Income": -197000000.0,
        "Interest Expense": 233000000.0,
        "Interest Income": 36000000.0,
        "Normalized Income": 319303000.0,
        "Net Income From Continuing And Discontinued Operation": 322000000.0,
        "Total Expenses": 2353000000.0,
        "Total Operating Income As Reported": 502000000.0,
        "Diluted Average Shares": 207000000.0,
        "Basic Average Shares": 207000000.0,
        "Diluted EPS": 1.55,
        "Basic EPS": 1.56,
        "Diluted NI Availto Com Stockholders": 322000000.0,
        "Net Income Common Stockholders": 322000000.0,
        "Otherunder Preferred Stock Dividend": 0.0,
        "Net Income": 322000000.0,
        "Net Income Including Noncontrolling Interests": 322000000.0,
        "Net Income Continuous Operations": 322000000.0,
        "Tax Provision": 36000000.0,
        "Pretax Income": 358000000.0,
        "Other Income Expense": 33000000.0,
        "Other Non Operating Income Expenses": -2000000.0,
        "Special Income Charges": 0.0,
        "Gain On Sale Of Ppe": 0.0,
        "Other Special Charges": NaN,
        "Earnings From Equity Interest": 32000000.0,
        "Gain On Sale Of Security": 3000000.0,
        "Net Non Operating Interest Income Expense": -197000000.0,
        "Interest Expense Non Operating": 233000000.0,
        "Interest Income Non Operating": 36000000.0,
        "Operating Income": 522000000.0,
        "Operating Expense": 530000000.0,
        "Other Operating Expenses": -20000000.0,
        "Other Taxes": 123000000.0,
        "Depreciation Amortization Depletion Income Statement": 427000000.0,
        "Depreciation And Amortization In Income Statement": 427000000.0,
        "Selling General And Administration": 0.0,
        "General And Administrative Expense": NaN,
        "Salaries And Wages": 0.0,
        "Gross Profit": 1052000000.0,
        "Cost Of Revenue": 1823000000.0,
        "Total Revenue": 2875000000.0,
        "Operating Revenue": 2875000000.0
    },
    "2024-09-30": {
        "Tax Effect Of Unusual Items": 6510000.0,
        "Tax Rate For Calcs": 0.21,
        "Normalized EBITDA": 1015000000.0,
        "Total Unusual Items": 31000000.0,
        "Total Unusual Items Excluding Goodwill": 31000000.0,
        "Net Income From Continuing Operation Net Minority Interest": 477000000.0,
        "Reconciled Depreciation": 417000000.0,
        "Reconciled Cost Of Revenue": 1853000000.0,
        "EBITDA": 1046000000.0,
        "EBIT": 608000000.0,
        "Net Interest Income": -204000000.0,
        "Interest Expense": 252000000.0,
        "Interest Income": 48000000.0,
        "Normalized Income": 452510000.0,
        "Net Income From Continuing And Discontinued Operation": 477000000.0,
        "Total Expenses": 2389000000.0,
        "Total Operating Income As Reported": 517000000.0,
        "Diluted Average Shares": 207000000.0,
        "Basic Average Shares": 207000000.0,
        "Diluted EPS": 2.3,
        "Basic EPS": 2.3,
        "Diluted NI Availto Com Stockholders": 475000000.0,
        "Net Income Common Stockholders": 475000000.0,
        "Otherunder Preferred Stock Dividend": 2000000.0,
        "Net Income": 477000000.0,
        "Net Income Including Noncontrolling Interests": 477000000.0,
        "Net Income Continuous Operations": 477000000.0,
        "Tax Provision": -121000000.0,
        "Pretax Income": 356000000.0,
        "Other Income Expense": 43000000.0,
        "Other Non Operating Income Expenses": NaN,
        "Special Income Charges": 24000000.0,
        "Gain On Sale Of Ppe": 0.0,
        "Other Special Charges": -24000000.0,
        "Earnings From Equity Interest": 12000000.0,
        "Gain On Sale Of Security": 7000000.0,
        "Net Non Operating Interest Income Expense": -204000000.0,
        "Interest Expense Non Operating": 252000000.0,
        "Interest Income Non Operating": 48000000.0,
        "Operating Income": 517000000.0,
        "Operating Expense": 557000000.0,
        "Other Operating Expenses": NaN,
        "Other Taxes": 119000000.0,
        "Depreciation Amortization Depletion Income Statement": 438000000.0,
        "Depreciation And Amortization In Income Statement": 438000000.0,
        "Selling General And Administration": 0.0,
        "General And Administrative Expense": NaN,
        "Salaries And Wages": 0.0,
        "Gross Profit": 1074000000.0,
        "Cost Of Revenue": 1832000000.0,
        "Total Revenue": 2906000000.0,
        "Operating Revenue": 2906000000.0
    }
}