{
    "2023-03-31": {
        "Tax Effect Of Unusual Items": NaN,
        "Tax Rate For Calcs": NaN,
        "Normalized EBITDA": NaN,
        "Total Unusual Items": NaN,
        "Total Unusual Items Excluding Goodwill": NaN,
        "Net Income From Continuing Operation Net Minority Interest": NaN,
        "Reconciled Depreciation": NaN,
        "Reconciled Cost Of Revenue": NaN,
        "EBITDA": NaN,
        "EBIT": NaN,
        "Net Interest Income": NaN,
        "Interest Expense": NaN,
        "Interest Income": NaN,
        "Normalized Income": NaN,
        "Net Income From Continuing And Discontinued Operation": NaN,
        "Total Expenses": NaN,
        "Rent Expense Supplemental": NaN,
        "Total Operating Income As Reported": NaN,
        "Diluted Average Shares": NaN,
        "Basic Average Shares": NaN,
        "Diluted EPS": NaN,
        "Basic EPS": NaN,
        "Diluted NI Availto Com Stockholders": NaN,
        "Net Income Common Stockholders": NaN,
        "Net Income": NaN,
        "Minority Interests": NaN,
        "Net Income Including Noncontrolling Interests": NaN,
        "Net Income Continuous Operations": NaN,
        "Tax Provision": NaN,
        "Pretax Income": NaN,
        "Other Income Expense": NaN,
        "Special Income Charges": NaN,
        "Gain On Sale Of Ppe": NaN,
        "Net Non Operating Interest Income Expense": NaN,
        "Total Other Finance Cost": -76077.0,
        "Interest Expense Non Operating": NaN,
        "Interest Income Non Operating": NaN,
        "Operating Income": NaN,
        "Operating Expense": NaN,
        "Depreciation Amortization Depletion Income Statement": NaN,
        "Depreciation And Amortization In Income Statement": NaN,
        "Selling General And Administration": NaN,
        "Selling And Marketing Expense": NaN,
        "General And Administrative Expense": NaN,
        "Other Gand A": NaN,
        "Insurance And Claims": NaN,
        "Rent And Landing Fees": NaN,
        "Salaries And Wages": NaN,
        "Gross Profit": NaN,
        "Cost Of Revenue": NaN,
        "Total Revenue": NaN,
        "Operating Revenue": NaN
    },
    "2022-12-31": {
        "Tax Effect Of Unusual Items": NaN,
        "Tax Rate For Calcs": NaN,
        "Normalized EBITDA": NaN,
        "Total Unusual Items": -2449343.0,
        "Total Unusual Items Excluding Goodwill": -2449343.0,
        "Net Income From Continuing Operation Net Minority Interest": NaN,
        "Reconciled Depreciation": NaN,
        "Reconciled Cost Of Revenue": NaN,
        "EBITDA": NaN,
        "EBIT": NaN,
        "Net Interest Income": NaN,
        "Interest Expense": -55976.0,
        "Interest Income": NaN,
        "Normalized Income": NaN,
        "Net Income From Continuing And Discontinued Operation": NaN,
        "Total Expenses": NaN,
        "Rent Expense Supplemental": NaN,
        "Total Operating Income As Reported": NaN,
        "Diluted Average Shares": NaN,
        "Basic Average Shares": NaN,
        "Diluted EPS": NaN,
        "Basic EPS": NaN,
        "Diluted NI Availto Com Stockholders": NaN,
        "Net Income Common Stockholders": NaN,
        "Net Income": NaN,
        "Minority Interests": NaN,
        "Net Income Including Noncontrolling Interests": NaN,
        "Net Income Continuous Operations": NaN,
        "Tax Provision": NaN,
        "Pretax Income": NaN,
        "Special Income Charges": -2449343.0,
        "Gain On Sale Of Ppe": 0.0,
        "Net Non Operating Interest Income Expense": NaN,
        "Total Other Finance Cost": NaN,
        "Interest Expense Non Operating": -55976.0,
        "Interest Income Non Operating": NaN,
        "Operating Income": NaN,
        "Operating Expense": NaN,
        "Depreciation Amortization Depletion Income Statement": NaN,
        "Depreciation And Amortization In Income Statement": NaN,
        "Selling General And Administration": NaN,
        "Selling And Marketing Expense": NaN,
        "General And Administrative Expense": NaN,
        "Other Gand A": NaN,
        "Insurance And Claims": NaN,
        "Rent And Landing Fees": NaN,
        "Salaries And Wages": NaN,
        "Gross Profit": NaN,
        "Cost Of Revenue": NaN,
        "Total Revenue": NaN,
        "Operating Revenue": NaN
    },
    "2022-09-30": {
        "Tax Effect Of Unusual Items": NaN,
        "Tax Rate For Calcs": NaN,
        "Normalized EBITDA": NaN,
        "Total Unusual Items": 0.0,
        "Total Unusual Items Excluding Goodwill": 0.0,
        "Net Income From Continuing Operation Net Minority Interest": NaN,
        "Reconciled Depreciation": NaN,
        "Reconciled Cost Of Revenue": NaN,
        "EBITDA": NaN,
        "EBIT": NaN,
        "Net Interest Income": NaN,
        "Interest Expense": 29739.0,
        "Interest Income": NaN,
        "Normalized Income": NaN,
        "Net Income From Continuing And Discontinued Operation": NaN,
        "Total Expenses": NaN,
        "Rent Expense Supplemental": NaN,
        "Total Operating Income As Reported": NaN,
        "Diluted Average Shares": 6822127.0,
        "Basic Average Shares": 6822127.0,
        "Diluted EPS": -0.04,
        "Basic EPS": -0.04,
        "Diluted NI Availto Com Stockholders": NaN,
        "Net Income Common Stockholders": NaN,
        "Net Income": NaN,
        "Minority Interests": NaN,
        "Net Income Including Noncontrolling Interests": NaN,
        "Net Income Continuous Operations": NaN,
        "Tax Provision": NaN,
        "Pretax Income": NaN,
        "Special Income Charges": 0.0,
        "Gain On Sale Of Ppe": 0.0,
        "Net Non Operating Interest Income Expense": NaN,
        "Total Other Finance Cost": 29739.0,
        "Interest Expense Non Operating": 29739.0,
        "Interest Income Non Operating": NaN,
        "Operating Income": NaN,
        "Operating Expense": NaN,
        "Depreciation Amortization Depletion Income Statement": NaN,
        "Depreciation And Amortization In Income Statement": NaN,
        "Selling General And Administration": NaN,
        "Selling And Marketing Expense": NaN,
        "General And Administrative Expense": NaN,
        "Other Gand A": NaN,
        "Insurance And Claims": NaN,
        "Rent And Landing Fees": NaN,
        "Salaries And Wages": NaN,
        "Gross Profit": NaN,
        "Cost Of Revenue": NaN,
        "Total Revenue": NaN,
        "Operating Revenue": NaN
    },
    "2022-06-30": {
        "Tax Effect Of Unusual Items": 0.0,
        "Tax Rate For Calcs": 0.0,
        "Normalized EBITDA": -454336.0,
        "Total Unusual Items": 0.0,
        "Total Unusual Items Excluding Goodwill": 0.0,
        "Net Income From Continuing Operation Net Minority Interest": -847044.0,
        "Reconciled Depreciation": 289251.0,
        "Reconciled Cost Of Revenue": 2761417.0,
        "EBITDA": -454336.0,
        "EBIT": -743587.0,
        "Net Interest Income": -113664.0,
        "Interest Expense": 113664.0,
        "Normalized Income": -847044.0,
        "Net Income From Continuing And Discontinued Operation": -847044.0,
        "Total Expenses": 5571336.0,
        "Rent Expense Supplemental": 55047.0,
        "Total Operating Income As Reported": -743587.0,
        "Diluted Average Shares": 6758238.0,
        "Basic Average Shares": 6758238.0,
        "Diluted EPS": -0.17,
        "Basic EPS": -0.17,
        "Diluted NI Availto Com Stockholders": -847044.0,
        "Net Income Common Stockholders": -847044.0,
        "Net Income": -847044.0,
        "Minority Interests": 10207.0,
        "Net Income Including Noncontrolling Interests": -857251.0,
        "Net Income Continuous Operations": -857251.0,
        "Tax Provision": 0.0,
        "Pretax Income": -857251.0,
        "Special Income Charges": 0.0,
        "Gain On Sale Of Ppe": 0.0,
        "Net Non Operating Interest Income Expense": -113664.0,
        "Total Other Finance Cost": NaN,
        "Interest Expense Non Operating": 113664.0,
        "Operating Income": -743587.0,
        "Operating Expense": 2594204.0,
        "Depreciation Amortization Depletion Income Statement": 73536.0,
        "Depreciation And Amortization In Income Statement": 73536.0,
        "Selling General And Administration": 2520668.0,
        "Selling And Marketing Expense": 608749.0,
        "General And Administrative Expense": 1911919.0,
        "Other Gand A": 451155.0,
        "Insurance And Claims": NaN,
        "Rent And Landing Fees": 55047.0,
        "Salaries And Wages": 1405717.0,
        "Gross Profit": 1850617.0,
        "Cost Of Revenue": 2977132.0,
        "Total Revenue": 4827749.0,
        "Operating Revenue": 4798337.0
    },
    "2022-03-31": {
        "Diluted EPS": 0.02,
        "Total Revenue": 9,
        "Gross Profit": 3,
        "Operating Income": 0,
        "EBIT": 1,
        "Net Income": 0
    },
    "2021-12-31": {
        "Diluted EPS": -0.01,
        "Total Revenue": 5,
        "Gross Profit": 2,
        "Operating Income": 0,
        "EBIT": 0,
        "Net Income": 0
    },
    "2021-09-30": {
        "Diluted EPS": 0.02,
        "Total Revenue": 4,
        "Gross Profit": 2,
        "Operating Income": 0,
        "EBIT": 0,
        "Net Income": 0
    },
    "2021-06-30": {
        "Diluted EPS": 0.03,
        "Total Revenue": 4,
        "Gross Profit": 2,
        "Operating Income": 0,
        "EBIT": 0,
        "Net Income": 0
    },
    "2021-03-31": {
        "Diluted EPS": -0.01,
        "Total Revenue": 3,
        "Gross Profit": 1,
        "Operating Income": 0,
        "EBIT": 0,
        "Net Income": 0
    },
    "2020-12-31": {
        "Diluted EPS": -0.01,
        "Total Revenue": 2,
        "Gross Profit": 1,
        "Operating Income": 0,
        "EBIT": 0,
        "Net Income": 0
    },
    "2020-09-30": {
        "Diluted EPS": 0.0,
        "Total Revenue": 3,
        "Gross Profit": 1,
        "Operating Income": 0,
        "EBIT": 0,
        "Net Income": 0
    },
    "2020-06-30": {
        "Diluted EPS": 0.05,
        "Total Revenue": 2,
        "Gross Profit": 1,
        "Operating Income": 0,
        "EBIT": 0,
        "Net Income": 0
    },
    "2020-03-31": {
        "Diluted EPS": -0.02,
        "Total Revenue": 2,
        "Gross Profit": 1,
        "Operating Income": 0,
        "EBIT": 0,
        "Net Income": 0
    },
    "2019-12-31": {
        "Diluted EPS": 0.0,
        "Total Revenue": 2,
        "Gross Profit": 1,
        "Operating Income": 0,
        "EBIT": 0,
        "Net Income": 0
    },
    "2019-09-30": {
        "Diluted EPS": 0.0,
        "Total Revenue": 2,
        "Gross Profit": 1,
        "Operating Income": 0,
        "EBIT": 0,
        "Net Income": 0
    },
    "2019-06-30": {
        "Diluted EPS": 0.0,
        "Total Revenue": 2,
        "Gross Profit": 1,
        "Operating Income": 0,
        "EBIT": 0,
        "Net Income": 0
    },
    "2019-03-31": {
        "Diluted EPS": 0.0,
        "Total Revenue": 2,
        "Gross Profit": 1,
        "Operating Income": 0,
        "EBIT": 0,
        "Net Income": 0
    },
    "2018-12-31": {
        "Diluted EPS": 0.0,
        "Total Revenue": 2,
        "Gross Profit": 1,
        "Operating Income": 0,
        "EBIT": 0,
        "Net Income": 0
    },
    "2018-09-30": {
        "Diluted EPS": 0.0,
        "Total Revenue": 3,
        "Gross Profit": 1,
        "Operating Income": 0,
        "EBIT": 0,
        "Net Income": 0
    },
    "2018-06-30": {
        "Diluted EPS": 0.0,
        "Total Revenue": 3,
        "Gross Profit": 1,
        "Operating Income": 0,
        "EBIT": 0,
        "Net Income": 0
    },
    "2018-03-31": {
        "Diluted EPS": 0.0,
        "Total Revenue": 2,
        "Gross Profit": 1,
        "Operating Income": 0,
        "EBIT": 0,
        "Net Income": 0
    },
    "2017-12-31": {
        "Diluted EPS": -0.0,
        "Total Revenue": 2,
        "Gross Profit": 1,
        "Operating Income": -1,
        "EBIT": 0,
        "Net Income": -1
    },
    "2017-09-30": {
        "Diluted EPS": 0.0,
        "Total Revenue": 2,
        "Gross Profit": 1,
        "Operating Income": 0,
        "EBIT": 0,
        "Net Income": 0
    },
    "2017-06-30": {
        "Diluted EPS": 0.0,
        "Total Revenue": 2,
        "Gross Profit": 1,
        "Operating Income": 0,
        "EBIT": 0,
        "Net Income": 0
    },
    "2017-03-31": {
        "Diluted EPS": 0.0,
        "Total Revenue": 2,
        "Gross Profit": 1,
        "Operating Income": 0,
        "EBIT": 0,
        "Net Income": 0
    },
    "2016-12-31": {
        "Diluted EPS": 0.19,
        "Total Revenue": 1,
        "Gross Profit": 0,
        "Operating Income": 0,
        "EBIT": 0,
        "Net Income": 0
    },
    "2016-09-30": {
        "Diluted EPS": -0.4,
        "Total Revenue": 1,
        "Gross Profit": 0,
        "Operating Income": 0,
        "EBIT": 0,
        "Net Income": 0
    },
    "2016-06-30": {
        "Diluted EPS": -0.4,
        "Total Revenue": 1,
        "Gross Profit": 0,
        "Operating Income": 0,
        "EBIT": 0,
        "Net Income": 0
    },
    "2016-03-31": {
        "Diluted EPS": -0.19,
        "Total Revenue": 1,
        "Gross Profit": 0,
        "Operating Income": 0,
        "EBIT": 0,
        "Net Income": 0
    },
    "2015-12-31": {
        "Diluted EPS": 0.0,
        "Total Revenue": 1,
        "Gross Profit": 0,
        "Operating Income": 0,
        "EBIT": 0,
        "Net Income": 0
    },
    "2015-09-30": {
        "Diluted EPS": 0.0,
        "Total Revenue": 1,
        "Gross Profit": 0,
        "Operating Income": 0,
        "EBIT": 0,
        "Net Income": 0
    },
    "2015-06-30": {
        "Diluted EPS": -0.4,
        "Total Revenue": 1,
        "Gross Profit": 0,
        "Operating Income": 0,
        "EBIT": 0,
        "Net Income": 0
    },
    "2015-03-31": {
        "Diluted EPS": -0.4,
        "Total Revenue": 1,
        "Gross Profit": 0,
        "Operating Income": 0,
        "EBIT": 0,
        "Net Income": 0
    },
    "2014-12-31": {
        "Diluted EPS": 0.8,
        "Total Revenue": 1,
        "Gross Profit": 0,
        "Operating Income": 0,
        "EBIT": 0,
        "Net Income": 0
    },
    "2014-09-30": {
        "Diluted EPS": -0.4,
        "Total Revenue": 1,
        "Gross Profit": 0,
        "Operating Income": 0,
        "EBIT": 0,
        "Net Income": 0
    },
    "2014-06-30": {
        "Diluted EPS": -0.4,
        "Total Revenue": 1,
        "Gross Profit": 0,
        "Operating Income": 0,
        "EBIT": 0,
        "Net Income": 0
    },
    "2014-03-31": {
        "Diluted EPS": -0.4,
        "Total Revenue": 1,
        "Gross Profit": 0,
        "Operating Income": 0,
        "EBIT": 0,
        "Net Income": 0
    },
    "2013-12-31": {
        "Diluted EPS": 0.0,
        "Total Revenue": 1,
        "Gross Profit": 1,
        "Operating Income": 0,
        "EBIT": 0,
        "Net Income": 0
    },
    "2013-09-30": {
        "Diluted EPS": -0.4,
        "Total Revenue": 1,
        "Gross Profit": 1,
        "Operating Income": 0,
        "EBIT": 0,
        "Net Income": 0
    },
    "2013-06-30": {
        "Diluted EPS": -0.4,
        "Total Revenue": 1,
        "Gross Profit": 1,
        "Operating Income": 0,
        "EBIT": 0,
        "Net Income": 0
    },
    "2013-03-31": {
        "Diluted EPS": -0.4,
        "Total Revenue": 1,
        "Gross Profit": 0,
        "Operating Income": 0,
        "EBIT": 0,
        "Net Income": 0
    },
    "2012-12-31": {
        "Diluted EPS": -0.8,
        "Total Revenue": 1,
        "Gross Profit": 0,
        "Operating Income": -1,
        "EBIT": 0,
        "Net Income": -1
    },
    "2012-09-30": {
        "Diluted EPS": -0.4,
        "Total Revenue": 1,
        "Gross Profit": 0,
        "Operating Income": 0,
        "EBIT": 0,
        "Net Income": 0
    },
    "2012-06-30": {
        "Diluted EPS": -1.2,
        "Total Revenue": 1,
        "Gross Profit": 0,
        "Operating Income": -1,
        "EBIT": -1,
        "Net Income": -1
    },
    "2012-03-31": {
        "Diluted EPS": -0.8,
        "Total Revenue": 1,
        "Gross Profit": 0,
        "Operating Income": -1,
        "EBIT": 0,
        "Net Income": -1
    },
    "2011-12-31": {
        "Diluted EPS": -2.2,
        "Total Revenue": 1,
        "Gross Profit": 0,
        "Operating Income": -1,
        "EBIT": 0,
        "Net Income": -1
    },
    "2011-09-30": {
        "Diluted EPS": -1.2,
        "Total Revenue": 1,
        "Gross Profit": 0,
        "Operating Income": -1,
        "EBIT": 0,
        "Net Income": -1
    },
    "2011-06-30": {
        "Diluted EPS": -1.0,
        "Total Revenue": 1,
        "Gross Profit": 0,
        "Operating Income": 0,
        "EBIT": 0,
        "Net Income": -1
    },
    "2011-03-31": {
        "Diluted EPS": -0.8,
        "Total Revenue": 1,
        "Gross Profit": 0,
        "Operating Income": 0,
        "EBIT": 0,
        "Net Income": 0
    },
    "2010-12-31": {
        "Diluted EPS": -2.52,
        "Total Revenue": 1,
        "Gross Profit": 0,
        "Operating Income": -1,
        "EBIT": -1,
        "Net Income": -1
    },
    "2010-09-30": {
        "Diluted EPS": -0.8,
        "Total Revenue": 1,
        "Gross Profit": 0,
        "Operating Income": 0,
        "EBIT": 0,
        "Net Income": 0
    },
    "2010-06-30": {
        "Diluted EPS": -0.68,
        "Total Revenue": 1,
        "Gross Profit": 0,
        "Operating Income": 0,
        "EBIT": 0,
        "Net Income": 0
    },
    "2010-03-31": {
        "Diluted EPS": -0.8,
        "Total Revenue": 0,
        "Gross Profit": 0,
        "Operating Income": 0,
        "EBIT": 0,
        "Net Income": 0
    },
    "2023-06-30": {
        "Tax Effect Of Unusual Items": NaN,
        "Tax Rate For Calcs": NaN,
        "Normalized EBITDA": NaN,
        "Total Unusual Items": NaN,
        "Total Unusual Items Excluding Goodwill": NaN,
        "Net Income From Continuing Operation Net Minority Interest": NaN,
        "Reconciled Depreciation": NaN,
        "Reconciled Cost Of Revenue": NaN,
        "EBITDA": NaN,
        "EBIT": NaN,
        "Net Interest Income": NaN,
        "Interest Expense": 20764.0,
        "Interest Income": 120058.0,
        "Normalized Income": NaN,
        "Net Income From Continuing And Discontinued Operation": NaN,
        "Total Expenses": NaN,
        "Rent Expense Supplemental": NaN,
        "Total Operating Income As Reported": NaN,
        "Diluted Average Shares": 7022275.0,
        "Basic Average Shares": 6834627.0,
        "Diluted EPS": 0.03,
        "Basic EPS": 0.03,
        "Diluted NI Availto Com Stockholders": NaN,
        "Net Income Common Stockholders": NaN,
        "Net Income": NaN,
        "Minority Interests": NaN,
        "Net Income Including Noncontrolling Interests": NaN,
        "Net Income Continuous Operations": NaN,
        "Tax Provision": NaN,
        "Pretax Income": NaN,
        "Other Income Expense": NaN,
        "Special Income Charges": NaN,
        "Gain On Sale Of Ppe": NaN,
        "Net Non Operating Interest Income Expense": NaN,
        "Total Other Finance Cost": -99294.0,
        "Interest Expense Non Operating": 20764.0,
        "Interest Income Non Operating": 120058.0,
        "Operating Income": NaN,
        "Operating Expense": NaN,
        "Depreciation Amortization Depletion Income Statement": NaN,
        "Depreciation And Amortization In Income Statement": NaN,
        "Selling General And Administration": NaN,
        "Selling And Marketing Expense": NaN,
        "General And Administrative Expense": NaN,
        "Other Gand A": NaN,
        "Insurance And Claims": NaN,
        "Rent And Landing Fees": NaN,
        "Salaries And Wages": NaN,
        "Gross Profit": NaN,
        "Cost Of Revenue": NaN,
        "Total Revenue": NaN,
        "Operating Revenue": NaN
    },
    "2023-09-30": {
        "Tax Effect Of Unusual Items": NaN,
        "Tax Rate For Calcs": NaN,
        "Normalized EBITDA": NaN,
        "Total Unusual Items": 0.0,
        "Total Unusual Items Excluding Goodwill": 0.0,
        "Net Income From Continuing Operation Net Minority Interest": NaN,
        "Reconciled Depreciation": NaN,
        "Reconciled Cost Of Revenue": NaN,
        "EBITDA": NaN,
        "EBIT": NaN,
        "Net Interest Income": NaN,
        "Interest Expense": NaN,
        "Interest Income": NaN,
        "Normalized Income": NaN,
        "Net Income From Continuing And Discontinued Operation": NaN,
        "Total Expenses": NaN,
        "Rent Expense Supplemental": NaN,
        "Total Operating Income As Reported": NaN,
        "Diluted Average Shares": 7246250.0,
        "Basic Average Shares": 6847264.0,
        "Diluted EPS": 0.02,
        "Basic EPS": 0.03,
        "Diluted NI Availto Com Stockholders": NaN,
        "Net Income Common Stockholders": NaN,
        "Net Income": NaN,
        "Minority Interests": NaN,
        "Net Income Including Noncontrolling Interests": NaN,
        "Net Income Continuous Operations": NaN,
        "Tax Provision": NaN,
        "Pretax Income": NaN,
        "Other Income Expense": NaN,
        "Special Income Charges": 0.0,
        "Gain On Sale Of Ppe": 0.0,
        "Net Non Operating Interest Income Expense": NaN,
        "Total Other Finance Cost": -143597.0,
        "Interest Expense Non Operating": NaN,
        "Interest Income Non Operating": NaN,
        "Operating Income": NaN,
        "Operating Expense": NaN,
        "Depreciation Amortization Depletion Income Statement": NaN,
        "Depreciation And Amortization In Income Statement": NaN,
        "Selling General And Administration": NaN,
        "Selling And Marketing Expense": NaN,
        "General And Administrative Expense": NaN,
        "Other Gand A": NaN,
        "Insurance And Claims": NaN,
        "Rent And Landing Fees": NaN,
        "Salaries And Wages": NaN,
        "Gross Profit": NaN,
        "Cost Of Revenue": NaN,
        "Total Revenue": NaN,
        "Operating Revenue": NaN
    },
    "2023-12-31": {
        "Tax Effect Of Unusual Items": 0.0,
        "Tax Rate For Calcs": 0.0,
        "Normalized EBITDA": 667361.0,
        "Total Unusual Items": NaN,
        "Total Unusual Items Excluding Goodwill": NaN,
        "Net Income From Continuing Operation Net Minority Interest": -74925.0,
        "Reconciled Depreciation": 373414.0,
        "Reconciled Cost Of Revenue": 3310247.0,
        "EBITDA": 667361.0,
        "EBIT": 293947.0,
        "Net Interest Income": 148759.0,
        "Interest Expense": NaN,
        "Interest Income": NaN,
        "Normalized Income": -74925.0,
        "Net Income From Continuing And Discontinued Operation": -74925.0,
        "Total Expenses": 6437119.0,
        "Rent Expense Supplemental": 57753.0,
        "Total Operating Income As Reported": -248282.0,
        "Diluted Average Shares": NaN,
        "Basic Average Shares": NaN,
        "Diluted EPS": NaN,
        "Basic EPS": NaN,
        "Diluted NI Availto Com Stockholders": -74925.0,
        "Net Income Common Stockholders": -74925.0,
        "Net Income": -74925.0,
        "Minority Interests": 24598.0,
        "Net Income Including Noncontrolling Interests": -99523.0,
        "Net Income Continuous Operations": -99523.0,
        "Tax Provision": 0.0,
        "Pretax Income": -99523.0,
        "Other Income Expense": NaN,
        "Special Income Charges": NaN,
        "Gain On Sale Of Ppe": NaN,
        "Net Non Operating Interest Income Expense": 148759.0,
        "Total Other Finance Cost": NaN,
        "Interest Expense Non Operating": NaN,
        "Interest Income Non Operating": NaN,
        "Operating Income": -248282.0,
        "Operating Expense": 2825754.0,
        "Depreciation Amortization Depletion Income Statement": 72296.0,
        "Depreciation And Amortization In Income Statement": 72296.0,
        "Selling General And Administration": 2753458.0,
        "Selling And Marketing Expense": -766290.0,
        "General And Administrative Expense": 3519748.0,
        "Other Gand A": 1994982.0,
        "Insurance And Claims": 31425.0,
        "Rent And Landing Fees": 57753.0,
        "Salaries And Wages": 1435588.0,
        "Gross Profit": 2577472.0,
        "Cost Of Revenue": 3611365.0,
        "Total Revenue": 6188837.0,
        "Operating Revenue": 6150955.0
    },
    "2024-03-31": {
        "Tax Effect Of Unusual Items": 0.0,
        "Tax Rate For Calcs": 0.0,
        "Normalized EBITDA": 652362.0,
        "Total Unusual Items": NaN,
        "Total Unusual Items Excluding Goodwill": NaN,
        "Net Income From Continuing Operation Net Minority Interest": 357102.0,
        "Reconciled Depreciation": 295198.0,
        "Reconciled Cost Of Revenue": 5046205.0,
        "EBITDA": 652362.0,
        "EBIT": 357164.0,
        "Net Interest Income": 132109.0,
        "Interest Expense": 11260.0,
        "Interest Income": 143369.0,
        "Normalized Income": 357102.0,
        "Net Income From Continuing And Discontinued Operation": 357102.0,
        "Total Expenses": 8021952.0,
        "Rent Expense Supplemental": 59688.0,
        "Total Operating Income As Reported": 213795.0,
        "Diluted Average Shares": 7259472.0,
        "Basic Average Shares": 7090389.0,
        "Diluted EPS": 0.05,
        "Basic EPS": 0.05,
        "Diluted NI Availto Com Stockholders": 357102.0,
        "Net Income Common Stockholders": 357102.0,
        "Net Income": 357102.0,
        "Minority Interests": 11198.0,
        "Net Income Including Noncontrolling Interests": 345904.0,
        "Net Income Continuous Operations": 345904.0,
        "Tax Provision": 0.0,
        "Pretax Income": 345904.0,
        "Other Income Expense": NaN,
        "Special Income Charges": NaN,
        "Gain On Sale Of Ppe": NaN,
        "Net Non Operating Interest Income Expense": 132109.0,
        "Interest Expense Non Operating": 11260.0,
        "Interest Income Non Operating": 143369.0,
        "Operating Income": 213795.0,
        "Operating Expense": 2752677.0,
        "Depreciation Amortization Depletion Income Statement": 72128.0,
        "Depreciation And Amortization In Income Statement": 72128.0,
        "Selling General And Administration": 2680549.0,
        "Selling And Marketing Expense": 646823.0,
        "General And Administrative Expense": 2033726.0,
        "Other Gand A": 585854.0,
        "Insurance And Claims": 31796.0,
        "Rent And Landing Fees": 59688.0,
        "Salaries And Wages": 1356388.0,
        "Gross Profit": 2966472.0,
        "Cost Of Revenue": 5269275.0,
        "Total Revenue": 8235747.0,
        "Operating Revenue": 8157416.0
    },
    "2024-06-30": {
        "Tax Effect Of Unusual Items": 0.0,
        "Tax Rate For Calcs": 0.0,
        "Normalized EBITDA": 102966.0,
        "Total Unusual Items": NaN,
        "Total Unusual Items Excluding Goodwill": NaN,
        "Net Income From Continuing Operation Net Minority Interest": -244240.0,
        "Reconciled Depreciation": 339311.0,
        "Reconciled Cost Of Revenue": 2234655.0,
        "EBITDA": 102966.0,
        "EBIT": -236345.0,
        "Net Interest Income": 142181.0,
        "Interest Expense": 10260.0,
        "Interest Income": 152441.0,
        "Normalized Income": -244240.0,
        "Net Income From Continuing And Discontinued Operation": -244240.0,
        "Total Expenses": 5299278.0,
        "Rent Expense Supplemental": 84835.0,
        "Total Operating Income As Reported": -388786.0,
        "Diluted Average Shares": 6973068.0,
        "Basic Average Shares": 6973068.0,
        "Diluted EPS": -0.04,
        "Basic EPS": -0.04,
        "Diluted NI Availto Com Stockholders": -244240.0,
        "Net Income Common Stockholders": -244240.0,
        "Net Income": -244240.0,
        "Minority Interests": 2365.0,
        "Net Income Including Noncontrolling Interests": -246605.0,
        "Net Income Continuous Operations": -246605.0,
        "Tax Provision": 0.0,
        "Pretax Income": -246605.0,
        "Other Income Expense": NaN,
        "Special Income Charges": NaN,
        "Gain On Sale Of Ppe": NaN,
        "Net Non Operating Interest Income Expense": 142181.0,
        "Interest Expense Non Operating": 10260.0,
        "Interest Income Non Operating": 152441.0,
        "Operating Income": -388786.0,
        "Operating Expense": 2796679.0,
        "Depreciation Amortization Depletion Income Statement": 71367.0,
        "Depreciation And Amortization In Income Statement": 71367.0,
        "Selling General And Administration": 2725312.0,
        "Selling And Marketing Expense": 548117.0,
        "General And Administrative Expense": 2177195.0,
        "Other Gand A": 741029.0,
        "Insurance And Claims": 32070.0,
        "Rent And Landing Fees": 84835.0,
        "Salaries And Wages": 1319261.0,
        "Gross Profit": 2407893.0,
        "Cost Of Revenue": 2502599.0,
        "Total Revenue": 4910492.0,
        "Operating Revenue": 4866367.0
    },
    "2024-09-30": {
        "Tax Effect Of Unusual Items": 0.0,
        "Tax Rate For Calcs": 0.0,
        "Normalized EBITDA": 492204.0,
        "Total Unusual Items": -1599.0,
        "Total Unusual Items Excluding Goodwill": -1599.0,
        "Net Income From Continuing Operation Net Minority Interest": 122397.0,
        "Reconciled Depreciation": 357264.0,
        "Reconciled Cost Of Revenue": 3011271.0,
        "EBITDA": 490605.0,
        "EBIT": 133341.0,
        "Net Interest Income": 150955.0,
        "Interest Expense": 9815.0,
        "Interest Income": 160770.0,
        "Normalized Income": 123996.0,
        "Net Income From Continuing And Discontinued Operation": 122397.0,
        "Total Expenses": 5834665.0,
        "Rent Expense Supplemental": 56896.0,
        "Total Operating Income As Reported": -25830.0,
        "Diluted Average Shares": 7340545.0,
        "Basic Average Shares": 6999447.0,
        "Diluted EPS": 0.02,
        "Basic EPS": 0.02,
        "Diluted NI Availto Com Stockholders": 122397.0,
        "Net Income Common Stockholders": 122397.0,
        "Net Income": 122397.0,
        "Minority Interests": -1129.0,
        "Net Income Including Noncontrolling Interests": 123526.0,
        "Net Income Continuous Operations": 123526.0,
        "Tax Provision": 0.0,
        "Pretax Income": 123526.0,
        "Other Income Expense": -1599.0,
        "Special Income Charges": -1599.0,
        "Gain On Sale Of Ppe": -1599.0,
        "Net Non Operating Interest Income Expense": 150955.0,
        "Interest Expense Non Operating": 9815.0,
        "Interest Income Non Operating": 160770.0,
        "Operating Income": -25830.0,
        "Operating Expense": 2537501.0,
        "Depreciation Amortization Depletion Income Statement": 71371.0,
        "Depreciation And Amortization In Income Statement": 71371.0,
        "Selling General And Administration": 2466130.0,
        "Selling And Marketing Expense": 144755.0,
        "General And Administrative Expense": 2321375.0,
        "Other Gand A": 927626.0,
        "Insurance And Claims": 32281.0,
        "Rent And Landing Fees": 56896.0,
        "Salaries And Wages": 1304572.0,
        "Gross Profit": 2511671.0,
        "Cost Of Revenue": 3297164.0,
        "Total Revenue": 5808835.0,
        "Operating Revenue": 5764958.0
    },
    "2024-12-31": {
        "Tax Effect Of Unusual Items": 0.0,
        "Tax Rate For Calcs": 0.118535,
        "Normalized EBITDA": 775416.0,
        "Total Unusual Items": 0.0,
        "Total Unusual Items Excluding Goodwill": 0.0,
        "Net Income From Continuing Operation Net Minority Interest": 287955.0,
        "Reconciled Depreciation": 358465.0,
        "Reconciled Cost Of Revenue": 2910948.0,
        "EBITDA": 775416.0,
        "EBIT": 416951.0,
        "Net Interest Income": 48566.0,
        "Interest Expense": 87673.0,
        "Interest Income": 136239.0,
        "Normalized Income": 287955.0,
        "Net Income From Continuing And Discontinued Operation": 287955.0,
        "Total Expenses": 6135517.0,
        "Rent Expense Supplemental": 41328.0,
        "Total Operating Income As Reported": 280712.0,
        "Diluted Average Shares": NaN,
        "Basic Average Shares": NaN,
        "Diluted EPS": NaN,
        "Basic EPS": NaN,
        "Diluted NI Availto Com Stockholders": 287955.0,
        "Net Income Common Stockholders": 287955.0,
        "Net Income": 287955.0,
        "Minority Interests": -2292.0,
        "Net Income Including Noncontrolling Interests": 290247.0,
        "Net Income Continuous Operations": 290247.0,
        "Tax Provision": 39031.0,
        "Pretax Income": 329278.0,
        "Other Income Expense": 0.0,
        "Special Income Charges": 0.0,
        "Gain On Sale Of Ppe": 0.0,
        "Net Non Operating Interest Income Expense": 48566.0,
        "Interest Expense Non Operating": 87673.0,
        "Interest Income Non Operating": 136239.0,
        "Operating Income": 280712.0,
        "Operating Expense": 2936619.0,
        "Depreciation Amortization Depletion Income Statement": 70515.0,
        "Depreciation And Amortization In Income Statement": 70515.0,
        "Selling General And Administration": 2866104.0,
        "Selling And Marketing Expense": 123115.0,
        "General And Administrative Expense": 2742989.0,
        "Other Gand A": 1064107.0,
        "Insurance And Claims": 32599.0,
        "Rent And Landing Fees": 41328.0,
        "Salaries And Wages": 1604955.0,
        "Gross Profit": 3217331.0,
        "Cost Of Revenue": 3198898.0,
        "Total Revenue": 6416229.0,
        "Operating Revenue": 6373982.0
    },
    "2025-03-31": {
        "Tax Effect Of Unusual Items": 0.0,
        "Tax Rate For Calcs": 0.0,
        "Normalized EBITDA": 391776.0,
        "Total Unusual Items": NaN,
        "Total Unusual Items Excluding Goodwill": NaN,
        "Net Income From Continuing Operation Net Minority Interest": 24078.0,
        "Reconciled Depreciation": 363379.0,
        "Reconciled Cost Of Revenue": 4931300.0,
        "EBITDA": 391776.0,
        "EBIT": 28397.0,
        "Net Interest Income": 118897.0,
        "Interest Expense": 2009.0,
        "Interest Income": 120906.0,
        "Normalized Income": 24078.0,
        "Net Income From Continuing And Discontinued Operation": 24078.0,
        "Total Expenses": 8176265.0,
        "Rent Expense Supplemental": 34194.0,
        "Total Operating Income As Reported": -92509.0,
        "Diluted Average Shares": 7405672.0,
        "Basic Average Shares": 7077913.0,
        "Diluted EPS": 0.0,
        "Basic EPS": 0.0,
        "Diluted NI Availto Com Stockholders": 24078.0,
        "Net Income Common Stockholders": 24078.0,
        "Net Income": 24078.0,
        "Minority Interests": -2310.0,
        "Net Income Including Noncontrolling Interests": 26388.0,
        "Net Income Continuous Operations": 26388.0,
        "Tax Provision": 0.0,
        "Pretax Income": 26388.0,
        "Other Income Expense": NaN,
        "Special Income Charges": NaN,
        "Gain On Sale Of Ppe": NaN,
        "Net Non Operating Interest Income Expense": 118897.0,
        "Interest Expense Non Operating": 2009.0,
        "Interest Income Non Operating": 120906.0,
        "Operating Income": -92509.0,
        "Operating Expense": 2952405.0,
        "Depreciation Amortization Depletion Income Statement": 70819.0,
        "Depreciation And Amortization In Income Statement": 70819.0,
        "Selling General And Administration": 2881586.0,
        "Selling And Marketing Expense": 541173.0,
        "General And Administrative Expense": 2340413.0,
        "Other Gand A": 599346.0,
        "Insurance And Claims": 32676.0,
        "Rent And Landing Fees": 34194.0,
        "Salaries And Wages": 1674197.0,
        "Gross Profit": 2859896.0,
        "Cost Of Revenue": 5223860.0,
        "Total Revenue": 8083756.0,
        "Operating Revenue": 8043719.0
    }
}