{
    "2023-03-31": {
        "Tax Effect Of Unusual Items": NaN,
        "Tax Rate For Calcs": NaN,
        "Normalized EBITDA": NaN,
        "Total Unusual Items": NaN,
        "Total Unusual Items Excluding Goodwill": NaN,
        "Net Income From Continuing Operation Net Minority Interest": NaN,
        "Reconciled Depreciation": NaN,
        "Reconciled Cost Of Revenue": NaN,
        "EBITDA": NaN,
        "EBIT": NaN,
        "Net Interest Income": NaN,
        "Interest Expense": NaN,
        "Normalized Income": NaN,
        "Net Income From Continuing And Discontinued Operation": NaN,
        "Total Expenses": NaN,
        "Total Operating Income As Reported": NaN,
        "Diluted Average Shares": 770000000.0,
        "Basic Average Shares": 770000000.0,
        "Diluted EPS": 1.01,
        "Basic EPS": 1.01,
        "Diluted NI Availto Com Stockholders": NaN,
        "Net Income Common Stockholders": NaN,
        "Preferred Stock Dividends": NaN,
        "Net Income": NaN,
        "Minority Interests": NaN,
        "Net Income Including Noncontrolling Interests": NaN,
        "Net Income Discontinuous Operations": NaN,
        "Net Income Continuous Operations": NaN,
        "Tax Provision": NaN,
        "Pretax Income": NaN,
        "Other Income Expense": NaN,
        "Other Non Operating Income Expenses": NaN,
        "Special Income Charges": NaN,
        "Gain On Sale Of Ppe": NaN,
        "Write Off": NaN,
        "Earnings From Equity Interest": NaN,
        "Net Non Operating Interest Income Expense": NaN,
        "Interest Expense Non Operating": NaN,
        "Operating Income": NaN,
        "Operating Expense": NaN,
        "Other Taxes": NaN,
        "Depreciation Amortization Depletion Income Statement": NaN,
        "Depreciation And Amortization In Income Statement": NaN,
        "Gross Profit": NaN,
        "Cost Of Revenue": NaN,
        "Total Revenue": NaN,
        "Operating Revenue": NaN
    },
    "2022-12-31": {
        "Tax Effect Of Unusual Items": -3966122.961104,
        "Tax Rate For Calcs": 0.136763,
        "Normalized EBITDA": 2879000000.0,
        "Total Unusual Items": -29000000.0,
        "Total Unusual Items Excluding Goodwill": -29000000.0,
        "Net Income From Continuing Operation Net Minority Interest": 710000000.0,
        "Reconciled Depreciation": 1429000000.0,
        "Reconciled Cost Of Revenue": 3715000000.0,
        "EBITDA": 2850000000.0,
        "EBIT": 1421000000.0,
        "Net Interest Income": -597000000.0,
        "Interest Expense": 624000000.0,
        "Normalized Income": 735033877.038896,
        "Net Income From Continuing And Discontinued Operation": -636000000.0,
        "Total Expenses": 5461000000.0,
        "Total Operating Income As Reported": 1296000000.0,
        "Diluted Average Shares": NaN,
        "Basic Average Shares": NaN,
        "Diluted EPS": NaN,
        "Basic EPS": NaN,
        "Diluted NI Availto Com Stockholders": -637000000.0,
        "Net Income Common Stockholders": -637000000.0,
        "Preferred Stock Dividends": 26000000.0,
        "Net Income": -636000000.0,
        "Minority Interests": 22000000.0,
        "Net Income Including Noncontrolling Interests": -658000000.0,
        "Net Income Discontinuous Operations": -1346000000.0,
        "Net Income Continuous Operations": 688000000.0,
        "Tax Provision": 109000000.0,
        "Pretax Income": 797000000.0,
        "Other Income Expense": -128000000.0,
        "Other Non Operating Income Expenses": -125000000.0,
        "Special Income Charges": -29000000.0,
        "Gain On Sale Of Ppe": 6000000.0,
        "Write Off": 232000000.0,
        "Earnings From Equity Interest": 26000000.0,
        "Net Non Operating Interest Income Expense": -597000000.0,
        "Interest Expense Non Operating": 624000000.0,
        "Operating Income": 1522000000.0,
        "Operating Expense": 1417000000.0,
        "Other Taxes": 317000000.0,
        "Depreciation Amortization Depletion Income Statement": 1100000000.0,
        "Depreciation And Amortization In Income Statement": 1100000000.0,
        "Gross Profit": 2939000000.0,
        "Cost Of Revenue": 4044000000.0,
        "Total Revenue": 6983000000.0,
        "Operating Revenue": 6983000000.0
    },
    "2022-09-30": {
        "Tax Effect Of Unusual Items": NaN,
        "Tax Rate For Calcs": NaN,
        "Normalized EBITDA": NaN,
        "Total Unusual Items": NaN,
        "Total Unusual Items Excluding Goodwill": NaN,
        "Net Income From Continuing Operation Net Minority Interest": NaN,
        "Reconciled Depreciation": NaN,
        "Reconciled Cost Of Revenue": NaN,
        "EBITDA": NaN,
        "EBIT": NaN,
        "Net Interest Income": NaN,
        "Interest Expense": NaN,
        "Normalized Income": NaN,
        "Net Income From Continuing And Discontinued Operation": NaN,
        "Total Expenses": NaN,
        "Total Operating Income As Reported": NaN,
        "Diluted Average Shares": 770000000.0,
        "Basic Average Shares": 770000000.0,
        "Diluted EPS": 1.81,
        "Basic EPS": 1.81,
        "Diluted NI Availto Com Stockholders": NaN,
        "Net Income Common Stockholders": NaN,
        "Otherunder Preferred Stock Dividend": 24000000.0,
        "Preferred Stock Dividends": NaN,
        "Net Income": NaN,
        "Minority Interests": NaN,
        "Net Income Including Noncontrolling Interests": NaN,
        "Net Income Discontinuous Operations": NaN,
        "Net Income Continuous Operations": NaN,
        "Tax Provision": NaN,
        "Pretax Income": NaN,
        "Other Income Expense": NaN,
        "Other Non Operating Income Expenses": NaN,
        "Special Income Charges": NaN,
        "Gain On Sale Of Ppe": NaN,
        "Write Off": NaN,
        "Earnings From Equity Interest": NaN,
        "Net Non Operating Interest Income Expense": NaN,
        "Interest Expense Non Operating": NaN,
        "Operating Income": NaN,
        "Operating Expense": NaN,
        "Other Taxes": NaN,
        "Depreciation Amortization Depletion Income Statement": NaN,
        "Depreciation And Amortization In Income Statement": NaN,
        "Gross Profit": NaN,
        "Cost Of Revenue": NaN,
        "Total Revenue": NaN,
        "Operating Revenue": NaN
    },
    "2022-06-30": {
        "Tax Effect Of Unusual Items": 1367816.091954,
        "Tax Rate For Calcs": 0.08046,
        "Normalized EBITDA": 2990000000.0,
        "Total Unusual Items": 17000000.0,
        "Total Unusual Items Excluding Goodwill": 17000000.0,
        "Net Income From Continuing Operation Net Minority Interest": 907000000.0,
        "Reconciled Depreciation": 1443000000.0,
        "Reconciled Cost Of Revenue": 3467000000.0,
        "EBITDA": 3007000000.0,
        "EBIT": 1564000000.0,
        "Net Interest Income": -607000000.0,
        "Interest Expense": 607000000.0,
        "Normalized Income": 891367816.091954,
        "Net Income From Continuing And Discontinued Operation": 907000000.0,
        "Total Expenses": 5289000000.0,
        "Total Operating Income As Reported": 1413000000.0,
        "Diluted Average Shares": 770000000.0,
        "Basic Average Shares": 770000000.0,
        "Diluted EPS": 1.14,
        "Basic EPS": 1.14,
        "Diluted NI Availto Com Stockholders": 881000000.0,
        "Net Income Common Stockholders": 881000000.0,
        "Otherunder Preferred Stock Dividend": 0.0,
        "Preferred Stock Dividends": 26000000.0,
        "Net Income": 907000000.0,
        "Minority Interests": 27000000.0,
        "Net Income Including Noncontrolling Interests": 880000000.0,
        "Net Income Discontinuous Operations": NaN,
        "Net Income Continuous Operations": 880000000.0,
        "Tax Provision": 77000000.0,
        "Pretax Income": 957000000.0,
        "Other Income Expense": 168000000.0,
        "Other Non Operating Income Expenses": 115000000.0,
        "Special Income Charges": 17000000.0,
        "Gain On Sale Of Ppe": 8000000.0,
        "Write Off": -9000000.0,
        "Earnings From Equity Interest": 36000000.0,
        "Net Non Operating Interest Income Expense": -607000000.0,
        "Interest Expense Non Operating": 607000000.0,
        "Operating Income": 1396000000.0,
        "Operating Expense": 1681000000.0,
        "Other Taxes": 379000000.0,
        "Depreciation Amortization Depletion Income Statement": 1302000000.0,
        "Depreciation And Amortization In Income Statement": 1302000000.0,
        "Gross Profit": 3077000000.0,
        "Cost Of Revenue": 3608000000.0,
        "Total Revenue": 6685000000.0,
        "Operating Revenue": 6685000000.0
    },
    "2022-03-31": {
        "Diluted EPS": 1.08,
        "Total Revenue": NaN,
        "Gross Profit": NaN,
        "Operating Income": NaN,
        "EBIT": NaN,
        "Net Income": 818
    },
    "2021-12-31": {
        "Diluted EPS": 0.94,
        "Total Revenue": NaN,
        "Gross Profit": NaN,
        "Operating Income": NaN,
        "EBIT": NaN,
        "Net Income": 732
    },
    "2021-09-30": {
        "Diluted EPS": 1.79,
        "Total Revenue": NaN,
        "Gross Profit": NaN,
        "Operating Income": NaN,
        "EBIT": NaN,
        "Net Income": NaN
    },
    "2021-06-30": {
        "Diluted EPS": 0.96,
        "Total Revenue": NaN,
        "Gross Profit": NaN,
        "Operating Income": NaN,
        "EBIT": NaN,
        "Net Income": 751
    },
    "2021-03-31": {
        "Diluted EPS": 1.25,
        "Total Revenue": NaN,
        "Gross Profit": NaN,
        "Operating Income": NaN,
        "EBIT": NaN,
        "Net Income": 953
    },
    "2020-12-31": {
        "Diluted EPS": -0.13,
        "Total Revenue": NaN,
        "Gross Profit": NaN,
        "Operating Income": 92,
        "EBIT": NaN,
        "Net Income": -65
    },
    "2020-09-30": {
        "Diluted EPS": 1.74,
        "Total Revenue": NaN,
        "Gross Profit": NaN,
        "Operating Income": NaN,
        "EBIT": NaN,
        "Net Income": NaN
    },
    "2020-06-30": {
        "Diluted EPS": -1.13,
        "Total Revenue": NaN,
        "Gross Profit": NaN,
        "Operating Income": NaN,
        "EBIT": NaN,
        "Net Income": -829
    },
    "2020-03-31": {
        "Diluted EPS": 1.24,
        "Total Revenue": NaN,
        "Gross Profit": NaN,
        "Operating Income": NaN,
        "EBIT": NaN,
        "Net Income": 899
    },
    "2019-12-31": {
        "Diluted EPS": 0.88,
        "Total Revenue": NaN,
        "Gross Profit": NaN,
        "Operating Income": NaN,
        "EBIT": NaN,
        "Net Income": 660
    },
    "2019-09-30": {
        "Diluted EPS": 1.82,
        "Total Revenue": NaN,
        "Gross Profit": NaN,
        "Operating Income": NaN,
        "EBIT": NaN,
        "Net Income": NaN
    },
    "2019-06-30": {
        "Diluted EPS": 1.12,
        "Total Revenue": NaN,
        "Gross Profit": NaN,
        "Operating Income": NaN,
        "EBIT": NaN,
        "Net Income": 820
    },
    "2019-03-31": {
        "Diluted EPS": 1.24,
        "Total Revenue": NaN,
        "Gross Profit": NaN,
        "Operating Income": NaN,
        "EBIT": NaN,
        "Net Income": 900
    },
    "2018-12-31": {
        "Diluted EPS": 0.66,
        "Total Revenue": NaN,
        "Gross Profit": NaN,
        "Operating Income": 871,
        "EBIT": NaN,
        "Net Income": 464
    },
    "2018-09-30": {
        "Diluted EPS": 1.51,
        "Total Revenue": NaN,
        "Gross Profit": NaN,
        "Operating Income": NaN,
        "EBIT": NaN,
        "Net Income": NaN
    },
    "2018-06-30": {
        "Diluted EPS": 0.71,
        "Total Revenue": NaN,
        "Gross Profit": NaN,
        "Operating Income": 979,
        "EBIT": NaN,
        "Net Income": 500
    },
    "2018-03-31": {
        "Diluted EPS": 0.88,
        "Total Revenue": NaN,
        "Gross Profit": NaN,
        "Operating Income": NaN,
        "EBIT": NaN,
        "Net Income": 620
    },
    "2017-12-31": {
        "Diluted EPS": 1.0,
        "Total Revenue": NaN,
        "Gross Profit": NaN,
        "Operating Income": NaN,
        "EBIT": NaN,
        "Net Income": 703
    },
    "2017-09-30": {
        "Diluted EPS": 1.36,
        "Total Revenue": NaN,
        "Gross Profit": NaN,
        "Operating Income": NaN,
        "EBIT": NaN,
        "Net Income": 954
    },
    "2017-06-30": {
        "Diluted EPS": 0.98,
        "Total Revenue": NaN,
        "Gross Profit": NaN,
        "Operating Income": NaN,
        "EBIT": NaN,
        "Net Income": 686
    },
    "2017-03-31": {
        "Diluted EPS": 1.02,
        "Total Revenue": NaN,
        "Gross Profit": NaN,
        "Operating Income": NaN,
        "EBIT": NaN,
        "Net Income": 716
    },
    "2016-12-31": {
        "Diluted EPS": -0.34,
        "Total Revenue": NaN,
        "Gross Profit": NaN,
        "Operating Income": 749,
        "EBIT": NaN,
        "Net Income": -227
    },
    "2016-09-30": {
        "Diluted EPS": 1.7,
        "Total Revenue": NaN,
        "Gross Profit": NaN,
        "Operating Income": NaN,
        "EBIT": NaN,
        "Net Income": NaN
    },
    "2016-06-30": {
        "Diluted EPS": 0.74,
        "Total Revenue": NaN,
        "Gross Profit": NaN,
        "Operating Income": NaN,
        "EBIT": NaN,
        "Net Income": 509
    },
    "2016-03-31": {
        "Diluted EPS": 1.01,
        "Total Revenue": NaN,
        "Gross Profit": NaN,
        "Operating Income": NaN,
        "EBIT": NaN,
        "Net Income": 694
    },
    "2015-12-31": {
        "Diluted EPS": 0.7,
        "Total Revenue": NaN,
        "Gross Profit": NaN,
        "Operating Income": 688,
        "EBIT": NaN,
        "Net Income": 477
    },
    "2015-09-30": {
        "Diluted EPS": 1.35,
        "Total Revenue": NaN,
        "Gross Profit": NaN,
        "Operating Income": NaN,
        "EBIT": NaN,
        "Net Income": 932
    },
    "2015-06-30": {
        "Diluted EPS": 0.78,
        "Total Revenue": NaN,
        "Gross Profit": NaN,
        "Operating Income": NaN,
        "EBIT": NaN,
        "Net Income": 543
    },
    "2015-03-31": {
        "Diluted EPS": 1.22,
        "Total Revenue": NaN,
        "Gross Profit": NaN,
        "Operating Income": NaN,
        "EBIT": NaN,
        "Net Income": 864
    },
    "2014-12-31": {
        "Diluted EPS": 0.14,
        "Total Revenue": NaN,
        "Gross Profit": NaN,
        "Operating Income": 572,
        "EBIT": NaN,
        "Net Income": 97
    },
    "2014-09-30": {
        "Diluted EPS": 1.8,
        "Total Revenue": NaN,
        "Gross Profit": NaN,
        "Operating Income": NaN,
        "EBIT": NaN,
        "Net Income": NaN
    },
    "2014-06-30": {
        "Diluted EPS": 0.86,
        "Total Revenue": NaN,
        "Gross Profit": NaN,
        "Operating Income": NaN,
        "EBIT": NaN,
        "Net Income": 609
    },
    "2014-03-31": {
        "Diluted EPS": -0.14,
        "Total Revenue": NaN,
        "Gross Profit": NaN,
        "Operating Income": NaN,
        "EBIT": NaN,
        "Net Income": -97
    },
    "2013-12-31": {
        "Diluted EPS": 0.97,
        "Total Revenue": NaN,
        "Gross Profit": NaN,
        "Operating Income": NaN,
        "EBIT": NaN,
        "Net Income": 688
    },
    "2013-09-30": {
        "Diluted EPS": 1.42,
        "Total Revenue": NaN,
        "Gross Profit": NaN,
        "Operating Income": NaN,
        "EBIT": NaN,
        "Net Income": NaN
    },
    "2013-06-30": {
        "Diluted EPS": 0.48,
        "Total Revenue": NaN,
        "Gross Profit": NaN,
        "Operating Income": 821,
        "EBIT": NaN,
        "Net Income": 339
    },
    "2013-03-31": {
        "Diluted EPS": 0.89,
        "Total Revenue": NaN,
        "Gross Profit": NaN,
        "Operating Income": NaN,
        "EBIT": NaN,
        "Net Income": 634
    },
    "2012-12-31": {
        "Diluted EPS": 0.57,
        "Total Revenue": NaN,
        "Gross Profit": NaN,
        "Operating Income": 552,
        "EBIT": NaN,
        "Net Income": 435
    },
    "2012-09-30": {
        "Diluted EPS": 0.85,
        "Total Revenue": NaN,
        "Gross Profit": NaN,
        "Operating Income": NaN,
        "EBIT": NaN,
        "Net Income": 594
    },
    "2012-06-30": {
        "Diluted EPS": 0.99,
        "Total Revenue": NaN,
        "Gross Profit": NaN,
        "Operating Income": 786,
        "EBIT": NaN,
        "Net Income": 444
    },
    "2012-03-31": {
        "Diluted EPS": 0.66,
        "Total Revenue": NaN,
        "Gross Profit": NaN,
        "Operating Income": 495,
        "EBIT": NaN,
        "Net Income": 295
    },
    "2011-12-31": {
        "Diluted EPS": 0.65,
        "Total Revenue": NaN,
        "Gross Profit": NaN,
        "Operating Income": 517,
        "EBIT": NaN,
        "Net Income": 288
    },
    "2011-09-30": {
        "Diluted EPS": 1.06,
        "Total Revenue": NaN,
        "Gross Profit": NaN,
        "Operating Income": 767,
        "EBIT": NaN,
        "Net Income": 472
    },
    "2011-06-30": {
        "Diluted EPS": 0.98,
        "Total Revenue": NaN,
        "Gross Profit": NaN,
        "Operating Income": 679,
        "EBIT": NaN,
        "Net Income": 435
    },
    "2011-03-31": {
        "Diluted EPS": 1.14,
        "Total Revenue": NaN,
        "Gross Profit": NaN,
        "Operating Income": 814,
        "EBIT": NaN,
        "Net Income": 511
    },
    "2010-12-31": {
        "Diluted EPS": 0.96,
        "Total Revenue": NaN,
        "Gross Profit": NaN,
        "Operating Income": 681,
        "EBIT": NaN,
        "Net Income": 427
    },
    "2010-09-30": {
        "Diluted EPS": 1.53,
        "Total Revenue": NaN,
        "Gross Profit": NaN,
        "Operating Income": NaN,
        "EBIT": NaN,
        "Net Income": 670
    },
    "2010-06-30": {
        "Diluted EPS": -0.51,
        "Total Revenue": NaN,
        "Gross Profit": NaN,
        "Operating Income": -14,
        "EBIT": 459,
        "Net Income": -222
    },
    "2010-03-31": {
        "Diluted EPS": 1.02,
        "Total Revenue": NaN,
        "Gross Profit": NaN,
        "Operating Income": 761,
        "EBIT": NaN,
        "Net Income": 445
    },
    "2009-12-31": {
        "Diluted EPS": 0.78,
        "Total Revenue": NaN,
        "Gross Profit": NaN,
        "Operating Income": 595,
        "EBIT": NaN,
        "Net Income": 346
    },
    "2009-09-30": {
        "Diluted EPS": 0.24,
        "Total Revenue": NaN,
        "Gross Profit": NaN,
        "Operating Income": 445,
        "EBIT": 923,
        "Net Income": 109
    },
    "2009-06-30": {
        "Diluted EPS": 0.66,
        "Total Revenue": NaN,
        "Gross Profit": NaN,
        "Operating Income": 528,
        "EBIT": 982,
        "Net Income": 276
    },
    "2009-03-31": {
        "Diluted EPS": 0.81,
        "Total Revenue": NaN,
        "Gross Profit": NaN,
        "Operating Income": 681,
        "EBIT": NaN,
        "Net Income": 344
    },
    "2023-06-30": {
        "Tax Effect Of Unusual Items": NaN,
        "Tax Rate For Calcs": NaN,
        "Normalized EBITDA": NaN,
        "Total Unusual Items": NaN,
        "Total Unusual Items Excluding Goodwill": NaN,
        "Net Income From Continuing Operation Net Minority Interest": NaN,
        "Reconciled Depreciation": NaN,
        "Reconciled Cost Of Revenue": NaN,
        "EBITDA": NaN,
        "EBIT": NaN,
        "Net Interest Income": NaN,
        "Interest Expense": NaN,
        "Normalized Income": NaN,
        "Net Income From Continuing And Discontinued Operation": NaN,
        "Total Expenses": NaN,
        "Total Operating Income As Reported": NaN,
        "Diluted Average Shares": 771000000.0,
        "Basic Average Shares": 771000000.0,
        "Diluted EPS": -0.32,
        "Basic EPS": -0.32,
        "Diluted NI Availto Com Stockholders": NaN,
        "Net Income Common Stockholders": NaN,
        "Otherunder Preferred Stock Dividend": NaN,
        "Preferred Stock Dividends": NaN,
        "Net Income": NaN,
        "Minority Interests": NaN,
        "Net Income Including Noncontrolling Interests": NaN,
        "Net Income Discontinuous Operations": NaN,
        "Net Income Continuous Operations": NaN,
        "Tax Provision": NaN,
        "Pretax Income": NaN,
        "Other Income Expense": NaN,
        "Other Non Operating Income Expenses": NaN,
        "Special Income Charges": NaN,
        "Gain On Sale Of Ppe": NaN,
        "Write Off": NaN,
        "Earnings From Equity Interest": NaN,
        "Net Non Operating Interest Income Expense": NaN,
        "Interest Expense Non Operating": NaN,
        "Operating Income": NaN,
        "Operating Expense": NaN,
        "Other Taxes": NaN,
        "Depreciation Amortization Depletion Income Statement": NaN,
        "Depreciation And Amortization In Income Statement": NaN,
        "Gross Profit": NaN,
        "Cost Of Revenue": NaN,
        "Total Revenue": NaN,
        "Operating Revenue": NaN
    },
    "2023-09-30": {
        "Tax Effect Of Unusual Items": NaN,
        "Tax Rate For Calcs": NaN,
        "Normalized EBITDA": NaN,
        "Total Unusual Items": NaN,
        "Total Unusual Items Excluding Goodwill": NaN,
        "Net Income From Continuing Operation Net Minority Interest": NaN,
        "Reconciled Depreciation": NaN,
        "Reconciled Cost Of Revenue": NaN,
        "EBITDA": NaN,
        "EBIT": NaN,
        "Net Interest Income": NaN,
        "Interest Expense": NaN,
        "Normalized Income": NaN,
        "Net Income From Continuing And Discontinued Operation": NaN,
        "Total Expenses": NaN,
        "Total Operating Income As Reported": NaN,
        "Diluted Average Shares": NaN,
        "Basic Average Shares": NaN,
        "Diluted EPS": NaN,
        "Basic EPS": NaN,
        "Diluted NI Availto Com Stockholders": NaN,
        "Net Income Common Stockholders": NaN,
        "Otherunder Preferred Stock Dividend": 0.0,
        "Preferred Stock Dividends": NaN,
        "Net Income": NaN,
        "Minority Interests": NaN,
        "Net Income Including Noncontrolling Interests": NaN,
        "Net Income Discontinuous Operations": NaN,
        "Net Income Continuous Operations": NaN,
        "Tax Provision": NaN,
        "Pretax Income": NaN,
        "Other Income Expense": NaN,
        "Other Non Operating Income Expenses": NaN,
        "Special Income Charges": NaN,
        "Gain On Sale Of Ppe": NaN,
        "Write Off": NaN,
        "Earnings From Equity Interest": NaN,
        "Net Non Operating Interest Income Expense": NaN,
        "Interest Expense Non Operating": NaN,
        "Operating Income": NaN,
        "Operating Expense": NaN,
        "Other Taxes": NaN,
        "Depreciation Amortization Depletion Income Statement": NaN,
        "Depreciation And Amortization In Income Statement": NaN,
        "Gross Profit": NaN,
        "Cost Of Revenue": NaN,
        "Total Revenue": NaN,
        "Operating Revenue": NaN
    },
    "2023-12-31": {
        "Tax Effect Of Unusual Items": NaN,
        "Tax Rate For Calcs": NaN,
        "Normalized EBITDA": NaN,
        "Total Unusual Items": NaN,
        "Total Unusual Items Excluding Goodwill": NaN,
        "Net Income From Continuing Operation Net Minority Interest": NaN,
        "Reconciled Depreciation": NaN,
        "Reconciled Cost Of Revenue": NaN,
        "EBITDA": NaN,
        "EBIT": NaN,
        "Net Interest Income": NaN,
        "Interest Expense": NaN,
        "Normalized Income": NaN,
        "Net Income From Continuing And Discontinued Operation": NaN,
        "Total Expenses": NaN,
        "Total Operating Income As Reported": NaN,
        "Diluted Average Shares": NaN,
        "Basic Average Shares": NaN,
        "Diluted EPS": NaN,
        "Basic EPS": NaN,
        "Diluted NI Availto Com Stockholders": NaN,
        "Net Income Common Stockholders": NaN,
        "Otherunder Preferred Stock Dividend": NaN,
        "Preferred Stock Dividends": NaN,
        "Net Income": NaN,
        "Minority Interests": NaN,
        "Net Income Including Noncontrolling Interests": NaN,
        "Net Income Discontinuous Operations": NaN,
        "Net Income Continuous Operations": NaN,
        "Tax Provision": NaN,
        "Pretax Income": NaN,
        "Other Income Expense": NaN,
        "Other Non Operating Income Expenses": NaN,
        "Special Income Charges": NaN,
        "Gain On Sale Of Ppe": NaN,
        "Write Off": -11000000.0,
        "Earnings From Equity Interest": NaN,
        "Net Non Operating Interest Income Expense": NaN,
        "Interest Expense Non Operating": NaN,
        "Operating Income": NaN,
        "Operating Expense": NaN,
        "Other Taxes": NaN,
        "Depreciation Amortization Depletion Income Statement": NaN,
        "Depreciation And Amortization In Income Statement": NaN,
        "Gross Profit": NaN,
        "Cost Of Revenue": NaN,
        "Total Revenue": NaN,
        "Operating Revenue": NaN
    },
    "2024-03-31": {
        "Tax Effect Of Unusual Items": 1603603.603604,
        "Tax Rate For Calcs": 0.133634,
        "Normalized EBITDA": 3671000000.0,
        "Total Unusual Items": 12000000.0,
        "Total Unusual Items Excluding Goodwill": 12000000.0,
        "Net Income From Continuing Operation Net Minority Interest": 1141000000.0,
        "Reconciled Depreciation": 1534000000.0,
        "Reconciled Cost Of Revenue": 3800000000.0,
        "EBITDA": 3683000000.0,
        "EBIT": 2149000000.0,
        "Net Interest Income": -817000000.0,
        "Interest Expense": 817000000.0,
        "Normalized Income": 1130603603.603604,
        "Net Income From Continuing And Discontinued Operation": 1138000000.0,
        "Total Expenses": 5720000000.0,
        "Total Operating Income As Reported": 1963000000.0,
        "Diluted Average Shares": 771000000.0,
        "Basic Average Shares": 771000000.0,
        "Diluted EPS": 1.44,
        "Basic EPS": 1.44,
        "Diluted NI Availto Com Stockholders": 1099000000.0,
        "Net Income Common Stockholders": 1099000000.0,
        "Otherunder Preferred Stock Dividend": NaN,
        "Preferred Stock Dividends": 39000000.0,
        "Net Income": 1138000000.0,
        "Minority Interests": -13000000.0,
        "Net Income Including Noncontrolling Interests": 1151000000.0,
        "Net Income Discontinuous Operations": -3000000.0,
        "Net Income Continuous Operations": 1154000000.0,
        "Tax Provision": 178000000.0,
        "Pretax Income": 1332000000.0,
        "Other Income Expense": 198000000.0,
        "Other Non Operating Income Expenses": 169000000.0,
        "Special Income Charges": 12000000.0,
        "Gain On Sale Of Ppe": 12000000.0,
        "Write Off": 1000000.0,
        "Earnings From Equity Interest": 17000000.0,
        "Net Non Operating Interest Income Expense": -817000000.0,
        "Interest Expense Non Operating": 817000000.0,
        "Operating Income": 1951000000.0,
        "Operating Expense": 1773000000.0,
        "Other Taxes": 386000000.0,
        "Depreciation Amortization Depletion Income Statement": 1387000000.0,
        "Depreciation And Amortization In Income Statement": 1387000000.0,
        "Gross Profit": 3724000000.0,
        "Cost Of Revenue": 3947000000.0,
        "Total Revenue": 7671000000.0,
        "Operating Revenue": 7671000000.0
    },
    "2024-06-30": {
        "Tax Effect Of Unusual Items": -4836601.30719,
        "Tax Rate For Calcs": 0.130719,
        "Normalized EBITDA": 3498000000.0,
        "Total Unusual Items": -37000000.0,
        "Total Unusual Items Excluding Goodwill": -37000000.0,
        "Net Income From Continuing Operation Net Minority Interest": 910000000.0,
        "Reconciled Depreciation": 1566000000.0,
        "Reconciled Cost Of Revenue": 3469000000.0,
        "EBITDA": 3461000000.0,
        "EBIT": 1895000000.0,
        "Net Interest Income": -824000000.0,
        "Interest Expense": 824000000.0,
        "Normalized Income": 942163398.69281,
        "Net Income From Continuing And Discontinued Operation": 900000000.0,
        "Total Expenses": 5428000000.0,
        "Total Operating Income As Reported": 1707000000.0,
        "Diluted Average Shares": 772000000.0,
        "Basic Average Shares": 772000000.0,
        "Diluted EPS": 1.13,
        "Basic EPS": 1.13,
        "Diluted NI Availto Com Stockholders": 886000000.0,
        "Net Income Common Stockholders": 886000000.0,
        "Otherunder Preferred Stock Dividend": NaN,
        "Preferred Stock Dividends": 14000000.0,
        "Net Income": 900000000.0,
        "Minority Interests": -21000000.0,
        "Net Income Including Noncontrolling Interests": 921000000.0,
        "Net Income Discontinuous Operations": -10000000.0,
        "Net Income Continuous Operations": 931000000.0,
        "Tax Provision": 140000000.0,
        "Pretax Income": 1071000000.0,
        "Other Income Expense": 151000000.0,
        "Other Non Operating Income Expenses": 167000000.0,
        "Special Income Charges": -37000000.0,
        "Gain On Sale Of Ppe": 6000000.0,
        "Write Off": 43000000.0,
        "Earnings From Equity Interest": 21000000.0,
        "Net Non Operating Interest Income Expense": -824000000.0,
        "Interest Expense Non Operating": 824000000.0,
        "Operating Income": 1744000000.0,
        "Operating Expense": 1802000000.0,
        "Other Taxes": 393000000.0,
        "Depreciation Amortization Depletion Income Statement": 1409000000.0,
        "Depreciation And Amortization In Income Statement": 1409000000.0,
        "Gross Profit": 3546000000.0,
        "Cost Of Revenue": 3626000000.0,
        "Total Revenue": 7172000000.0,
        "Operating Revenue": 7172000000.0
    },
    "2024-09-30": {
        "Tax Effect Of Unusual Items": 1346180.316586,
        "Tax Rate For Calcs": 0.112182,
        "Normalized EBITDA": 4005000000.0,
        "Total Unusual Items": 12000000.0,
        "Total Unusual Items Excluding Goodwill": 12000000.0,
        "Net Income From Continuing Operation Net Minority Interest": 1256000000.0,
        "Reconciled Depreciation": 1692000000.0,
        "Reconciled Cost Of Revenue": 3947000000.0,
        "EBITDA": 4017000000.0,
        "EBIT": 2325000000.0,
        "Net Interest Income": -872000000.0,
        "Interest Expense": 872000000.0,
        "Normalized Income": 1245346180.316586,
        "Net Income From Continuing And Discontinued Operation": 1281000000.0,
        "Total Expenses": 6022000000.0,
        "Total Operating Income As Reported": 2144000000.0,
        "Diluted Average Shares": 773000000.0,
        "Basic Average Shares": 772000000.0,
        "Diluted EPS": 1.6,
        "Basic EPS": 1.6,
        "Diluted NI Availto Com Stockholders": 1226000000.0,
        "Net Income Common Stockholders": 1226000000.0,
        "Otherunder Preferred Stock Dividend": 16000000.0,
        "Preferred Stock Dividends": 39000000.0,
        "Net Income": 1281000000.0,
        "Minority Interests": -34000000.0,
        "Net Income Including Noncontrolling Interests": 1315000000.0,
        "Net Income Discontinuous Operations": 25000000.0,
        "Net Income Continuous Operations": 1290000000.0,
        "Tax Provision": 163000000.0,
        "Pretax Income": 1453000000.0,
        "Other Income Expense": 193000000.0,
        "Other Non Operating Income Expenses": 166000000.0,
        "Special Income Charges": 12000000.0,
        "Gain On Sale Of Ppe": 7000000.0,
        "Write Off": -5000000.0,
        "Earnings From Equity Interest": 15000000.0,
        "Net Non Operating Interest Income Expense": -872000000.0,
        "Interest Expense Non Operating": 872000000.0,
        "Operating Income": 2132000000.0,
        "Operating Expense": 1899000000.0,
        "Other Taxes": 383000000.0,
        "Depreciation Amortization Depletion Income Statement": 1516000000.0,
        "Depreciation And Amortization In Income Statement": 1516000000.0,
        "Gross Profit": 4031000000.0,
        "Cost Of Revenue": 4123000000.0,
        "Total Revenue": 8154000000.0,
        "Operating Revenue": 8154000000.0
    },
    "2024-12-31": {
        "Tax Effect Of Unusual Items": 19144245.142003,
        "Tax Rate For Calcs": 0.081465,
        "Normalized EBITDA": 3601000000.0,
        "Total Unusual Items": 235000000.0,
        "Total Unusual Items Excluding Goodwill": 235000000.0,
        "Net Income From Continuing Operation Net Minority Interest": 1207000000.0,
        "Reconciled Depreciation": 1627000000.0,
        "Reconciled Cost Of Revenue": 3319000000.0,
        "EBITDA": 3836000000.0,
        "EBIT": 2209000000.0,
        "Net Interest Income": -808000000.0,
        "Interest Expense": 871000000.0,
        "Normalized Income": 991144245.142003,
        "Net Income From Continuing And Discontinued Operation": 1205000000.0,
        "Total Expenses": 5250000000.0,
        "Total Operating Income As Reported": 2112000000.0,
        "Diluted Average Shares": 773000000.0,
        "Basic Average Shares": 773000000.0,
        "Diluted EPS": 1.54,
        "Basic EPS": 1.54,
        "Diluted NI Availto Com Stockholders": 1191000000.0,
        "Net Income Common Stockholders": 1191000000.0,
        "Otherunder Preferred Stock Dividend": 0.0,
        "Preferred Stock Dividends": 14000000.0,
        "Net Income": 1205000000.0,
        "Minority Interests": -22000000.0,
        "Net Income Including Noncontrolling Interests": 1227000000.0,
        "Net Income Discontinuous Operations": -2000000.0,
        "Net Income Continuous Operations": 1229000000.0,
        "Tax Provision": 109000000.0,
        "Pretax Income": 1338000000.0,
        "Other Income Expense": 36000000.0,
        "Other Non Operating Income Expenses": -137000000.0,
        "Special Income Charges": 235000000.0,
        "Gain On Sale Of Ppe": 1000000.0,
        "Write Off": -1000000.0,
        "Earnings From Equity Interest": -62000000.0,
        "Net Non Operating Interest Income Expense": -808000000.0,
        "Interest Expense Non Operating": 871000000.0,
        "Operating Income": 2110000000.0,
        "Operating Expense": 1785000000.0,
        "Other Taxes": 304000000.0,
        "Depreciation Amortization Depletion Income Statement": 1481000000.0,
        "Depreciation And Amortization In Income Statement": 1481000000.0,
        "Gross Profit": 3895000000.0,
        "Cost Of Revenue": 3465000000.0,
        "Total Revenue": 7360000000.0,
        "Operating Revenue": 7360000000.0
    },
    "2025-03-31": {
        "Tax Effect Of Unusual Items": 725109.580463,
        "Tax Rate For Calcs": 0.120852,
        "Normalized EBITDA": 4171000000.0,
        "Total Unusual Items": 6000000.0,
        "Total Unusual Items Excluding Goodwill": 6000000.0,
        "Net Income From Continuing Operation Net Minority Interest": 1379000000.0,
        "Reconciled Depreciation": 1691000000.0,
        "Reconciled Cost Of Revenue": 3793000000.0,
        "EBITDA": 4177000000.0,
        "EBIT": 2486000000.0,
        "Net Interest Income": -889000000.0,
        "Interest Expense": 889000000.0,
        "Normalized Income": 1373725109.580463,
        "Net Income From Continuing And Discontinued Operation": 1379000000.0,
        "Total Expenses": 5912000000.0,
        "Total Operating Income As Reported": 2343000000.0,
        "Diluted Average Shares": 777000000.0,
        "Basic Average Shares": 777000000.0,
        "Diluted EPS": 1.76,
        "Basic EPS": 1.76,
        "Diluted NI Availto Com Stockholders": 1365000000.0,
        "Net Income Common Stockholders": 1365000000.0,
        "Otherunder Preferred Stock Dividend": NaN,
        "Preferred Stock Dividends": 14000000.0,
        "Net Income": 1379000000.0,
        "Minority Interests": -25000000.0,
        "Net Income Including Noncontrolling Interests": 1404000000.0,
        "Net Income Discontinuous Operations": 0.0,
        "Net Income Continuous Operations": 1404000000.0,
        "Tax Provision": 193000000.0,
        "Pretax Income": 1597000000.0,
        "Other Income Expense": 149000000.0,
        "Other Non Operating Income Expenses": 132000000.0,
        "Special Income Charges": 6000000.0,
        "Gain On Sale Of Ppe": 6000000.0,
        "Write Off": NaN,
        "Earnings From Equity Interest": 11000000.0,
        "Net Non Operating Interest Income Expense": -889000000.0,
        "Interest Expense Non Operating": 889000000.0,
        "Operating Income": 2337000000.0,
        "Operating Expense": 1940000000.0,
        "Other Taxes": 428000000.0,
        "Depreciation Amortization Depletion Income Statement": 1512000000.0,
        "Depreciation And Amortization In Income Statement": 1512000000.0,
        "Gross Profit": 4277000000.0,
        "Cost Of Revenue": 3972000000.0,
        "Total Revenue": 8249000000.0,
        "Operating Revenue": 8249000000.0
    }
}