{
    "2023-03-31": {
        "Tax Effect Of Unusual Items": NaN,
        "Tax Rate For Calcs": NaN,
        "Normalized EBITDA": NaN,
        "Net Income From Continuing Operation Net Minority Interest": NaN,
        "Reconciled Depreciation": NaN,
        "Reconciled Cost Of Revenue": NaN,
        "EBITDA": NaN,
        "EBIT": NaN,
        "Net Interest Income": NaN,
        "Interest Expense": NaN,
        "Normalized Income": NaN,
        "Net Income From Continuing And Discontinued Operation": NaN,
        "Total Expenses": NaN,
        "Total Operating Income As Reported": NaN,
        "Diluted Average Shares": 7156876.0,
        "Basic Average Shares": 7156876.0,
        "Diluted EPS": -0.3,
        "Basic EPS": -0.3,
        "Diluted NI Availto Com Stockholders": NaN,
        "Net Income Common Stockholders": NaN,
        "Net Income": NaN,
        "Net Income Including Noncontrolling Interests": NaN,
        "Net Income Continuous Operations": NaN,
        "Pretax Income": NaN,
        "Other Income Expense": NaN,
        "Other Non Operating Income Expenses": NaN,
        "Net Non Operating Interest Income Expense": NaN,
        "Interest Expense Non Operating": NaN,
        "Operating Income": NaN,
        "Operating Expense": NaN,
        "Research And Development": NaN,
        "Selling General And Administration": NaN,
        "Selling And Marketing Expense": NaN,
        "General And Administrative Expense": NaN,
        "Other Gand A": NaN,
        "Gross Profit": NaN,
        "Cost Of Revenue": NaN,
        "Total Revenue": NaN,
        "Operating Revenue": NaN
    },
    "2022-12-31": {
        "Tax Effect Of Unusual Items": 0.0,
        "Tax Rate For Calcs": 0.0,
        "Normalized EBITDA": -590978.0,
        "Net Income From Continuing Operation Net Minority Interest": -952427.0,
        "Reconciled Depreciation": 360201.0,
        "Reconciled Cost Of Revenue": 3789799.0,
        "EBITDA": -590978.0,
        "EBIT": -951179.0,
        "Net Interest Income": -1248.0,
        "Interest Expense": 1248.0,
        "Normalized Income": -952427.0,
        "Net Income From Continuing And Discontinued Operation": -952427.0,
        "Total Expenses": 6893708.0,
        "Total Operating Income As Reported": -960038.0,
        "Diluted Average Shares": NaN,
        "Basic Average Shares": NaN,
        "Diluted EPS": NaN,
        "Basic EPS": NaN,
        "Diluted NI Availto Com Stockholders": -952427.0,
        "Net Income Common Stockholders": -952427.0,
        "Net Income": -952427.0,
        "Net Income Including Noncontrolling Interests": -952427.0,
        "Net Income Continuous Operations": -952427.0,
        "Pretax Income": -952427.0,
        "Other Income Expense": 8859.0,
        "Other Non Operating Income Expenses": 8859.0,
        "Net Non Operating Interest Income Expense": -1248.0,
        "Interest Expense Non Operating": 1248.0,
        "Operating Income": -960038.0,
        "Operating Expense": 3103909.0,
        "Research And Development": 354584.0,
        "Selling General And Administration": 2749325.0,
        "Selling And Marketing Expense": 380249.0,
        "General And Administrative Expense": 2369076.0,
        "Other Gand A": 2369076.0,
        "Gross Profit": 2143871.0,
        "Cost Of Revenue": 3789799.0,
        "Total Revenue": 5933670.0,
        "Operating Revenue": 5933670.0
    },
    "2022-09-30": {
        "Tax Effect Of Unusual Items": NaN,
        "Tax Rate For Calcs": NaN,
        "Normalized EBITDA": NaN,
        "Net Income From Continuing Operation Net Minority Interest": NaN,
        "Reconciled Depreciation": NaN,
        "Reconciled Cost Of Revenue": NaN,
        "EBITDA": NaN,
        "EBIT": NaN,
        "Net Interest Income": NaN,
        "Interest Expense": NaN,
        "Normalized Income": NaN,
        "Net Income From Continuing And Discontinued Operation": NaN,
        "Total Expenses": NaN,
        "Total Operating Income As Reported": NaN,
        "Diluted Average Shares": 6450180.0,
        "Basic Average Shares": 6450180.0,
        "Diluted EPS": -0.3,
        "Basic EPS": -0.3,
        "Diluted NI Availto Com Stockholders": NaN,
        "Net Income Common Stockholders": NaN,
        "Net Income": NaN,
        "Net Income Including Noncontrolling Interests": NaN,
        "Net Income Continuous Operations": NaN,
        "Pretax Income": NaN,
        "Other Income Expense": NaN,
        "Other Non Operating Income Expenses": NaN,
        "Net Non Operating Interest Income Expense": NaN,
        "Interest Expense Non Operating": NaN,
        "Operating Income": NaN,
        "Operating Expense": NaN,
        "Research And Development": NaN,
        "Selling General And Administration": NaN,
        "Selling And Marketing Expense": NaN,
        "General And Administrative Expense": NaN,
        "Other Gand A": NaN,
        "Gross Profit": NaN,
        "Cost Of Revenue": NaN,
        "Total Revenue": NaN,
        "Operating Revenue": NaN
    },
    "2022-06-30": {
        "Tax Effect Of Unusual Items": 0.0,
        "Tax Rate For Calcs": 0.0,
        "Normalized EBITDA": -1187056.0,
        "Net Income From Continuing Operation Net Minority Interest": -1342672.0,
        "Reconciled Depreciation": 152910.0,
        "Reconciled Cost Of Revenue": 2334528.0,
        "EBITDA": -1187056.0,
        "EBIT": -1339966.0,
        "Net Interest Income": -2706.0,
        "Interest Expense": 2706.0,
        "Normalized Income": -1342672.0,
        "Net Income From Continuing And Discontinued Operation": -1342672.0,
        "Total Expenses": 5011617.0,
        "Total Operating Income As Reported": -1394475.0,
        "Diluted Average Shares": 6096541.0,
        "Basic Average Shares": 6096541.0,
        "Diluted EPS": -0.22,
        "Basic EPS": -0.22,
        "Diluted NI Availto Com Stockholders": -1342672.0,
        "Net Income Common Stockholders": -1342672.0,
        "Net Income": -1342672.0,
        "Net Income Including Noncontrolling Interests": -1342672.0,
        "Net Income Continuous Operations": -1342672.0,
        "Pretax Income": -1342672.0,
        "Other Income Expense": 54509.0,
        "Other Non Operating Income Expenses": 54509.0,
        "Net Non Operating Interest Income Expense": -2706.0,
        "Interest Expense Non Operating": 2706.0,
        "Operating Income": -1394475.0,
        "Operating Expense": 2677089.0,
        "Research And Development": 530339.0,
        "Selling General And Administration": 2146750.0,
        "Selling And Marketing Expense": 375986.0,
        "General And Administrative Expense": 1770764.0,
        "Other Gand A": 1770764.0,
        "Gross Profit": 1282614.0,
        "Cost Of Revenue": 2334528.0,
        "Total Revenue": 3617142.0,
        "Operating Revenue": 3617142.0
    },
    "2022-03-31": {
        "Diluted EPS": -0.49,
        "Total Revenue": 1,
        "Gross Profit": 0,
        "Operating Income": -3,
        "EBIT": -2,
        "Net Income": -3
    },
    "2021-12-31": {
        "Diluted EPS": -0.01,
        "Total Revenue": 4,
        "Gross Profit": 2,
        "Operating Income": 0,
        "EBIT": 0,
        "Net Income": 0
    },
    "2021-09-30": {
        "Diluted EPS": -0.68,
        "Total Revenue": 2,
        "Gross Profit": 0,
        "Operating Income": -2,
        "EBIT": -2,
        "Net Income": -2
    },
    "2021-06-30": {
        "Diluted EPS": -0.83,
        "Total Revenue": 1,
        "Gross Profit": 0,
        "Operating Income": -3,
        "EBIT": -3,
        "Net Income": -3
    },
    "2021-03-31": {
        "Diluted EPS": -0.11,
        "Total Revenue": 2,
        "Gross Profit": 1,
        "Operating Income": -2,
        "EBIT": -2,
        "Net Income": 0
    },
    "2020-12-31": {
        "Diluted EPS": -0.04,
        "Total Revenue": 4,
        "Gross Profit": 1,
        "Operating Income": 0,
        "EBIT": 0,
        "Net Income": 0
    },
    "2020-09-30": {
        "Diluted EPS": -0.77,
        "Total Revenue": 1,
        "Gross Profit": 0,
        "Operating Income": -3,
        "EBIT": -3,
        "Net Income": -3
    },
    "2020-06-30": {
        "Diluted EPS": -0.42,
        "Total Revenue": 2,
        "Gross Profit": 0,
        "Operating Income": -1,
        "EBIT": -1,
        "Net Income": -1
    },
    "2020-03-31": {
        "Diluted EPS": -0.8,
        "Total Revenue": 1,
        "Gross Profit": -1,
        "Operating Income": -2,
        "EBIT": -2,
        "Net Income": -2
    },
    "2019-12-31": {
        "Diluted EPS": 0.32,
        "Total Revenue": 6,
        "Gross Profit": 3,
        "Operating Income": 1,
        "EBIT": 1,
        "Net Income": 1
    },
    "2019-09-30": {
        "Diluted EPS": -0.63,
        "Total Revenue": 2,
        "Gross Profit": 1,
        "Operating Income": -1,
        "EBIT": -1,
        "Net Income": -1
    },
    "2019-06-30": {
        "Diluted EPS": -1.09,
        "Total Revenue": 1,
        "Gross Profit": 0,
        "Operating Income": -2,
        "EBIT": -2,
        "Net Income": -2
    },
    "2019-03-31": {
        "Diluted EPS": 0.01,
        "Total Revenue": 4,
        "Gross Profit": 2,
        "Operating Income": 0,
        "EBIT": 0,
        "Net Income": 0
    },
    "2018-09-30": {
        "Diluted EPS": 0.02,
        "Total Revenue": 5,
        "Gross Profit": 5,
        "Operating Income": 5,
        "EBIT": 5,
        "Net Income": 1
    },
    "2018-06-30": {
        "Diluted EPS": -0.03,
        "Total Revenue": 3,
        "Gross Profit": 3,
        "Operating Income": 3,
        "EBIT": 3,
        "Net Income": -1
    },
    "2018-03-31": {
        "Diluted EPS": -0.04,
        "Total Revenue": 1,
        "Gross Profit": 1,
        "Operating Income": 1,
        "EBIT": 1,
        "Net Income": -1
    },
    "2017-09-30": {
        "Diluted EPS": -0.07,
        "Total Revenue": 1,
        "Gross Profit": 1,
        "Operating Income": 1,
        "EBIT": 1,
        "Net Income": 0
    },
    "2017-06-30": {
        "Diluted EPS": -0.7,
        "Total Revenue": 1,
        "Gross Profit": 1,
        "Operating Income": 1,
        "EBIT": 1,
        "Net Income": -1
    },
    "2017-03-31": {
        "Diluted EPS": -1.21,
        "Total Revenue": 1,
        "Gross Profit": 1,
        "Operating Income": 1,
        "EBIT": 1,
        "Net Income": -2
    },
    "2016-12-31": {
        "Diluted EPS": -0.01,
        "Total Revenue": 2,
        "Gross Profit": 2,
        "Operating Income": 2,
        "EBIT": 2,
        "Net Income": 0
    },
    "2016-09-30": {
        "Diluted EPS": -0.01,
        "Total Revenue": 1,
        "Gross Profit": 1,
        "Operating Income": 1,
        "EBIT": 1,
        "Net Income": -1
    },
    "2016-06-30": {
        "Diluted EPS": -0.01,
        "Total Revenue": 2,
        "Gross Profit": 2,
        "Operating Income": 2,
        "EBIT": 2,
        "Net Income": -1
    },
    "2016-03-31": {
        "Diluted EPS": -0.01,
        "Total Revenue": 1,
        "Gross Profit": 1,
        "Operating Income": 1,
        "EBIT": 1,
        "Net Income": -1
    },
    "2015-12-31": {
        "Diluted EPS": 0.01,
        "Total Revenue": 2,
        "Gross Profit": 2,
        "Operating Income": 2,
        "EBIT": 2,
        "Net Income": 1
    },
    "2015-09-30": {
        "Diluted EPS": 0.0,
        "Total Revenue": 2,
        "Gross Profit": 2,
        "Operating Income": 2,
        "EBIT": 2,
        "Net Income": 0
    },
    "2015-06-30": {
        "Diluted EPS": -0.03,
        "Total Revenue": 2,
        "Gross Profit": 2,
        "Operating Income": 2,
        "EBIT": 2,
        "Net Income": -2
    },
    "2023-06-30": {
        "Tax Effect Of Unusual Items": NaN,
        "Tax Rate For Calcs": NaN,
        "Normalized EBITDA": NaN,
        "Total Unusual Items": NaN,
        "Total Unusual Items Excluding Goodwill": NaN,
        "Net Income From Continuing Operation Net Minority Interest": NaN,
        "Reconciled Depreciation": NaN,
        "Reconciled Cost Of Revenue": NaN,
        "EBITDA": NaN,
        "EBIT": NaN,
        "Net Interest Income": NaN,
        "Interest Expense": NaN,
        "Normalized Income": NaN,
        "Net Income From Continuing And Discontinued Operation": NaN,
        "Total Expenses": NaN,
        "Total Operating Income As Reported": NaN,
        "Diluted Average Shares": 7169340.0,
        "Basic Average Shares": 7169340.0,
        "Diluted EPS": -0.42,
        "Basic EPS": -0.42,
        "Diluted NI Availto Com Stockholders": NaN,
        "Net Income Common Stockholders": NaN,
        "Net Income": NaN,
        "Net Income Including Noncontrolling Interests": NaN,
        "Net Income Continuous Operations": NaN,
        "Pretax Income": NaN,
        "Other Income Expense": NaN,
        "Other Non Operating Income Expenses": NaN,
        "Gain On Sale Of Security": NaN,
        "Net Non Operating Interest Income Expense": NaN,
        "Interest Expense Non Operating": NaN,
        "Operating Income": NaN,
        "Operating Expense": NaN,
        "Research And Development": NaN,
        "Selling General And Administration": NaN,
        "Selling And Marketing Expense": NaN,
        "General And Administrative Expense": NaN,
        "Other Gand A": NaN,
        "Gross Profit": NaN,
        "Cost Of Revenue": NaN,
        "Total Revenue": NaN,
        "Operating Revenue": NaN
    },
    "2023-09-30": {
        "Tax Effect Of Unusual Items": NaN,
        "Tax Rate For Calcs": NaN,
        "Normalized EBITDA": NaN,
        "Total Unusual Items": NaN,
        "Total Unusual Items Excluding Goodwill": NaN,
        "Net Income From Continuing Operation Net Minority Interest": NaN,
        "Reconciled Depreciation": NaN,
        "Reconciled Cost Of Revenue": NaN,
        "EBITDA": NaN,
        "EBIT": NaN,
        "Net Interest Income": NaN,
        "Interest Expense": NaN,
        "Normalized Income": NaN,
        "Net Income From Continuing And Discontinued Operation": NaN,
        "Total Expenses": NaN,
        "Total Operating Income As Reported": NaN,
        "Diluted Average Shares": 7240632.0,
        "Basic Average Shares": 7240632.0,
        "Diluted EPS": -0.41,
        "Basic EPS": -0.41,
        "Diluted NI Availto Com Stockholders": NaN,
        "Net Income Common Stockholders": NaN,
        "Net Income": NaN,
        "Net Income Including Noncontrolling Interests": NaN,
        "Net Income Continuous Operations": NaN,
        "Pretax Income": NaN,
        "Other Income Expense": NaN,
        "Other Non Operating Income Expenses": NaN,
        "Gain On Sale Of Security": NaN,
        "Net Non Operating Interest Income Expense": NaN,
        "Interest Expense Non Operating": NaN,
        "Operating Income": NaN,
        "Operating Expense": NaN,
        "Research And Development": NaN,
        "Selling General And Administration": NaN,
        "Selling And Marketing Expense": NaN,
        "General And Administrative Expense": NaN,
        "Other Gand A": NaN,
        "Gross Profit": NaN,
        "Cost Of Revenue": NaN,
        "Total Revenue": NaN,
        "Operating Revenue": NaN
    },
    "2023-12-31": {
        "Tax Effect Of Unusual Items": 0.0,
        "Tax Rate For Calcs": 0.0,
        "Normalized EBITDA": -2920853.0,
        "Total Unusual Items": NaN,
        "Total Unusual Items Excluding Goodwill": NaN,
        "Net Income From Continuing Operation Net Minority Interest": -3160899.0,
        "Reconciled Depreciation": 238703.0,
        "Reconciled Cost Of Revenue": 1222144.0,
        "EBITDA": -2920853.0,
        "EBIT": -3159556.0,
        "Net Interest Income": -1343.0,
        "Interest Expense": 1343.0,
        "Normalized Income": -3160899.0,
        "Net Income From Continuing And Discontinued Operation": -3160899.0,
        "Total Expenses": 4706469.0,
        "Total Operating Income As Reported": -3180541.0,
        "Diluted Average Shares": NaN,
        "Basic Average Shares": NaN,
        "Diluted EPS": NaN,
        "Basic EPS": NaN,
        "Diluted NI Availto Com Stockholders": -3160899.0,
        "Net Income Common Stockholders": -3160899.0,
        "Net Income": -3160899.0,
        "Net Income Including Noncontrolling Interests": -3160899.0,
        "Net Income Continuous Operations": -3160899.0,
        "Pretax Income": -3160899.0,
        "Other Income Expense": 20985.0,
        "Other Non Operating Income Expenses": 20985.0,
        "Gain On Sale Of Security": NaN,
        "Net Non Operating Interest Income Expense": -1343.0,
        "Interest Expense Non Operating": 1343.0,
        "Operating Income": -3180541.0,
        "Operating Expense": 3484325.0,
        "Research And Development": 420259.0,
        "Selling General And Administration": 3064066.0,
        "Selling And Marketing Expense": 531269.0,
        "General And Administrative Expense": 2532797.0,
        "Other Gand A": 2532797.0,
        "Gross Profit": 303784.0,
        "Cost Of Revenue": 1222144.0,
        "Total Revenue": 1525928.0,
        "Operating Revenue": 1525928.0
    },
    "2024-03-31": {
        "Tax Effect Of Unusual Items": 0.0,
        "Tax Rate For Calcs": 0.0,
        "Normalized EBITDA": -2510308.0,
        "Total Unusual Items": NaN,
        "Total Unusual Items Excluding Goodwill": NaN,
        "Net Income From Continuing Operation Net Minority Interest": -2752309.0,
        "Reconciled Depreciation": 241556.0,
        "Reconciled Cost Of Revenue": 976048.0,
        "EBITDA": -2510308.0,
        "EBIT": -2751864.0,
        "Net Interest Income": -445.0,
        "Interest Expense": 445.0,
        "Normalized Income": -2752309.0,
        "Net Income From Continuing And Discontinued Operation": -2752309.0,
        "Total Expenses": 3831726.0,
        "Total Operating Income As Reported": -2761046.0,
        "Diluted Average Shares": 7306949.0,
        "Basic Average Shares": 7306949.0,
        "Diluted EPS": -0.38,
        "Basic EPS": -0.38,
        "Diluted NI Availto Com Stockholders": -2752309.0,
        "Net Income Common Stockholders": -2752309.0,
        "Net Income": -2752309.0,
        "Net Income Including Noncontrolling Interests": -2752309.0,
        "Net Income Continuous Operations": -2752309.0,
        "Pretax Income": -2752309.0,
        "Other Income Expense": 9182.0,
        "Other Non Operating Income Expenses": 9182.0,
        "Gain On Sale Of Security": NaN,
        "Net Non Operating Interest Income Expense": -445.0,
        "Interest Expense Non Operating": 445.0,
        "Operating Income": -2761046.0,
        "Operating Expense": 2855678.0,
        "Research And Development": 382142.0,
        "Selling General And Administration": 2473536.0,
        "Selling And Marketing Expense": 553486.0,
        "General And Administrative Expense": 1920050.0,
        "Other Gand A": 1920050.0,
        "Gross Profit": 94632.0,
        "Cost Of Revenue": 976048.0,
        "Total Revenue": 1070680.0,
        "Operating Revenue": 1070680.0
    },
    "2024-06-30": {
        "Tax Effect Of Unusual Items": 0.0,
        "Tax Rate For Calcs": 0.0,
        "Normalized EBITDA": -2494180.0,
        "Total Unusual Items": NaN,
        "Total Unusual Items Excluding Goodwill": NaN,
        "Net Income From Continuing Operation Net Minority Interest": -3204171.0,
        "Reconciled Depreciation": 708841.0,
        "Reconciled Cost Of Revenue": 1725060.0,
        "EBITDA": -2494180.0,
        "EBIT": -3203021.0,
        "Net Interest Income": -1150.0,
        "Interest Expense": 1150.0,
        "Normalized Income": -3204171.0,
        "Net Income From Continuing And Discontinued Operation": -3204171.0,
        "Total Expenses": 4726912.0,
        "Total Operating Income As Reported": -3216416.0,
        "Diluted Average Shares": 7450676.0,
        "Basic Average Shares": 7450676.0,
        "Diluted EPS": -0.43,
        "Basic EPS": -0.43,
        "Diluted NI Availto Com Stockholders": -3204171.0,
        "Net Income Common Stockholders": -3204171.0,
        "Net Income": -3204171.0,
        "Net Income Including Noncontrolling Interests": -3204171.0,
        "Net Income Continuous Operations": -3204171.0,
        "Pretax Income": -3204171.0,
        "Other Income Expense": 13395.0,
        "Other Non Operating Income Expenses": 13395.0,
        "Gain On Sale Of Security": NaN,
        "Net Non Operating Interest Income Expense": -1150.0,
        "Interest Expense Non Operating": 1150.0,
        "Operating Income": -3216416.0,
        "Operating Expense": 3001852.0,
        "Research And Development": 390000.0,
        "Selling General And Administration": 2611852.0,
        "Selling And Marketing Expense": 712456.0,
        "General And Administrative Expense": 1899396.0,
        "Other Gand A": 1899396.0,
        "Gross Profit": -214564.0,
        "Cost Of Revenue": 1725060.0,
        "Total Revenue": 1510496.0,
        "Operating Revenue": 1510496.0
    },
    "2024-09-30": {
        "Tax Effect Of Unusual Items": 0.0,
        "Tax Rate For Calcs": 0.0,
        "Normalized EBITDA": -752995.0,
        "Total Unusual Items": 245980.0,
        "Total Unusual Items Excluding Goodwill": 245980.0,
        "Net Income From Continuing Operation Net Minority Interest": -1401663.0,
        "Reconciled Depreciation": 778252.0,
        "Reconciled Cost Of Revenue": 2319811.0,
        "EBITDA": -507015.0,
        "EBIT": -1285267.0,
        "Net Interest Income": -116396.0,
        "Interest Expense": 116396.0,
        "Normalized Income": -1647643.0,
        "Net Income From Continuing And Discontinued Operation": -1401663.0,
        "Total Expenses": 5159190.0,
        "Total Operating Income As Reported": -1920280.0,
        "Diluted Average Shares": 7724170.0,
        "Basic Average Shares": 7724170.0,
        "Diluted EPS": -0.18,
        "Basic EPS": -0.18,
        "Diluted NI Availto Com Stockholders": -1401663.0,
        "Net Income Common Stockholders": -1401663.0,
        "Net Income": -1401663.0,
        "Net Income Including Noncontrolling Interests": -1401663.0,
        "Net Income Continuous Operations": -1401663.0,
        "Pretax Income": -1401663.0,
        "Other Income Expense": 635013.0,
        "Other Non Operating Income Expenses": 389033.0,
        "Gain On Sale Of Security": 245980.0,
        "Net Non Operating Interest Income Expense": -116396.0,
        "Interest Expense Non Operating": 116396.0,
        "Operating Income": -1920280.0,
        "Operating Expense": 2839379.0,
        "Research And Development": 396610.0,
        "Selling General And Administration": 2442769.0,
        "Selling And Marketing Expense": 471411.0,
        "General And Administrative Expense": 1971358.0,
        "Other Gand A": 1971358.0,
        "Gross Profit": 919099.0,
        "Cost Of Revenue": 2319811.0,
        "Total Revenue": 3238910.0,
        "Operating Revenue": 3238910.0
    },
    "2024-12-31": {
        "Tax Effect Of Unusual Items": 0.0,
        "Tax Rate For Calcs": 0.0,
        "Normalized EBITDA": -2409541.0,
        "Total Unusual Items": 0.0,
        "Total Unusual Items Excluding Goodwill": 0.0,
        "Net Income From Continuing Operation Net Minority Interest": -3406314.0,
        "Reconciled Depreciation": 828650.0,
        "Reconciled Cost Of Revenue": 1790751.0,
        "EBITDA": -2409541.0,
        "EBIT": -3238191.0,
        "Net Interest Income": -168123.0,
        "Interest Expense": 168123.0,
        "Normalized Income": -3406314.0,
        "Net Income From Continuing And Discontinued Operation": -3406314.0,
        "Total Expenses": 4546583.0,
        "Total Operating Income As Reported": -3085784.0,
        "Diluted Average Shares": NaN,
        "Basic Average Shares": NaN,
        "Diluted EPS": NaN,
        "Basic EPS": NaN,
        "Diluted NI Availto Com Stockholders": -3406314.0,
        "Net Income Common Stockholders": -3406314.0,
        "Net Income": -3406314.0,
        "Net Income Including Noncontrolling Interests": -3406314.0,
        "Net Income Continuous Operations": -3406314.0,
        "Pretax Income": -3406314.0,
        "Other Income Expense": -152407.0,
        "Other Non Operating Income Expenses": -152407.0,
        "Gain On Sale Of Security": 0.0,
        "Net Non Operating Interest Income Expense": -168123.0,
        "Interest Expense Non Operating": 168123.0,
        "Operating Income": -3085784.0,
        "Operating Expense": 2755832.0,
        "Research And Development": 362638.0,
        "Selling General And Administration": 2393194.0,
        "Selling And Marketing Expense": 401078.0,
        "General And Administrative Expense": 1992116.0,
        "Other Gand A": 1992116.0,
        "Gross Profit": -329952.0,
        "Cost Of Revenue": 1790751.0,
        "Total Revenue": 1460799.0,
        "Operating Revenue": 1460799.0
    }
}