{
    "2023-03-31": {
        "Tax Effect Of Unusual Items": NaN,
        "Tax Rate For Calcs": NaN,
        "Normalized EBITDA": NaN,
        "Total Unusual Items": NaN,
        "Total Unusual Items Excluding Goodwill": NaN,
        "Net Income From Continuing Operation Net Minority Interest": NaN,
        "Reconciled Depreciation": NaN,
        "Reconciled Cost Of Revenue": NaN,
        "EBITDA": NaN,
        "EBIT": NaN,
        "Net Interest Income": NaN,
        "Interest Expense": NaN,
        "Normalized Income": NaN,
        "Net Income From Continuing And Discontinued Operation": NaN,
        "Total Expenses": NaN,
        "Total Operating Income As Reported": NaN,
        "Diluted Average Shares": NaN,
        "Basic Average Shares": NaN,
        "Diluted EPS": NaN,
        "Basic EPS": NaN,
        "Diluted NI Availto Com Stockholders": NaN,
        "Net Income Common Stockholders": NaN,
        "Net Income": NaN,
        "Minority Interests": NaN,
        "Net Income Including Noncontrolling Interests": NaN,
        "Net Income Continuous Operations": NaN,
        "Tax Provision": NaN,
        "Pretax Income": NaN,
        "Other Income Expense": NaN,
        "Other Non Operating Income Expenses": NaN,
        "Special Income Charges": NaN,
        "Gain On Sale Of Business": 0.0,
        "Other Special Charges": NaN,
        "Restructuring And Mergern Acquisition": NaN,
        "Earnings From Equity Interest": NaN,
        "Net Non Operating Interest Income Expense": NaN,
        "Interest Expense Non Operating": NaN,
        "Operating Income": NaN,
        "Operating Expense": NaN,
        "Depreciation Amortization Depletion Income Statement": NaN,
        "Depreciation And Amortization In Income Statement": NaN,
        "Selling General And Administration": NaN,
        "General And Administrative Expense": NaN,
        "Other Gand A": NaN,
        "Gross Profit": NaN,
        "Cost Of Revenue": NaN,
        "Total Revenue": NaN,
        "Operating Revenue": NaN
    },
    "2022-12-31": {
        "Tax Effect Of Unusual Items": 0.0,
        "Tax Rate For Calcs": 0.232757,
        "Normalized EBITDA": 442523000.0,
        "Total Unusual Items": NaN,
        "Total Unusual Items Excluding Goodwill": NaN,
        "Net Income From Continuing Operation Net Minority Interest": 54651000.0,
        "Reconciled Depreciation": 194068000.0,
        "Reconciled Cost Of Revenue": 2088681000.0,
        "EBITDA": 442523000.0,
        "EBIT": 248455000.0,
        "Net Interest Income": -100962000.0,
        "Interest Expense": 100962000.0,
        "Normalized Income": 54651000.0,
        "Net Income From Continuing And Discontinued Operation": 68103000.0,
        "Total Expenses": 2662460000.0,
        "Total Operating Income As Reported": 256252000.0,
        "Diluted Average Shares": 91910000.0,
        "Basic Average Shares": 90122000.0,
        "Diluted EPS": 0.74,
        "Basic EPS": 0.76,
        "Diluted NI Availto Com Stockholders": 68103000.0,
        "Net Income Common Stockholders": 68103000.0,
        "Net Income": 68103000.0,
        "Minority Interests": -58512000.0,
        "Net Income Including Noncontrolling Interests": 126615000.0,
        "Net Income Continuous Operations": 113163000.0,
        "Tax Provision": 34330000.0,
        "Pretax Income": 147493000.0,
        "Other Income Expense": -5973000.0,
        "Other Non Operating Income Expenses": -7797000.0,
        "Special Income Charges": NaN,
        "Other Special Charges": NaN,
        "Earnings From Equity Interest": 1824000.0,
        "Net Non Operating Interest Income Expense": -100962000.0,
        "Interest Expense Non Operating": 100962000.0,
        "Operating Income": 254428000.0,
        "Operating Expense": 573779000.0,
        "Depreciation Amortization Depletion Income Statement": 194068000.0,
        "Depreciation And Amortization In Income Statement": 194068000.0,
        "Selling General And Administration": 379711000.0,
        "General And Administrative Expense": 379711000.0,
        "Other Gand A": 379711000.0,
        "Gross Profit": 828207000.0,
        "Cost Of Revenue": 2088681000.0,
        "Total Revenue": 2916888000.0,
        "Operating Revenue": 2803590000.0
    },
    "2022-09-30": {
        "Tax Effect Of Unusual Items": 0.0,
        "Tax Rate For Calcs": 0.205,
        "Normalized EBITDA": 501303000.0,
        "Total Unusual Items": NaN,
        "Total Unusual Items Excluding Goodwill": NaN,
        "Net Income From Continuing Operation Net Minority Interest": 105366000.0,
        "Reconciled Depreciation": 194414000.0,
        "Reconciled Cost Of Revenue": 2085555000.0,
        "EBITDA": 501303000.0,
        "EBIT": 306889000.0,
        "Net Interest Income": -99680000.0,
        "Interest Expense": 99680000.0,
        "Normalized Income": 105366000.0,
        "Net Income From Continuing And Discontinued Operation": 105366000.0,
        "Total Expenses": 2645416000.0,
        "Total Operating Income As Reported": 311787000.0,
        "Diluted Average Shares": 93263000.0,
        "Basic Average Shares": 91160000.0,
        "Diluted EPS": 1.13,
        "Basic EPS": 1.16,
        "Diluted NI Availto Com Stockholders": 105366000.0,
        "Net Income Common Stockholders": 105366000.0,
        "Net Income": 105366000.0,
        "Minority Interests": -59328000.0,
        "Net Income Including Noncontrolling Interests": 164694000.0,
        "Net Income Discontinuous Operations": NaN,
        "Net Income Continuous Operations": 164694000.0,
        "Tax Provision": 42515000.0,
        "Pretax Income": 207209000.0,
        "Other Income Expense": 3611000.0,
        "Other Non Operating Income Expenses": -4898000.0,
        "Special Income Charges": NaN,
        "Other Special Charges": NaN,
        "Earnings From Equity Interest": 8509000.0,
        "Net Non Operating Interest Income Expense": -99680000.0,
        "Interest Expense Non Operating": 99680000.0,
        "Operating Income": 303278000.0,
        "Operating Expense": 559861000.0,
        "Depreciation Amortization Depletion Income Statement": 194414000.0,
        "Depreciation And Amortization In Income Statement": 194414000.0,
        "Selling General And Administration": 365447000.0,
        "General And Administrative Expense": 365447000.0,
        "Other Gand A": 365447000.0,
        "Gross Profit": 863139000.0,
        "Cost Of Revenue": 2085555000.0,
        "Total Revenue": 2948694000.0,
        "Operating Revenue": 2846494000.0
    },
    "2022-06-30": {
        "Tax Effect Of Unusual Items": 0.0,
        "Tax Rate For Calcs": 0.184,
        "Normalized EBITDA": 602607000.0,
        "Total Unusual Items": NaN,
        "Total Unusual Items Excluding Goodwill": NaN,
        "Net Income From Continuing Operation Net Minority Interest": 224809000.0,
        "Reconciled Depreciation": 171176000.0,
        "Reconciled Cost Of Revenue": 2016788000.0,
        "EBITDA": 602607000.0,
        "EBIT": 431431000.0,
        "Net Interest Income": -82586000.0,
        "Interest Expense": 82586000.0,
        "Normalized Income": 224809000.0,
        "Net Income From Continuing And Discontinued Operation": 224809000.0,
        "Total Expenses": 2503183000.0,
        "Total Operating Income As Reported": 432715000.0,
        "Diluted Average Shares": 97772000.0,
        "Basic Average Shares": 94457000.0,
        "Diluted EPS": 2.3,
        "Basic EPS": 2.38,
        "Diluted NI Availto Com Stockholders": 224809000.0,
        "Net Income Common Stockholders": 224809000.0,
        "Net Income": 224809000.0,
        "Minority Interests": -59807000.0,
        "Net Income Including Noncontrolling Interests": 284616000.0,
        "Net Income Discontinuous Operations": NaN,
        "Net Income Continuous Operations": 284616000.0,
        "Tax Provision": 64229000.0,
        "Pretax Income": 348845000.0,
        "Other Income Expense": 7857000.0,
        "Other Non Operating Income Expenses": -1284000.0,
        "Special Income Charges": NaN,
        "Other Special Charges": NaN,
        "Earnings From Equity Interest": 9141000.0,
        "Net Non Operating Interest Income Expense": -82586000.0,
        "Interest Expense Non Operating": 82586000.0,
        "Operating Income": 423574000.0,
        "Operating Expense": 486395000.0,
        "Depreciation Amortization Depletion Income Statement": 171176000.0,
        "Depreciation And Amortization In Income Statement": 171176000.0,
        "Selling General And Administration": 315219000.0,
        "General And Administrative Expense": 315219000.0,
        "Other Gand A": 315219000.0,
        "Gross Profit": 909969000.0,
        "Cost Of Revenue": 2016788000.0,
        "Total Revenue": 2926757000.0,
        "Operating Revenue": 2810099000.0
    },
    "2023-06-30": {
        "Tax Effect Of Unusual Items": NaN,
        "Tax Rate For Calcs": NaN,
        "Normalized EBITDA": NaN,
        "Total Unusual Items": NaN,
        "Total Unusual Items Excluding Goodwill": NaN,
        "Net Income From Continuing Operation Net Minority Interest": NaN,
        "Reconciled Depreciation": NaN,
        "Reconciled Cost Of Revenue": NaN,
        "EBITDA": NaN,
        "EBIT": NaN,
        "Net Interest Income": NaN,
        "Interest Expense": NaN,
        "Normalized Income": NaN,
        "Net Income From Continuing And Discontinued Operation": NaN,
        "Total Expenses": NaN,
        "Total Operating Income As Reported": NaN,
        "Diluted Average Shares": NaN,
        "Basic Average Shares": NaN,
        "Diluted EPS": NaN,
        "Basic EPS": NaN,
        "Diluted NI Availto Com Stockholders": NaN,
        "Net Income Common Stockholders": NaN,
        "Net Income": NaN,
        "Minority Interests": NaN,
        "Net Income Including Noncontrolling Interests": NaN,
        "Net Income Continuous Operations": NaN,
        "Tax Provision": NaN,
        "Pretax Income": NaN,
        "Other Income Expense": NaN,
        "Other Non Operating Income Expenses": NaN,
        "Special Income Charges": NaN,
        "Gain On Sale Of Business": 0.0,
        "Other Special Charges": 7962000.0,
        "Restructuring And Mergern Acquisition": NaN,
        "Earnings From Equity Interest": NaN,
        "Net Non Operating Interest Income Expense": NaN,
        "Interest Expense Non Operating": NaN,
        "Operating Income": NaN,
        "Operating Expense": NaN,
        "Depreciation Amortization Depletion Income Statement": NaN,
        "Depreciation And Amortization In Income Statement": NaN,
        "Selling General And Administration": NaN,
        "General And Administrative Expense": NaN,
        "Other Gand A": NaN,
        "Gross Profit": NaN,
        "Cost Of Revenue": NaN,
        "Total Revenue": NaN,
        "Operating Revenue": NaN
    },
    "2022-03-31": {
        "Diluted EPS": 1.61,
        "Total Revenue": NaN,
        "Gross Profit": 799,
        "Operating Income": 338,
        "EBIT": 511,
        "Net Income": 162
    },
    "2021-12-31": {
        "Diluted EPS": 1.81,
        "Total Revenue": NaN,
        "Gross Profit": 884,
        "Operating Income": 389,
        "EBIT": 564,
        "Net Income": 187
    },
    "2021-09-30": {
        "Diluted EPS": 2.36,
        "Total Revenue": NaN,
        "Gross Profit": 930,
        "Operating Income": 475,
        "EBIT": 645,
        "Net Income": 260
    },
    "2021-06-30": {
        "Diluted EPS": 2.64,
        "Total Revenue": NaN,
        "Gross Profit": 951,
        "Operating Income": 490,
        "EBIT": 660,
        "Net Income": 294
    },
    "2021-03-31": {
        "Diluted EPS": 2.09,
        "Total Revenue": NaN,
        "Gross Profit": 882,
        "Operating Income": 443,
        "EBIT": 608,
        "Net Income": 237
    },
    "2020-12-31": {
        "Diluted EPS": 1.52,
        "Total Revenue": NaN,
        "Gross Profit": 848,
        "Operating Income": 382,
        "EBIT": 543,
        "Net Income": 174
    },
    "2020-09-30": {
        "Diluted EPS": 1.28,
        "Total Revenue": NaN,
        "Gross Profit": 952,
        "Operating Income": 438,
        "EBIT": 595,
        "Net Income": 159
    },
    "2020-06-30": {
        "Diluted EPS": 1.62,
        "Total Revenue": NaN,
        "Gross Profit": 895,
        "Operating Income": 410,
        "EBIT": 567,
        "Net Income": 202
    },
    "2020-03-31": {
        "Diluted EPS": 1.89,
        "Total Revenue": NaN,
        "Gross Profit": 866,
        "Operating Income": 465,
        "EBIT": 620,
        "Net Income": 240
    },
    "2019-12-31": {
        "Diluted EPS": 1.78,
        "Total Revenue": NaN,
        "Gross Profit": 898,
        "Operating Income": 463,
        "EBIT": 621,
        "Net Income": 245
    },
    "2019-09-30": {
        "Diluted EPS": 0.95,
        "Total Revenue": NaN,
        "Gross Profit": 913,
        "Operating Income": 378,
        "EBIT": 534,
        "Net Income": 143
    },
    "2019-06-30": {
        "Diluted EPS": 1.64,
        "Total Revenue": NaN,
        "Gross Profit": 885,
        "Operating Income": 462,
        "EBIT": 614,
        "Net Income": 274
    },
    "2019-03-31": {
        "Diluted EPS": 0.9,
        "Total Revenue": NaN,
        "Gross Profit": 778,
        "Operating Income": 341,
        "EBIT": 489,
        "Net Income": 149
    },
    "2018-12-31": {
        "Diluted EPS": -0.77,
        "Total Revenue": NaN,
        "Gross Profit": 794,
        "Operating Income": 388,
        "EBIT": 543,
        "Net Income": -150
    },
    "2018-09-30": {
        "Diluted EPS": -0.82,
        "Total Revenue": NaN,
        "Gross Profit": 784,
        "Operating Income": 289,
        "EBIT": 435,
        "Net Income": -137
    },
    "2018-06-30": {
        "Diluted EPS": 1.53,
        "Total Revenue": NaN,
        "Gross Profit": 818,
        "Operating Income": 438,
        "EBIT": 585,
        "Net Income": 267
    },
    "2018-03-31": {
        "Diluted EPS": 0.98,
        "Total Revenue": NaN,
        "Gross Profit": 814,
        "Operating Income": 411,
        "EBIT": 553,
        "Net Income": 179
    },
    "2017-12-31": {
        "Diluted EPS": 1.65,
        "Total Revenue": NaN,
        "Gross Profit": 839,
        "Operating Income": 150,
        "EBIT": 334,
        "Net Income": 303
    },
    "2017-09-30": {
        "Diluted EPS": -1.12,
        "Total Revenue": NaN,
        "Gross Profit": 813,
        "Operating Income": 395,
        "EBIT": 599,
        "Net Income": -214
    },
    "2017-06-30": {
        "Diluted EPS": 0.65,
        "Total Revenue": NaN,
        "Gross Profit": 805,
        "Operating Income": 391,
        "EBIT": 591,
        "Net Income": 127
    },
    "2017-03-31": {
        "Diluted EPS": 2.29,
        "Total Revenue": NaN,
        "Gross Profit": 779,
        "Operating Income": 876,
        "EBIT": NaN,
        "Net Income": 448
    },
    "2016-12-31": {
        "Diluted EPS": 0.8,
        "Total Revenue": -322,
        "Gross Profit": 198,
        "Operating Income": 517,
        "EBIT": 705,
        "Net Income": 158
    },
    "2016-09-30": {
        "Diluted EPS": 2.76,
        "Total Revenue": NaN,
        "Gross Profit": NaN,
        "Operating Income": 819,
        "EBIT": NaN,
        "Net Income": 571
    },
    "2016-06-30": {
        "Diluted EPS": 0.26,
        "Total Revenue": NaN,
        "Gross Profit": NaN,
        "Operating Income": 329,
        "EBIT": 509,
        "Net Income": 53
    },
    "2016-03-31": {
        "Diluted EPS": 0.47,
        "Total Revenue": NaN,
        "Gross Profit": 999,
        "Operating Income": 365,
        "EBIT": 534,
        "Net Income": 97
    },
    "2015-12-31": {
        "Diluted EPS": -0.01,
        "Total Revenue": -266,
        "Gross Profit": 188,
        "Operating Income": 211,
        "EBIT": 374,
        "Net Income": -6
    },
    "2015-09-30": {
        "Diluted EPS": 1.0,
        "Total Revenue": NaN,
        "Gross Profit": NaN,
        "Operating Income": 509,
        "EBIT": 671,
        "Net Income": 216
    },
    "2015-06-30": {
        "Diluted EPS": 0.78,
        "Total Revenue": NaN,
        "Gross Profit": 989,
        "Operating Income": 481,
        "EBIT": 639,
        "Net Income": 170
    },
    "2015-03-31": {
        "Diluted EPS": -0.52,
        "Total Revenue": NaN,
        "Gross Profit": 925,
        "Operating Income": -64,
        "EBIT": 90,
        "Net Income": -111
    },
    "2014-12-31": {
        "Diluted EPS": 0.95,
        "Total Revenue": NaN,
        "Gross Profit": 962,
        "Operating Income": 452,
        "EBIT": 606,
        "Net Income": 208
    },
    "2014-09-30": {
        "Diluted EPS": 0.85,
        "Total Revenue": NaN,
        "Gross Profit": 925,
        "Operating Income": 438,
        "EBIT": 586,
        "Net Income": 184
    },
    "2014-06-30": {
        "Diluted EPS": 0.68,
        "Total Revenue": NaN,
        "Gross Profit": 926,
        "Operating Income": 484,
        "EBIT": 630,
        "Net Income": 148
    },
    "2014-03-31": {
        "Diluted EPS": 0.85,
        "Total Revenue": NaN,
        "Gross Profit": 863,
        "Operating Income": 441,
        "EBIT": 584,
        "Net Income": 183
    },
    "2013-12-31": {
        "Diluted EPS": 0.99,
        "Total Revenue": NaN,
        "Gross Profit": 935,
        "Operating Income": 484,
        "EBIT": 623,
        "Net Income": 212
    },
    "2013-09-30": {
        "Diluted EPS": 0.64,
        "Total Revenue": NaN,
        "Gross Profit": 904,
        "Operating Income": 377,
        "EBIT": 510,
        "Net Income": 137
    },
    "2013-06-30": {
        "Diluted EPS": 1.18,
        "Total Revenue": NaN,
        "Gross Profit": 857,
        "Operating Income": 522,
        "EBIT": 653,
        "Net Income": 254
    },
    "2013-03-31": {
        "Diluted EPS": 0.14,
        "Total Revenue": NaN,
        "Gross Profit": 869,
        "Operating Income": 167,
        "EBIT": 293,
        "Net Income": 30
    },
    "2012-12-31": {
        "Diluted EPS": 0.77,
        "Total Revenue": NaN,
        "Gross Profit": 770,
        "Operating Income": 388,
        "EBIT": 498,
        "Net Income": 156
    },
    "2012-09-30": {
        "Diluted EPS": 0.75,
        "Total Revenue": NaN,
        "Gross Profit": 619,
        "Operating Income": 341,
        "EBIT": 421,
        "Net Income": 145
    },
    "2012-06-30": {
        "Diluted EPS": 0.5,
        "Total Revenue": NaN,
        "Gross Profit": 614,
        "Operating Income": 247,
        "EBIT": 325,
        "Net Income": 95
    },
    "2012-03-31": {
        "Diluted EPS": 0.73,
        "Total Revenue": NaN,
        "Gross Profit": 600,
        "Operating Income": 321,
        "EBIT": 397,
        "Net Income": 140
    },
    "2011-12-31": {
        "Diluted EPS": 0.78,
        "Total Revenue": NaN,
        "Gross Profit": 584,
        "Operating Income": 354,
        "EBIT": 427,
        "Net Income": 148
    },
    "2011-09-30": {
        "Diluted EPS": 0.71,
        "Total Revenue": NaN,
        "Gross Profit": 568,
        "Operating Income": 319,
        "EBIT": 387,
        "Net Income": 135
    },
    "2011-06-30": {
        "Diluted EPS": 0.52,
        "Total Revenue": NaN,
        "Gross Profit": 498,
        "Operating Income": 247,
        "EBIT": 311,
        "Net Income": 100
    },
    "2011-03-31": {
        "Diluted EPS": 0.48,
        "Total Revenue": NaN,
        "Gross Profit": 448,
        "Operating Income": 235,
        "EBIT": 297,
        "Net Income": 95
    },
    "2010-12-31": {
        "Diluted EPS": 0.36,
        "Total Revenue": NaN,
        "Gross Profit": 334,
        "Operating Income": 252,
        "EBIT": 312,
        "Net Income": 69
    },
    "2010-09-30": {
        "Diluted EPS": 0.58,
        "Total Revenue": NaN,
        "Gross Profit": 505,
        "Operating Income": 257,
        "EBIT": 315,
        "Net Income": 119
    },
    "2010-06-30": {
        "Diluted EPS": 0.52,
        "Total Revenue": NaN,
        "Gross Profit": 476,
        "Operating Income": 242,
        "EBIT": 301,
        "Net Income": 108
    },
    "2010-03-31": {
        "Diluted EPS": 0.52,
        "Total Revenue": NaN,
        "Gross Profit": 477,
        "Operating Income": 243,
        "EBIT": 300,
        "Net Income": 109
    },
    "2009-12-31": {
        "Diluted EPS": 0.53,
        "Total Revenue": NaN,
        "Gross Profit": 472,
        "Operating Income": 238,
        "EBIT": 295,
        "Net Income": 110
    },
    "2009-09-30": {
        "Diluted EPS": 0.53,
        "Total Revenue": NaN,
        "Gross Profit": 478,
        "Operating Income": 245,
        "EBIT": 302,
        "Net Income": 111
    },
    "2009-06-30": {
        "Diluted EPS": 0.51,
        "Total Revenue": NaN,
        "Gross Profit": 467,
        "Operating Income": 236,
        "EBIT": 294,
        "Net Income": 106
    },
    "2009-03-31": {
        "Diluted EPS": 0.46,
        "Total Revenue": NaN,
        "Gross Profit": 442,
        "Operating Income": 221,
        "EBIT": 278,
        "Net Income": 96
    },
    "2023-09-30": {
        "Tax Effect Of Unusual Items": NaN,
        "Tax Rate For Calcs": NaN,
        "Normalized EBITDA": NaN,
        "Total Unusual Items": NaN,
        "Total Unusual Items Excluding Goodwill": NaN,
        "Net Income From Continuing Operation Net Minority Interest": NaN,
        "Reconciled Depreciation": NaN,
        "Reconciled Cost Of Revenue": NaN,
        "EBITDA": NaN,
        "EBIT": NaN,
        "Net Interest Income": NaN,
        "Interest Expense": NaN,
        "Normalized Income": NaN,
        "Net Income From Continuing And Discontinued Operation": NaN,
        "Total Expenses": NaN,
        "Total Operating Income As Reported": NaN,
        "Diluted Average Shares": NaN,
        "Basic Average Shares": NaN,
        "Diluted EPS": NaN,
        "Basic EPS": NaN,
        "Diluted NI Availto Com Stockholders": NaN,
        "Net Income Common Stockholders": NaN,
        "Net Income": NaN,
        "Minority Interests": NaN,
        "Net Income Including Noncontrolling Interests": NaN,
        "Net Income Continuous Operations": NaN,
        "Tax Provision": NaN,
        "Pretax Income": NaN,
        "Other Income Expense": NaN,
        "Other Non Operating Income Expenses": NaN,
        "Special Income Charges": NaN,
        "Gain On Sale Of Business": NaN,
        "Other Special Charges": NaN,
        "Restructuring And Mergern Acquisition": 0.0,
        "Earnings From Equity Interest": NaN,
        "Net Non Operating Interest Income Expense": NaN,
        "Interest Expense Non Operating": NaN,
        "Operating Income": NaN,
        "Operating Expense": NaN,
        "Depreciation Amortization Depletion Income Statement": NaN,
        "Depreciation And Amortization In Income Statement": NaN,
        "Selling General And Administration": NaN,
        "General And Administrative Expense": NaN,
        "Other Gand A": NaN,
        "Gross Profit": NaN,
        "Cost Of Revenue": NaN,
        "Total Revenue": NaN,
        "Operating Revenue": NaN
    },
    "2023-12-31": {
        "Tax Effect Of Unusual Items": NaN,
        "Tax Rate For Calcs": NaN,
        "Normalized EBITDA": NaN,
        "Total Unusual Items": NaN,
        "Total Unusual Items Excluding Goodwill": NaN,
        "Net Income From Continuing Operation Net Minority Interest": NaN,
        "Reconciled Depreciation": NaN,
        "Reconciled Cost Of Revenue": NaN,
        "EBITDA": NaN,
        "EBIT": NaN,
        "Net Interest Income": NaN,
        "Interest Expense": NaN,
        "Normalized Income": NaN,
        "Net Income From Continuing And Discontinued Operation": NaN,
        "Total Expenses": NaN,
        "Total Operating Income As Reported": NaN,
        "Diluted Average Shares": NaN,
        "Basic Average Shares": NaN,
        "Diluted EPS": NaN,
        "Basic EPS": NaN,
        "Diluted NI Availto Com Stockholders": NaN,
        "Net Income Common Stockholders": NaN,
        "Net Income": NaN,
        "Minority Interests": NaN,
        "Net Income Including Noncontrolling Interests": NaN,
        "Net Income Continuous Operations": NaN,
        "Tax Provision": NaN,
        "Pretax Income": NaN,
        "Other Income Expense": NaN,
        "Other Non Operating Income Expenses": NaN,
        "Special Income Charges": NaN,
        "Gain On Sale Of Business": NaN,
        "Other Special Charges": 0.0,
        "Restructuring And Mergern Acquisition": NaN,
        "Earnings From Equity Interest": NaN,
        "Net Non Operating Interest Income Expense": NaN,
        "Interest Expense Non Operating": NaN,
        "Operating Income": NaN,
        "Operating Expense": NaN,
        "Depreciation Amortization Depletion Income Statement": NaN,
        "Depreciation And Amortization In Income Statement": NaN,
        "Selling General And Administration": NaN,
        "General And Administrative Expense": NaN,
        "Other Gand A": NaN,
        "Gross Profit": NaN,
        "Cost Of Revenue": NaN,
        "Total Revenue": NaN,
        "Operating Revenue": NaN
    },
    "2024-03-31": {
        "Tax Effect Of Unusual Items": NaN,
        "Tax Rate For Calcs": NaN,
        "Normalized EBITDA": NaN,
        "Total Unusual Items": NaN,
        "Total Unusual Items Excluding Goodwill": NaN,
        "Net Income From Continuing Operation Net Minority Interest": NaN,
        "Reconciled Depreciation": NaN,
        "Reconciled Cost Of Revenue": NaN,
        "EBITDA": NaN,
        "EBIT": NaN,
        "Net Interest Income": NaN,
        "Interest Expense": NaN,
        "Normalized Income": NaN,
        "Net Income From Continuing And Discontinued Operation": NaN,
        "Total Expenses": NaN,
        "Total Operating Income As Reported": NaN,
        "Diluted Average Shares": NaN,
        "Basic Average Shares": NaN,
        "Diluted EPS": NaN,
        "Basic EPS": NaN,
        "Diluted NI Availto Com Stockholders": NaN,
        "Net Income Common Stockholders": NaN,
        "Net Income": NaN,
        "Minority Interests": NaN,
        "Net Income Including Noncontrolling Interests": NaN,
        "Net Income Continuous Operations": NaN,
        "Tax Provision": NaN,
        "Pretax Income": NaN,
        "Other Income Expense": NaN,
        "Other Non Operating Income Expenses": NaN,
        "Special Income Charges": NaN,
        "Gain On Sale Of Business": 35147000.0,
        "Other Special Charges": NaN,
        "Restructuring And Mergern Acquisition": NaN,
        "Earnings From Equity Interest": NaN,
        "Net Non Operating Interest Income Expense": NaN,
        "Interest Expense Non Operating": NaN,
        "Operating Income": NaN,
        "Operating Expense": NaN,
        "Depreciation Amortization Depletion Income Statement": NaN,
        "Depreciation And Amortization In Income Statement": NaN,
        "Selling General And Administration": NaN,
        "General And Administrative Expense": NaN,
        "Other Gand A": NaN,
        "Gross Profit": NaN,
        "Cost Of Revenue": NaN,
        "Total Revenue": NaN,
        "Operating Revenue": NaN
    },
    "2024-06-30": {
        "Tax Effect Of Unusual Items": NaN,
        "Tax Rate For Calcs": NaN,
        "Normalized EBITDA": NaN,
        "Total Unusual Items": NaN,
        "Total Unusual Items Excluding Goodwill": NaN,
        "Net Income From Continuing Operation Net Minority Interest": NaN,
        "Reconciled Depreciation": NaN,
        "Reconciled Cost Of Revenue": NaN,
        "EBITDA": NaN,
        "EBIT": NaN,
        "Net Interest Income": NaN,
        "Interest Expense": NaN,
        "Normalized Income": NaN,
        "Net Income From Continuing And Discontinued Operation": NaN,
        "Total Expenses": NaN,
        "Total Operating Income As Reported": NaN,
        "Diluted Average Shares": NaN,
        "Basic Average Shares": NaN,
        "Diluted EPS": NaN,
        "Basic EPS": NaN,
        "Diluted NI Availto Com Stockholders": NaN,
        "Net Income Common Stockholders": NaN,
        "Net Income": NaN,
        "Minority Interests": NaN,
        "Net Income Including Noncontrolling Interests": NaN,
        "Net Income Continuous Operations": NaN,
        "Tax Provision": NaN,
        "Pretax Income": NaN,
        "Other Income Expense": NaN,
        "Other Non Operating Income Expenses": NaN,
        "Special Income Charges": NaN,
        "Gain On Sale Of Business": 0.0,
        "Other Special Charges": 9732000.0,
        "Restructuring And Mergern Acquisition": NaN,
        "Earnings From Equity Interest": NaN,
        "Net Non Operating Interest Income Expense": NaN,
        "Interest Expense Non Operating": NaN,
        "Operating Income": NaN,
        "Operating Expense": NaN,
        "Depreciation Amortization Depletion Income Statement": NaN,
        "Depreciation And Amortization In Income Statement": NaN,
        "Selling General And Administration": NaN,
        "General And Administrative Expense": NaN,
        "Other Gand A": NaN,
        "Gross Profit": NaN,
        "Cost Of Revenue": NaN,
        "Total Revenue": NaN,
        "Operating Revenue": NaN
    },
    "2024-09-30": {
        "Tax Effect Of Unusual Items": -2096840.657251,
        "Tax Rate For Calcs": 0.207999,
        "Normalized EBITDA": 705112000.0,
        "Total Unusual Items": -10081000.0,
        "Total Unusual Items Excluding Goodwill": -10081000.0,
        "Net Income From Continuing Operation Net Minority Interest": 214688000.0,
        "Reconciled Depreciation": 187014000.0,
        "Reconciled Cost Of Revenue": 2151875000.0,
        "EBITDA": 695031000.0,
        "EBIT": 508017000.0,
        "Net Interest Income": -134583000.0,
        "Interest Expense": 134583000.0,
        "Normalized Income": 222672159.342749,
        "Net Income From Continuing And Discontinued Operation": 214688000.0,
        "Total Expenses": 2732423000.0,
        "Total Operating Income As Reported": 534878000.0,
        "Diluted Average Shares": 85795000.0,
        "Basic Average Shares": 83721000.0,
        "Diluted EPS": 2.5,
        "Basic EPS": 2.56,
        "Diluted NI Availto Com Stockholders": 214688000.0,
        "Net Income Common Stockholders": 214688000.0,
        "Net Income": 214688000.0,
        "Minority Interests": -81072000.0,
        "Net Income Including Noncontrolling Interests": 295760000.0,
        "Net Income Continuous Operations": 295760000.0,
        "Tax Provision": 77674000.0,
        "Pretax Income": 373434000.0,
        "Other Income Expense": -23150000.0,
        "Other Non Operating Income Expenses": -16780000.0,
        "Special Income Charges": -10081000.0,
        "Gain On Sale Of Business": NaN,
        "Other Special Charges": 10081000.0,
        "Restructuring And Mergern Acquisition": 0.0,
        "Earnings From Equity Interest": 3711000.0,
        "Net Non Operating Interest Income Expense": -134583000.0,
        "Interest Expense Non Operating": 134583000.0,
        "Operating Income": 531167000.0,
        "Operating Expense": 580548000.0,
        "Depreciation Amortization Depletion Income Statement": 187014000.0,
        "Depreciation And Amortization In Income Statement": 187014000.0,
        "Selling General And Administration": 393534000.0,
        "General And Administrative Expense": 393534000.0,
        "Other Gand A": 393534000.0,
        "Gross Profit": 1111715000.0,
        "Cost Of Revenue": 2151875000.0,
        "Total Revenue": 3263590000.0,
        "Operating Revenue": 3138561000.0
    },
    "2024-12-31": {
        "Tax Effect Of Unusual Items": 11584001.450211,
        "Tax Rate For Calcs": 0.155869,
        "Normalized EBITDA": 652237000.0,
        "Total Unusual Items": 74319000.0,
        "Total Unusual Items Excluding Goodwill": 74319000.0,
        "Net Income From Continuing Operation Net Minority Interest": 259329000.0,
        "Reconciled Depreciation": 174102000.0,
        "Reconciled Cost Of Revenue": 2225371000.0,
        "EBITDA": 726556000.0,
        "EBIT": 552454000.0,
        "Net Interest Income": -138721000.0,
        "Interest Expense": 138721000.0,
        "Normalized Income": 196594001.450211,
        "Net Income From Continuing And Discontinued Operation": 259329000.0,
        "Total Expenses": 2813955000.0,
        "Total Operating Income As Reported": 565362000.0,
        "Diluted Average Shares": 83854000.0,
        "Basic Average Shares": 81620000.0,
        "Diluted EPS": 3.09,
        "Basic EPS": 3.18,
        "Diluted NI Availto Com Stockholders": 259329000.0,
        "Net Income Common Stockholders": 259329000.0,
        "Net Income": 259329000.0,
        "Minority Interests": -89916000.0,
        "Net Income Including Noncontrolling Interests": 349245000.0,
        "Net Income Continuous Operations": 349245000.0,
        "Tax Provision": 64488000.0,
        "Pretax Income": 413733000.0,
        "Other Income Expense": 71726000.0,
        "Other Non Operating Income Expenses": -12908000.0,
        "Special Income Charges": 74319000.0,
        "Gain On Sale Of Business": NaN,
        "Other Special Charges": 0.0,
        "Restructuring And Mergern Acquisition": -74319000.0,
        "Earnings From Equity Interest": 10315000.0,
        "Net Non Operating Interest Income Expense": -138721000.0,
        "Interest Expense Non Operating": 138721000.0,
        "Operating Income": 480728000.0,
        "Operating Expense": 588584000.0,
        "Depreciation Amortization Depletion Income Statement": 174102000.0,
        "Depreciation And Amortization In Income Statement": 174102000.0,
        "Selling General And Administration": 414482000.0,
        "General And Administrative Expense": 414482000.0,
        "Other Gand A": 414482000.0,
        "Gross Profit": 1069312000.0,
        "Cost Of Revenue": 2225371000.0,
        "Total Revenue": 3294683000.0,
        "Operating Revenue": 3119180000.0
    },
    "2025-03-31": {
        "Tax Effect Of Unusual Items": 0.0,
        "Tax Rate For Calcs": 0.189,
        "Normalized EBITDA": 597839000.0,
        "Total Unusual Items": 0.0,
        "Total Unusual Items Excluding Goodwill": 0.0,
        "Net Income From Continuing Operation Net Minority Interest": 162917000.0,
        "Reconciled Depreciation": 176451000.0,
        "Reconciled Cost Of Revenue": 2239660000.0,
        "EBITDA": 597839000.0,
        "EBIT": 421388000.0,
        "Net Interest Income": -135055000.0,
        "Interest Expense": 135055000.0,
        "Normalized Income": 162917000.0,
        "Net Income From Continuing And Discontinued Operation": 162917000.0,
        "Total Expenses": 2790201000.0,
        "Total Operating Income As Reported": 438937000.0,
        "Diluted Average Shares": 81275000.0,
        "Basic Average Shares": 79368000.0,
        "Diluted EPS": 2.0,
        "Basic EPS": 2.05,
        "Diluted NI Availto Com Stockholders": 162917000.0,
        "Net Income Common Stockholders": 162917000.0,
        "Net Income": 162917000.0,
        "Minority Interests": -69299000.0,
        "Net Income Including Noncontrolling Interests": 232216000.0,
        "Net Income Continuous Operations": 232216000.0,
        "Tax Provision": 54117000.0,
        "Pretax Income": 286333000.0,
        "Other Income Expense": -11940000.0,
        "Other Non Operating Income Expenses": -17549000.0,
        "Special Income Charges": 0.0,
        "Gain On Sale Of Business": 0.0,
        "Other Special Charges": NaN,
        "Restructuring And Mergern Acquisition": NaN,
        "Earnings From Equity Interest": 5609000.0,
        "Net Non Operating Interest Income Expense": -135055000.0,
        "Interest Expense Non Operating": 135055000.0,
        "Operating Income": 433328000.0,
        "Operating Expense": 550541000.0,
        "Depreciation Amortization Depletion Income Statement": 176451000.0,
        "Depreciation And Amortization In Income Statement": 176451000.0,
        "Selling General And Administration": 374090000.0,
        "General And Administrative Expense": 374090000.0,
        "Other Gand A": 374090000.0,
        "Gross Profit": 983869000.0,
        "Cost Of Revenue": 2239660000.0,
        "Total Revenue": 3223529000.0,
        "Operating Revenue": 3102993000.0
    },
    "2025-06-30": {
        "Tax Effect Of Unusual Items": 0.0,
        "Tax Rate For Calcs": 0.254001,
        "Normalized EBITDA": 689694000.0,
        "Total Unusual Items": 0.0,
        "Total Unusual Items Excluding Goodwill": 0.0,
        "Net Income From Continuing Operation Net Minority Interest": 199337000.0,
        "Reconciled Depreciation": 174704000.0,
        "Reconciled Cost Of Revenue": 2261540000.0,
        "EBITDA": 689694000.0,
        "EBIT": 514990000.0,
        "Net Interest Income": -146062000.0,
        "Interest Expense": 146062000.0,
        "Normalized Income": 199337000.0,
        "Net Income From Continuing And Discontinued Operation": 199337000.0,
        "Total Expenses": 2849049000.0,
        "Total Operating Income As Reported": 537841000.0,
        "Diluted Average Shares": 77362000.0,
        "Basic Average Shares": 75943000.0,
        "Diluted EPS": 2.58,
        "Basic EPS": 2.62,
        "Diluted NI Availto Com Stockholders": 199337000.0,
        "Net Income Common Stockholders": 199337000.0,
        "Net Income": 199337000.0,
        "Minority Interests": -75883000.0,
        "Net Income Including Noncontrolling Interests": 275220000.0,
        "Net Income Continuous Operations": 275220000.0,
        "Tax Provision": 93708000.0,
        "Pretax Income": 368928000.0,
        "Other Income Expense": -15487000.0,
        "Other Non Operating Income Expenses": -22851000.0,
        "Special Income Charges": 0.0,
        "Gain On Sale Of Business": 0.0,
        "Other Special Charges": NaN,
        "Restructuring And Mergern Acquisition": NaN,
        "Earnings From Equity Interest": 7364000.0,
        "Net Non Operating Interest Income Expense": -146062000.0,
        "Interest Expense Non Operating": 146062000.0,
        "Operating Income": 530477000.0,
        "Operating Expense": 587509000.0,
        "Depreciation Amortization Depletion Income Statement": 174704000.0,
        "Depreciation And Amortization In Income Statement": 174704000.0,
        "Selling General And Administration": 412805000.0,
        "General And Administrative Expense": 412805000.0,
        "Other Gand A": 412805000.0,
        "Gross Profit": 1117986000.0,
        "Cost Of Revenue": 2261540000.0,
        "Total Revenue": 3379526000.0,
        "Operating Revenue": 3206871000.0
    },
    "2025-09-30": {
        "Tax Effect Of Unusual Items": -1143295.563838,
        "Tax Rate For Calcs": 0.221999,
        "Normalized EBITDA": 642000000.0,
        "Total Unusual Items": -5150000.0,
        "Total Unusual Items Excluding Goodwill": -5150000.0,
        "Net Income From Continuing Operation Net Minority Interest": 150332000.0,
        "Reconciled Depreciation": 177490000.0,
        "Reconciled Cost Of Revenue": 2332759000.0,
        "EBITDA": 636850000.0,
        "EBIT": 459360000.0,
        "Net Interest Income": -150557000.0,
        "Interest Expense": 150557000.0,
        "Normalized Income": 154338704.436162,
        "Net Income From Continuing And Discontinued Operation": 150332000.0,
        "Total Expenses": 2924622000.0,
        "Total Operating Income As Reported": 505767000.0,
        "Diluted Average Shares": 73769000.0,
        "Basic Average Shares": 72075000.0,
        "Diluted EPS": 2.04,
        "Basic EPS": 2.09,
        "Diluted NI Availto Com Stockholders": 150332000.0,
        "Net Income Common Stockholders": 150332000.0,
        "Net Income": 150332000.0,
        "Minority Interests": -89917000.0,
        "Net Income Including Noncontrolling Interests": 240249000.0,
        "Net Income Continuous Operations": 240249000.0,
        "Tax Provision": 68554000.0,
        "Pretax Income": 308803000.0,
        "Other Income Expense": -36245000.0,
        "Other Non Operating Income Expenses": -41257000.0,
        "Special Income Charges": -5150000.0,
        "Gain On Sale Of Business": 0.0,
        "Other Special Charges": 5150000.0,
        "Restructuring And Mergern Acquisition": NaN,
        "Earnings From Equity Interest": 10162000.0,
        "Net Non Operating Interest Income Expense": -150557000.0,
        "Interest Expense Non Operating": 150557000.0,
        "Operating Income": 495605000.0,
        "Operating Expense": 591863000.0,
        "Depreciation Amortization Depletion Income Statement": 177490000.0,
        "Depreciation And Amortization In Income Statement": 177490000.0,
        "Selling General And Administration": 414373000.0,
        "General And Administrative Expense": 414373000.0,
        "Other Gand A": 414373000.0,
        "Gross Profit": 1087468000.0,
        "Cost Of Revenue": 2332759000.0,
        "Total Revenue": 3420227000.0,
        "Operating Revenue": 3298090000.0
    }
}