{
    "2023-03-31": {
        "Tax Effect Of Unusual Items": NaN,
        "Tax Rate For Calcs": NaN,
        "Normalized EBITDA": NaN,
        "Total Unusual Items": NaN,
        "Total Unusual Items Excluding Goodwill": NaN,
        "Net Income From Continuing Operation Net Minority Interest": NaN,
        "Reconciled Depreciation": NaN,
        "Reconciled Cost Of Revenue": NaN,
        "EBITDA": NaN,
        "EBIT": NaN,
        "Net Interest Income": NaN,
        "Interest Expense": NaN,
        "Interest Income": NaN,
        "Normalized Income": NaN,
        "Net Income From Continuing And Discontinued Operation": NaN,
        "Total Expenses": NaN,
        "Total Operating Income As Reported": NaN,
        "Diluted Average Shares": NaN,
        "Basic Average Shares": NaN,
        "Diluted EPS": NaN,
        "Basic EPS": NaN,
        "Diluted NI Availto Com Stockholders": NaN,
        "Average Dilution Earnings": 0.0,
        "Net Income Common Stockholders": NaN,
        "Otherunder Preferred Stock Dividend": 0.0,
        "Net Income": NaN,
        "Net Income Including Noncontrolling Interests": NaN,
        "Net Income Continuous Operations": NaN,
        "Tax Provision": NaN,
        "Pretax Income": NaN,
        "Other Income Expense": NaN,
        "Other Non Operating Income Expenses": NaN,
        "Special Income Charges": NaN,
        "Gain On Sale Of Ppe": NaN,
        "Write Off": NaN,
        "Net Non Operating Interest Income Expense": NaN,
        "Total Other Finance Cost": NaN,
        "Interest Expense Non Operating": NaN,
        "Interest Income Non Operating": NaN,
        "Operating Income": NaN,
        "Operating Expense": NaN,
        "Research And Development": NaN,
        "Selling General And Administration": NaN,
        "General And Administrative Expense": NaN,
        "Other Gand A": NaN,
        "Salaries And Wages": NaN,
        "Gross Profit": NaN,
        "Cost Of Revenue": NaN,
        "Total Revenue": NaN,
        "Operating Revenue": NaN
    },
    "2022-12-31": {
        "Tax Effect Of Unusual Items": NaN,
        "Tax Rate For Calcs": NaN,
        "Normalized EBITDA": NaN,
        "Total Unusual Items": NaN,
        "Total Unusual Items Excluding Goodwill": NaN,
        "Net Income From Continuing Operation Net Minority Interest": NaN,
        "Reconciled Depreciation": NaN,
        "Reconciled Cost Of Revenue": NaN,
        "EBITDA": NaN,
        "EBIT": NaN,
        "Net Interest Income": NaN,
        "Interest Expense": NaN,
        "Interest Income": NaN,
        "Normalized Income": NaN,
        "Net Income From Continuing And Discontinued Operation": NaN,
        "Total Expenses": NaN,
        "Total Operating Income As Reported": NaN,
        "Diluted Average Shares": NaN,
        "Basic Average Shares": NaN,
        "Diluted EPS": NaN,
        "Basic EPS": NaN,
        "Diluted NI Availto Com Stockholders": NaN,
        "Average Dilution Earnings": NaN,
        "Net Income Common Stockholders": NaN,
        "Otherunder Preferred Stock Dividend": -8000.0,
        "Net Income": NaN,
        "Net Income Including Noncontrolling Interests": NaN,
        "Net Income Continuous Operations": NaN,
        "Tax Provision": NaN,
        "Pretax Income": NaN,
        "Other Income Expense": NaN,
        "Other Non Operating Income Expenses": NaN,
        "Special Income Charges": NaN,
        "Gain On Sale Of Ppe": 0.0,
        "Write Off": NaN,
        "Gain On Sale Of Security": 0.0,
        "Net Non Operating Interest Income Expense": NaN,
        "Total Other Finance Cost": NaN,
        "Interest Expense Non Operating": NaN,
        "Interest Income Non Operating": NaN,
        "Operating Income": NaN,
        "Operating Expense": NaN,
        "Research And Development": NaN,
        "Selling General And Administration": NaN,
        "General And Administrative Expense": NaN,
        "Other Gand A": NaN,
        "Salaries And Wages": NaN,
        "Gross Profit": NaN,
        "Cost Of Revenue": NaN,
        "Total Revenue": NaN,
        "Operating Revenue": NaN
    },
    "2022-09-30": {
        "Tax Effect Of Unusual Items": NaN,
        "Tax Rate For Calcs": NaN,
        "Normalized EBITDA": NaN,
        "Total Unusual Items": NaN,
        "Total Unusual Items Excluding Goodwill": NaN,
        "Net Income From Continuing Operation Net Minority Interest": NaN,
        "Reconciled Depreciation": NaN,
        "Reconciled Cost Of Revenue": NaN,
        "EBITDA": NaN,
        "EBIT": NaN,
        "Net Interest Income": NaN,
        "Interest Expense": NaN,
        "Interest Income": NaN,
        "Normalized Income": NaN,
        "Net Income From Continuing And Discontinued Operation": NaN,
        "Total Expenses": NaN,
        "Total Operating Income As Reported": NaN,
        "Diluted Average Shares": NaN,
        "Basic Average Shares": NaN,
        "Diluted EPS": NaN,
        "Basic EPS": NaN,
        "Diluted NI Availto Com Stockholders": NaN,
        "Average Dilution Earnings": NaN,
        "Net Income Common Stockholders": NaN,
        "Otherunder Preferred Stock Dividend": NaN,
        "Net Income": NaN,
        "Net Income Including Noncontrolling Interests": NaN,
        "Net Income Continuous Operations": NaN,
        "Tax Provision": NaN,
        "Pretax Income": NaN,
        "Other Income Expense": NaN,
        "Other Non Operating Income Expenses": NaN,
        "Special Income Charges": NaN,
        "Gain On Sale Of Ppe": 0.0,
        "Write Off": NaN,
        "Gain On Sale Of Security": NaN,
        "Net Non Operating Interest Income Expense": NaN,
        "Total Other Finance Cost": 273000.0,
        "Interest Expense Non Operating": NaN,
        "Interest Income Non Operating": NaN,
        "Operating Income": NaN,
        "Operating Expense": NaN,
        "Research And Development": NaN,
        "Selling General And Administration": NaN,
        "General And Administrative Expense": NaN,
        "Other Gand A": NaN,
        "Salaries And Wages": NaN,
        "Gross Profit": NaN,
        "Cost Of Revenue": NaN,
        "Total Revenue": NaN,
        "Operating Revenue": NaN
    },
    "2022-06-30": {
        "Tax Effect Of Unusual Items": 4000.0,
        "Tax Rate For Calcs": 0.004,
        "Normalized EBITDA": 130414000.0,
        "Total Unusual Items": 1000000.0,
        "Total Unusual Items Excluding Goodwill": 1000000.0,
        "Net Income From Continuing Operation Net Minority Interest": 128755000.0,
        "Reconciled Depreciation": 357000.0,
        "Reconciled Cost Of Revenue": 83369000.0,
        "EBITDA": 131414000.0,
        "EBIT": 131057000.0,
        "Net Interest Income": -918000.0,
        "Interest Expense": 1683000.0,
        "Interest Income": 765000.0,
        "Normalized Income": 127759000.0,
        "Net Income From Continuing And Discontinued Operation": 128755000.0,
        "Total Expenses": 129237000.0,
        "Total Operating Income As Reported": 128227000.0,
        "Diluted Average Shares": 149905000.0,
        "Basic Average Shares": 126347000.0,
        "Diluted EPS": 0.87,
        "Basic EPS": 1.02,
        "Diluted NI Availto Com Stockholders": 130015000.0,
        "Average Dilution Earnings": 1260000.0,
        "Net Income Common Stockholders": 128755000.0,
        "Otherunder Preferred Stock Dividend": 0.0,
        "Net Income": 128755000.0,
        "Net Income Including Noncontrolling Interests": 128755000.0,
        "Net Income Continuous Operations": 128755000.0,
        "Tax Provision": 619000.0,
        "Pretax Income": 129374000.0,
        "Other Income Expense": 3065000.0,
        "Other Non Operating Income Expenses": 2065000.0,
        "Special Income Charges": 1000000.0,
        "Gain On Sale Of Ppe": 1000000.0,
        "Write Off": NaN,
        "Gain On Sale Of Security": NaN,
        "Net Non Operating Interest Income Expense": -918000.0,
        "Total Other Finance Cost": NaN,
        "Interest Expense Non Operating": 1683000.0,
        "Interest Income Non Operating": 765000.0,
        "Operating Income": 127227000.0,
        "Operating Expense": 45868000.0,
        "Research And Development": 9689000.0,
        "Selling General And Administration": 36179000.0,
        "General And Administrative Expense": 36179000.0,
        "Other Gand A": 17653000.0,
        "Salaries And Wages": 18526000.0,
        "Gross Profit": 173095000.0,
        "Cost Of Revenue": 83369000.0,
        "Total Revenue": 256464000.0,
        "Operating Revenue": 255320000.0
    },
    "2022-03-31": {
        "Diluted EPS": 0.22,
        "Total Revenue": 114,
        "Gross Profit": 74,
        "Operating Income": 31,
        "EBIT": 32,
        "Net Income": 33
    },
    "2021-12-31": {
        "Diluted EPS": 0.78,
        "Total Revenue": 195,
        "Gross Profit": 121,
        "Operating Income": 81,
        "EBIT": 82,
        "Net Income": 95
    },
    "2021-09-30": {
        "Diluted EPS": -0.24,
        "Total Revenue": 108,
        "Gross Profit": 48,
        "Operating Income": 16,
        "EBIT": 18,
        "Net Income": -28
    },
    "2021-06-30": {
        "Diluted EPS": 0.02,
        "Total Revenue": 53,
        "Gross Profit": 38,
        "Operating Income": 9,
        "EBIT": 11,
        "Net Income": 4
    },
    "2021-03-31": {
        "Diluted EPS": 0.01,
        "Total Revenue": 83,
        "Gross Profit": 59,
        "Operating Income": 29,
        "EBIT": 31,
        "Net Income": 1
    },
    "2020-12-31": {
        "Diluted EPS": 0.15,
        "Total Revenue": 20,
        "Gross Profit": 15,
        "Operating Income": -12,
        "EBIT": -10,
        "Net Income": -15
    },
    "2020-09-30": {
        "Diluted EPS": -0.15,
        "Total Revenue": 13,
        "Gross Profit": 9,
        "Operating Income": -14,
        "EBIT": -12,
        "Net Income": 4
    },
    "2020-06-30": {
        "Diluted EPS": -0.53,
        "Total Revenue": 3,
        "Gross Profit": 2,
        "Operating Income": -23,
        "EBIT": -21,
        "Net Income": -52
    },
    "2020-03-31": {
        "Diluted EPS": -0.25,
        "Total Revenue": 11,
        "Gross Profit": 9,
        "Operating Income": -19,
        "EBIT": -15,
        "Net Income": -13
    },
    "2019-12-31": {
        "Diluted EPS": -0.39,
        "Total Revenue": 11,
        "Gross Profit": 8,
        "Operating Income": -27,
        "EBIT": -24,
        "Net Income": -37
    },
    "2019-09-30": {
        "Diluted EPS": -0.49,
        "Total Revenue": 11,
        "Gross Profit": 7,
        "Operating Income": -31,
        "EBIT": -23,
        "Net Income": -37
    },
    "2019-06-30": {
        "Diluted EPS": -0.66,
        "Total Revenue": 8,
        "Gross Profit": 6,
        "Operating Income": -39,
        "EBIT": -35,
        "Net Income": -43
    },
    "2019-03-31": {
        "Diluted EPS": -0.62,
        "Total Revenue": 6,
        "Gross Profit": 4,
        "Operating Income": -38,
        "EBIT": -33,
        "Net Income": -40
    },
    "2018-12-31": {
        "Diluted EPS": -0.64,
        "Total Revenue": 5,
        "Gross Profit": 4,
        "Operating Income": -38,
        "EBIT": -35,
        "Net Income": -40
    },
    "2018-09-30": {
        "Diluted EPS": -0.65,
        "Total Revenue": 1,
        "Gross Profit": -2,
        "Operating Income": -39,
        "EBIT": -35,
        "Net Income": -41
    },
    "2018-06-30": {
        "Diluted EPS": -0.63,
        "Total Revenue": 1,
        "Gross Profit": -4,
        "Operating Income": -38,
        "EBIT": -36,
        "Net Income": -39
    },
    "2018-03-31": {
        "Diluted EPS": -0.63,
        "Total Revenue": 0,
        "Gross Profit": 0,
        "Operating Income": -38,
        "EBIT": -35,
        "Net Income": -39
    },
    "2017-12-31": {
        "Diluted EPS": -0.42,
        "Total Revenue": 0,
        "Gross Profit": 0,
        "Operating Income": -28,
        "EBIT": -26,
        "Net Income": -27
    },
    "2017-09-30": {
        "Diluted EPS": -0.38,
        "Total Revenue": 0,
        "Gross Profit": 0,
        "Operating Income": -22,
        "EBIT": -22,
        "Net Income": -22
    },
    "2017-06-30": {
        "Diluted EPS": -0.41,
        "Total Revenue": 0,
        "Gross Profit": 0,
        "Operating Income": -20,
        "EBIT": -19,
        "Net Income": -20
    },
    "2017-03-31": {
        "Diluted EPS": -0.6,
        "Total Revenue": 0,
        "Gross Profit": 0,
        "Operating Income": -25,
        "EBIT": -25,
        "Net Income": -25
    },
    "2016-12-31": {
        "Diluted EPS": -0.57,
        "Total Revenue": 7,
        "Gross Profit": 7,
        "Operating Income": -19,
        "EBIT": -19,
        "Net Income": -22
    },
    "2016-09-30": {
        "Diluted EPS": -0.9,
        "Total Revenue": 0,
        "Gross Profit": 0,
        "Operating Income": -35,
        "EBIT": -34,
        "Net Income": -35
    },
    "2016-06-30": {
        "Diluted EPS": -0.75,
        "Total Revenue": 3,
        "Gross Profit": 3,
        "Operating Income": -29,
        "EBIT": -29,
        "Net Income": -29
    },
    "2016-03-31": {
        "Diluted EPS": -0.7,
        "Total Revenue": 1,
        "Gross Profit": 1,
        "Operating Income": -27,
        "EBIT": -27,
        "Net Income": -27
    },
    "2015-12-31": {
        "Diluted EPS": -0.66,
        "Total Revenue": 1,
        "Gross Profit": 1,
        "Operating Income": -27,
        "EBIT": -26,
        "Net Income": -27
    },
    "2015-09-30": {
        "Diluted EPS": -0.82,
        "Total Revenue": 1,
        "Gross Profit": 1,
        "Operating Income": -28,
        "EBIT": -28,
        "Net Income": -30
    },
    "2015-06-30": {
        "Diluted EPS": -0.8,
        "Total Revenue": 2,
        "Gross Profit": 2,
        "Operating Income": -23,
        "EBIT": -23,
        "Net Income": -24
    },
    "2015-03-31": {
        "Diluted EPS": -0.97,
        "Total Revenue": 1,
        "Gross Profit": 1,
        "Operating Income": -26,
        "EBIT": -26,
        "Net Income": -26
    },
    "2014-12-31": {
        "Diluted EPS": -0.85,
        "Total Revenue": 2,
        "Gross Profit": 2,
        "Operating Income": -22,
        "EBIT": -22,
        "Net Income": -22
    },
    "2014-09-30": {
        "Diluted EPS": -1.13,
        "Total Revenue": 2,
        "Gross Profit": 2,
        "Operating Income": -30,
        "EBIT": -30,
        "Net Income": -30
    },
    "2014-06-30": {
        "Diluted EPS": -0.94,
        "Total Revenue": 3,
        "Gross Profit": 3,
        "Operating Income": -25,
        "EBIT": -24,
        "Net Income": -25
    },
    "2014-03-31": {
        "Diluted EPS": -0.53,
        "Total Revenue": 3,
        "Gross Profit": 3,
        "Operating Income": -14,
        "EBIT": -13,
        "Net Income": -14
    },
    "2013-12-31": {
        "Diluted EPS": -0.93,
        "Total Revenue": 3,
        "Gross Profit": 3,
        "Operating Income": -13,
        "EBIT": -12,
        "Net Income": -22
    },
    "2013-09-30": {
        "Diluted EPS": -0.9,
        "Total Revenue": 3,
        "Gross Profit": 3,
        "Operating Income": -16,
        "EBIT": -15,
        "Net Income": -16
    },
    "2013-06-30": {
        "Diluted EPS": -0.9,
        "Total Revenue": 3,
        "Gross Profit": 3,
        "Operating Income": -17,
        "EBIT": -16,
        "Net Income": -17
    },
    "2013-03-31": {
        "Diluted EPS": -1.1,
        "Total Revenue": 2,
        "Gross Profit": 2,
        "Operating Income": -21,
        "EBIT": -20,
        "Net Income": -21
    },
    "2012-12-31": {
        "Diluted EPS": -1.1,
        "Total Revenue": 2,
        "Gross Profit": 2,
        "Operating Income": -20,
        "EBIT": -19,
        "Net Income": -21
    },
    "2012-09-30": {
        "Diluted EPS": -1.0,
        "Total Revenue": 3,
        "Gross Profit": 3,
        "Operating Income": -17,
        "EBIT": -16,
        "Net Income": -18
    },
    "2012-06-30": {
        "Diluted EPS": -0.9,
        "Total Revenue": 3,
        "Gross Profit": 3,
        "Operating Income": -15,
        "EBIT": -14,
        "Net Income": -15
    },
    "2012-03-31": {
        "Diluted EPS": -1.1,
        "Total Revenue": 2,
        "Gross Profit": 2,
        "Operating Income": -16,
        "EBIT": -15,
        "Net Income": -17
    },
    "2011-12-31": {
        "Diluted EPS": -0.2,
        "Total Revenue": 11,
        "Gross Profit": 11,
        "Operating Income": -5,
        "EBIT": -4,
        "Net Income": -4
    },
    "2011-09-30": {
        "Diluted EPS": -1.2,
        "Total Revenue": 1,
        "Gross Profit": 1,
        "Operating Income": -15,
        "EBIT": -14,
        "Net Income": -15
    },
    "2011-06-30": {
        "Diluted EPS": -0.9,
        "Total Revenue": 7,
        "Gross Profit": 7,
        "Operating Income": -10,
        "EBIT": -9,
        "Net Income": -11
    },
    "2011-03-31": {
        "Diluted EPS": -1.6,
        "Total Revenue": 2,
        "Gross Profit": 2,
        "Operating Income": -18,
        "EBIT": -17,
        "Net Income": -18
    },
    "2010-12-31": {
        "Diluted EPS": -1.2,
        "Total Revenue": 2,
        "Gross Profit": 2,
        "Operating Income": -16,
        "EBIT": -15,
        "Net Income": -15
    },
    "2010-09-30": {
        "Diluted EPS": -0.6,
        "Total Revenue": 12,
        "Gross Profit": 12,
        "Operating Income": -7,
        "EBIT": -6,
        "Net Income": -5
    },
    "2010-06-30": {
        "Diluted EPS": -3.4,
        "Total Revenue": 2,
        "Gross Profit": 2,
        "Operating Income": -16,
        "EBIT": -16,
        "Net Income": -28
    },
    "2010-03-31": {
        "Diluted EPS": -1.7,
        "Total Revenue": 8,
        "Gross Profit": 8,
        "Operating Income": -9,
        "EBIT": -8,
        "Net Income": -9
    },
    "2009-12-31": {
        "Diluted EPS": -7.5,
        "Total Revenue": 2,
        "Gross Profit": 2,
        "Operating Income": -12,
        "EBIT": -11,
        "Net Income": -30
    },
    "2009-09-30": {
        "Diluted EPS": -2.4,
        "Total Revenue": 3,
        "Gross Profit": 3,
        "Operating Income": -11,
        "EBIT": -10,
        "Net Income": -10
    },
    "2009-06-30": {
        "Diluted EPS": 1.0,
        "Total Revenue": 16,
        "Gross Profit": 16,
        "Operating Income": 3,
        "EBIT": 4,
        "Net Income": 4
    },
    "2009-03-31": {
        "Diluted EPS": 1.3,
        "Total Revenue": 19,
        "Gross Profit": 19,
        "Operating Income": 4,
        "EBIT": 5,
        "Net Income": 5
    },
    "2023-06-30": {
        "Tax Effect Of Unusual Items": NaN,
        "Tax Rate For Calcs": NaN,
        "Normalized EBITDA": NaN,
        "Total Unusual Items": NaN,
        "Total Unusual Items Excluding Goodwill": NaN,
        "Net Income From Continuing Operation Net Minority Interest": NaN,
        "Reconciled Depreciation": NaN,
        "Reconciled Cost Of Revenue": NaN,
        "EBITDA": NaN,
        "EBIT": NaN,
        "Net Interest Income": NaN,
        "Interest Expense": NaN,
        "Interest Income": NaN,
        "Normalized Income": NaN,
        "Net Income From Continuing And Discontinued Operation": NaN,
        "Total Expenses": NaN,
        "Total Operating Income As Reported": NaN,
        "Diluted Average Shares": NaN,
        "Basic Average Shares": NaN,
        "Diluted EPS": NaN,
        "Basic EPS": NaN,
        "Diluted NI Availto Com Stockholders": NaN,
        "Average Dilution Earnings": 1266000.0,
        "Net Income Common Stockholders": NaN,
        "Otherunder Preferred Stock Dividend": 0.0,
        "Net Income": NaN,
        "Net Income Including Noncontrolling Interests": NaN,
        "Net Income Continuous Operations": NaN,
        "Tax Provision": NaN,
        "Pretax Income": NaN,
        "Other Income Expense": NaN,
        "Other Non Operating Income Expenses": NaN,
        "Special Income Charges": NaN,
        "Gain On Sale Of Ppe": 0.0,
        "Write Off": NaN,
        "Net Non Operating Interest Income Expense": NaN,
        "Total Other Finance Cost": 279000.0,
        "Interest Expense Non Operating": NaN,
        "Interest Income Non Operating": NaN,
        "Operating Income": NaN,
        "Operating Expense": NaN,
        "Research And Development": NaN,
        "Selling General And Administration": NaN,
        "General And Administrative Expense": NaN,
        "Other Gand A": NaN,
        "Salaries And Wages": NaN,
        "Gross Profit": NaN,
        "Cost Of Revenue": NaN,
        "Total Revenue": NaN,
        "Operating Revenue": NaN
    },
    "2023-09-30": {
        "Tax Effect Of Unusual Items": NaN,
        "Tax Rate For Calcs": NaN,
        "Normalized EBITDA": NaN,
        "Total Unusual Items": NaN,
        "Total Unusual Items Excluding Goodwill": NaN,
        "Net Income From Continuing Operation Net Minority Interest": NaN,
        "Reconciled Depreciation": NaN,
        "Reconciled Cost Of Revenue": NaN,
        "EBITDA": NaN,
        "EBIT": NaN,
        "Net Interest Income": NaN,
        "Interest Expense": NaN,
        "Interest Income": NaN,
        "Normalized Income": NaN,
        "Net Income From Continuing And Discontinued Operation": NaN,
        "Total Expenses": NaN,
        "Total Operating Income As Reported": NaN,
        "Diluted Average Shares": NaN,
        "Basic Average Shares": NaN,
        "Diluted EPS": NaN,
        "Basic EPS": NaN,
        "Diluted NI Availto Com Stockholders": NaN,
        "Average Dilution Earnings": 1268000.0,
        "Net Income Common Stockholders": NaN,
        "Otherunder Preferred Stock Dividend": 0.0,
        "Net Income": NaN,
        "Net Income Including Noncontrolling Interests": NaN,
        "Net Income Continuous Operations": NaN,
        "Tax Provision": NaN,
        "Pretax Income": NaN,
        "Other Income Expense": NaN,
        "Other Non Operating Income Expenses": NaN,
        "Special Income Charges": NaN,
        "Gain On Sale Of Ppe": 1000000.0,
        "Other Special Charges": NaN,
        "Write Off": NaN,
        "Net Non Operating Interest Income Expense": NaN,
        "Total Other Finance Cost": 282000.0,
        "Interest Expense Non Operating": NaN,
        "Interest Income Non Operating": NaN,
        "Operating Income": NaN,
        "Operating Expense": NaN,
        "Research And Development": NaN,
        "Selling General And Administration": NaN,
        "General And Administrative Expense": NaN,
        "Other Gand A": NaN,
        "Salaries And Wages": NaN,
        "Gross Profit": NaN,
        "Cost Of Revenue": NaN,
        "Total Revenue": NaN,
        "Operating Revenue": NaN
    },
    "2023-12-31": {
        "Tax Effect Of Unusual Items": NaN,
        "Tax Rate For Calcs": NaN,
        "Normalized EBITDA": NaN,
        "Total Unusual Items": NaN,
        "Total Unusual Items Excluding Goodwill": NaN,
        "Net Income From Continuing Operation Net Minority Interest": NaN,
        "Reconciled Depreciation": NaN,
        "Reconciled Cost Of Revenue": NaN,
        "EBITDA": NaN,
        "EBIT": NaN,
        "Net Interest Income": NaN,
        "Interest Expense": NaN,
        "Interest Income": NaN,
        "Normalized Income": NaN,
        "Net Income From Continuing And Discontinued Operation": NaN,
        "Total Expenses": NaN,
        "Rent Expense Supplemental": NaN,
        "Total Operating Income As Reported": NaN,
        "Diluted Average Shares": NaN,
        "Basic Average Shares": NaN,
        "Diluted EPS": NaN,
        "Basic EPS": NaN,
        "Diluted NI Availto Com Stockholders": NaN,
        "Average Dilution Earnings": 0.0,
        "Net Income Common Stockholders": NaN,
        "Otherunder Preferred Stock Dividend": 0.0,
        "Net Income": NaN,
        "Net Income Including Noncontrolling Interests": NaN,
        "Net Income Continuous Operations": NaN,
        "Tax Provision": NaN,
        "Pretax Income": NaN,
        "Other Income Expense": NaN,
        "Other Non Operating Income Expenses": NaN,
        "Special Income Charges": NaN,
        "Gain On Sale Of Ppe": 0.0,
        "Other Special Charges": NaN,
        "Write Off": NaN,
        "Net Non Operating Interest Income Expense": NaN,
        "Total Other Finance Cost": NaN,
        "Interest Expense Non Operating": NaN,
        "Interest Income Non Operating": NaN,
        "Operating Income": NaN,
        "Operating Expense": NaN,
        "Research And Development": NaN,
        "Selling General And Administration": NaN,
        "General And Administrative Expense": NaN,
        "Other Gand A": NaN,
        "Rent And Landing Fees": NaN,
        "Salaries And Wages": NaN,
        "Gross Profit": NaN,
        "Cost Of Revenue": NaN,
        "Total Revenue": NaN,
        "Operating Revenue": NaN
    },
    "2024-03-31": {
        "Tax Effect Of Unusual Items": NaN,
        "Tax Rate For Calcs": NaN,
        "Normalized EBITDA": NaN,
        "Total Unusual Items": NaN,
        "Total Unusual Items Excluding Goodwill": NaN,
        "Net Income From Continuing Operation Net Minority Interest": NaN,
        "Reconciled Depreciation": NaN,
        "Reconciled Cost Of Revenue": NaN,
        "EBITDA": NaN,
        "EBIT": NaN,
        "Net Interest Income": NaN,
        "Interest Expense": NaN,
        "Interest Income": NaN,
        "Normalized Income": NaN,
        "Net Income From Continuing And Discontinued Operation": NaN,
        "Total Expenses": NaN,
        "Rent Expense Supplemental": 1602000.0,
        "Total Operating Income As Reported": NaN,
        "Diluted Average Shares": NaN,
        "Basic Average Shares": NaN,
        "Diluted EPS": NaN,
        "Basic EPS": NaN,
        "Diluted NI Availto Com Stockholders": NaN,
        "Average Dilution Earnings": NaN,
        "Net Income Common Stockholders": NaN,
        "Net Income": NaN,
        "Net Income Including Noncontrolling Interests": NaN,
        "Net Income Continuous Operations": NaN,
        "Tax Provision": NaN,
        "Pretax Income": NaN,
        "Other Income Expense": NaN,
        "Other Non Operating Income Expenses": NaN,
        "Special Income Charges": NaN,
        "Gain On Sale Of Ppe": NaN,
        "Other Special Charges": NaN,
        "Write Off": NaN,
        "Net Non Operating Interest Income Expense": NaN,
        "Total Other Finance Cost": NaN,
        "Interest Expense Non Operating": NaN,
        "Interest Income Non Operating": NaN,
        "Operating Income": NaN,
        "Operating Expense": NaN,
        "Research And Development": NaN,
        "Selling General And Administration": NaN,
        "General And Administrative Expense": NaN,
        "Other Gand A": NaN,
        "Rent And Landing Fees": 1602000.0,
        "Salaries And Wages": NaN,
        "Gross Profit": NaN,
        "Cost Of Revenue": NaN,
        "Total Revenue": NaN,
        "Operating Revenue": NaN
    },
    "2024-06-30": {
        "Tax Effect Of Unusual Items": NaN,
        "Tax Rate For Calcs": NaN,
        "Normalized EBITDA": NaN,
        "Total Unusual Items": NaN,
        "Total Unusual Items Excluding Goodwill": NaN,
        "Net Income From Continuing Operation Net Minority Interest": NaN,
        "Reconciled Depreciation": NaN,
        "Reconciled Cost Of Revenue": NaN,
        "EBITDA": NaN,
        "EBIT": NaN,
        "Net Interest Income": NaN,
        "Interest Expense": NaN,
        "Interest Income": NaN,
        "Normalized Income": NaN,
        "Net Income From Continuing And Discontinued Operation": NaN,
        "Total Expenses": NaN,
        "Total Operating Income As Reported": NaN,
        "Diluted Average Shares": NaN,
        "Basic Average Shares": NaN,
        "Diluted EPS": NaN,
        "Basic EPS": NaN,
        "Diluted NI Availto Com Stockholders": NaN,
        "Average Dilution Earnings": 1273000.0,
        "Net Income Common Stockholders": NaN,
        "Net Income": NaN,
        "Net Income Including Noncontrolling Interests": NaN,
        "Net Income Continuous Operations": NaN,
        "Tax Provision": NaN,
        "Pretax Income": NaN,
        "Other Income Expense": NaN,
        "Other Non Operating Income Expenses": NaN,
        "Special Income Charges": NaN,
        "Gain On Sale Of Ppe": NaN,
        "Other Special Charges": NaN,
        "Write Off": NaN,
        "Net Non Operating Interest Income Expense": NaN,
        "Total Other Finance Cost": 289000.0,
        "Interest Expense Non Operating": NaN,
        "Interest Income Non Operating": NaN,
        "Operating Income": NaN,
        "Operating Expense": NaN,
        "Research And Development": NaN,
        "Selling General And Administration": NaN,
        "General And Administrative Expense": NaN,
        "Other Gand A": NaN,
        "Salaries And Wages": NaN,
        "Gross Profit": NaN,
        "Cost Of Revenue": NaN,
        "Total Revenue": NaN,
        "Operating Revenue": NaN
    },
    "2024-09-30": {
        "Tax Effect Of Unusual Items": 0.0,
        "Tax Rate For Calcs": 0.112,
        "Normalized EBITDA": 23281000.0,
        "Total Unusual Items": 0.0,
        "Total Unusual Items Excluding Goodwill": 0.0,
        "Net Income From Continuing Operation Net Minority Interest": 17594000.0,
        "Reconciled Depreciation": 2054000.0,
        "Reconciled Cost Of Revenue": 13084000.0,
        "EBITDA": 23281000.0,
        "EBIT": 21227000.0,
        "Net Interest Income": 7683000.0,
        "Interest Expense": 1409000.0,
        "Interest Income": 9382000.0,
        "Normalized Income": 17594000.0,
        "Net Income From Continuing And Discontinued Operation": 17594000.0,
        "Total Expenses": 70548000.0,
        "Total Operating Income As Reported": 10082000.0,
        "Diluted Average Shares": 154807000.0,
        "Basic Average Shares": 131133000.0,
        "Diluted EPS": 0.12,
        "Basic EPS": 0.13,
        "Diluted NI Availto Com Stockholders": 18868000.0,
        "Average Dilution Earnings": NaN,
        "Net Income Common Stockholders": 17594000.0,
        "Net Income": 17594000.0,
        "Net Income Including Noncontrolling Interests": 17594000.0,
        "Net Income Continuous Operations": 17594000.0,
        "Tax Provision": 2224000.0,
        "Pretax Income": 19818000.0,
        "Other Income Expense": 2053000.0,
        "Other Non Operating Income Expenses": 2053000.0,
        "Special Income Charges": 0.0,
        "Gain On Sale Of Ppe": 0.0,
        "Other Special Charges": NaN,
        "Write Off": 0.0,
        "Net Non Operating Interest Income Expense": 7683000.0,
        "Total Other Finance Cost": 290000.0,
        "Interest Expense Non Operating": 1409000.0,
        "Interest Income Non Operating": 9382000.0,
        "Operating Income": 10082000.0,
        "Operating Expense": 57464000.0,
        "Research And Development": 14403000.0,
        "Selling General And Administration": 43061000.0,
        "General And Administrative Expense": 43061000.0,
        "Other Gand A": 17425000.0,
        "Salaries And Wages": 25636000.0,
        "Gross Profit": 67546000.0,
        "Cost Of Revenue": 13084000.0,
        "Total Revenue": 80630000.0,
        "Operating Revenue": 79345000.0
    },
    "2024-12-31": {
        "Tax Effect Of Unusual Items": 0.0,
        "Tax Rate For Calcs": 0.075895,
        "Normalized EBITDA": 12267000.0,
        "Total Unusual Items": 0.0,
        "Total Unusual Items Excluding Goodwill": 0.0,
        "Net Income From Continuing Operation Net Minority Interest": 7050000.0,
        "Reconciled Depreciation": 2071000.0,
        "Reconciled Cost Of Revenue": 13410000.0,
        "EBITDA": 12267000.0,
        "EBIT": 10196000.0,
        "Net Interest Income": 6710000.0,
        "Interest Expense": 2567000.0,
        "Interest Income": 8414000.0,
        "Normalized Income": 7050000.0,
        "Net Income From Continuing And Discontinued Operation": 7050000.0,
        "Total Expenses": 73664000.0,
        "Total Operating Income As Reported": -1632000.0,
        "Diluted Average Shares": 153022000.0,
        "Basic Average Shares": 127952000.0,
        "Diluted EPS": 0.05,
        "Basic EPS": 0.06,
        "Diluted NI Availto Com Stockholders": 7050000.0,
        "Average Dilution Earnings": NaN,
        "Net Income Common Stockholders": 7050000.0,
        "Net Income": 7050000.0,
        "Net Income Including Noncontrolling Interests": 7050000.0,
        "Net Income Continuous Operations": 7050000.0,
        "Tax Provision": 579000.0,
        "Pretax Income": 7629000.0,
        "Other Income Expense": 2551000.0,
        "Other Non Operating Income Expenses": 2551000.0,
        "Special Income Charges": 0.0,
        "Gain On Sale Of Ppe": 0.0,
        "Other Special Charges": NaN,
        "Write Off": 0.0,
        "Net Non Operating Interest Income Expense": 6710000.0,
        "Total Other Finance Cost": NaN,
        "Interest Expense Non Operating": 2567000.0,
        "Interest Income Non Operating": 8414000.0,
        "Operating Income": -1632000.0,
        "Operating Expense": 60254000.0,
        "Research And Development": 18669000.0,
        "Selling General And Administration": 41585000.0,
        "General And Administrative Expense": 41585000.0,
        "Other Gand A": 16690000.0,
        "Salaries And Wages": 24895000.0,
        "Gross Profit": 58622000.0,
        "Cost Of Revenue": 13410000.0,
        "Total Revenue": 72032000.0,
        "Operating Revenue": 71053000.0
    },
    "2025-03-31": {
        "Tax Effect Of Unusual Items": -1688719.693487,
        "Tax Rate For Calcs": 0.018146,
        "Normalized EBITDA": -1370000.0,
        "Total Unusual Items": -93065000.0,
        "Total Unusual Items Excluding Goodwill": -93065000.0,
        "Net Income From Continuing Operation Net Minority Interest": -96099000.0,
        "Reconciled Depreciation": 2036000.0,
        "Reconciled Cost Of Revenue": 13769000.0,
        "EBITDA": -94435000.0,
        "EBIT": -96471000.0,
        "Net Interest Income": 6047000.0,
        "Interest Expense": 1404000.0,
        "Interest Income": 7739000.0,
        "Normalized Income": -4722719.693487,
        "Net Income From Continuing And Discontinued Operation": -96099000.0,
        "Total Expenses": 80824000.0,
        "Total Operating Income As Reported": -23630000.0,
        "Diluted Average Shares": 124871000.0,
        "Basic Average Shares": 124871000.0,
        "Diluted EPS": -0.77,
        "Basic EPS": -0.77,
        "Diluted NI Availto Com Stockholders": -96099000.0,
        "Average Dilution Earnings": NaN,
        "Net Income Common Stockholders": -96099000.0,
        "Net Income": -96099000.0,
        "Net Income Including Noncontrolling Interests": -96099000.0,
        "Net Income Continuous Operations": -96099000.0,
        "Tax Provision": -1776000.0,
        "Pretax Income": -97875000.0,
        "Other Income Expense": -91262000.0,
        "Other Non Operating Income Expenses": 1803000.0,
        "Special Income Charges": -93065000.0,
        "Gain On Sale Of Ppe": NaN,
        "Other Special Charges": 82095000.0,
        "Write Off": 10970000.0,
        "Net Non Operating Interest Income Expense": 6047000.0,
        "Total Other Finance Cost": 288000.0,
        "Interest Expense Non Operating": 1404000.0,
        "Interest Income Non Operating": 7739000.0,
        "Operating Income": -12660000.0,
        "Operating Expense": 67055000.0,
        "Research And Development": 19377000.0,
        "Selling General And Administration": 47678000.0,
        "General And Administrative Expense": 47678000.0,
        "Other Gand A": 19822000.0,
        "Salaries And Wages": 27856000.0,
        "Gross Profit": 54395000.0,
        "Cost Of Revenue": 13769000.0,
        "Total Revenue": 68164000.0,
        "Operating Revenue": 64959000.0
    },
    "2025-06-30": {
        "Tax Effect Of Unusual Items": 0.0,
        "Tax Rate For Calcs": 0.118,
        "Normalized EBITDA": 24631000.0,
        "Total Unusual Items": 0.0,
        "Total Unusual Items Excluding Goodwill": 0.0,
        "Net Income From Continuing Operation Net Minority Interest": 18721000.0,
        "Reconciled Depreciation": 2039000.0,
        "Reconciled Cost Of Revenue": 14035000.0,
        "EBITDA": 24631000.0,
        "EBIT": 22592000.0,
        "Net Interest Income": 5157000.0,
        "Interest Expense": 1376000.0,
        "Interest Income": 6798000.0,
        "Normalized Income": 18721000.0,
        "Net Income From Continuing And Discontinued Operation": 18721000.0,
        "Total Expenses": 81013000.0,
        "Total Operating Income As Reported": 14429000.0,
        "Diluted Average Shares": 138356000.0,
        "Basic Average Shares": 119317000.0,
        "Diluted EPS": 0.14,
        "Basic EPS": 0.16,
        "Diluted NI Availto Com Stockholders": 18721000.0,
        "Average Dilution Earnings": NaN,
        "Net Income Common Stockholders": 18721000.0,
        "Net Income": 18721000.0,
        "Net Income Including Noncontrolling Interests": 18721000.0,
        "Net Income Continuous Operations": 18721000.0,
        "Tax Provision": 2495000.0,
        "Pretax Income": 21216000.0,
        "Other Income Expense": 1630000.0,
        "Other Non Operating Income Expenses": 1630000.0,
        "Special Income Charges": 0.0,
        "Gain On Sale Of Ppe": NaN,
        "Other Special Charges": NaN,
        "Write Off": 0.0,
        "Net Non Operating Interest Income Expense": 5157000.0,
        "Total Other Finance Cost": 265000.0,
        "Interest Expense Non Operating": 1376000.0,
        "Interest Income Non Operating": 6798000.0,
        "Operating Income": 14429000.0,
        "Operating Expense": 66978000.0,
        "Research And Development": 16619000.0,
        "Selling General And Administration": 50359000.0,
        "General And Administrative Expense": 50359000.0,
        "Other Gand A": 24354000.0,
        "Salaries And Wages": 26005000.0,
        "Gross Profit": 81407000.0,
        "Cost Of Revenue": 14035000.0,
        "Total Revenue": 95442000.0,
        "Operating Revenue": 91872000.0
    },
    "2025-09-30": {
        "Tax Effect Of Unusual Items": 0.0,
        "Tax Rate For Calcs": 0.053,
        "Normalized EBITDA": 31889000.0,
        "Total Unusual Items": 0.0,
        "Total Unusual Items Excluding Goodwill": 0.0,
        "Net Income From Continuing Operation Net Minority Interest": 26927000.0,
        "Reconciled Depreciation": 2094000.0,
        "Reconciled Cost Of Revenue": 14403000.0,
        "EBITDA": 31889000.0,
        "EBIT": 29795000.0,
        "Net Interest Income": 4950000.0,
        "Interest Expense": 1376000.0,
        "Interest Income": 6593000.0,
        "Normalized Income": 26927000.0,
        "Net Income From Continuing And Discontinued Operation": 26927000.0,
        "Total Expenses": 73605000.0,
        "Total Operating Income As Reported": 21271000.0,
        "Diluted Average Shares": 136468000.0,
        "Basic Average Shares": 117307000.0,
        "Diluted EPS": 0.21,
        "Basic EPS": 0.23,
        "Diluted NI Availto Com Stockholders": 28158000.0,
        "Average Dilution Earnings": 1231000.0,
        "Net Income Common Stockholders": 26927000.0,
        "Net Income": 26927000.0,
        "Net Income Including Noncontrolling Interests": 26927000.0,
        "Net Income Continuous Operations": 26927000.0,
        "Tax Provision": 1492000.0,
        "Pretax Income": 28419000.0,
        "Other Income Expense": 2198000.0,
        "Other Non Operating Income Expenses": 2198000.0,
        "Special Income Charges": 0.0,
        "Gain On Sale Of Ppe": NaN,
        "Other Special Charges": NaN,
        "Write Off": 0.0,
        "Net Non Operating Interest Income Expense": 4950000.0,
        "Total Other Finance Cost": 267000.0,
        "Interest Expense Non Operating": 1376000.0,
        "Interest Income Non Operating": 6593000.0,
        "Operating Income": 21271000.0,
        "Operating Expense": 59202000.0,
        "Research And Development": 19116000.0,
        "Selling General And Administration": 40086000.0,
        "General And Administrative Expense": 40086000.0,
        "Other Gand A": 14448000.0,
        "Salaries And Wages": 25638000.0,
        "Gross Profit": 80473000.0,
        "Cost Of Revenue": 14403000.0,
        "Total Revenue": 94876000.0,
        "Operating Revenue": 89954000.0
    }
}