{
    "2024-09-30": {
        "Tax Effect Of Unusual Items": 0.0,
        "Tax Rate For Calcs": 0.0,
        "Normalized EBITDA": -5238000.0,
        "Total Unusual Items": 6000.0,
        "Total Unusual Items Excluding Goodwill": 6000.0,
        "Net Income From Continuing Operation Net Minority Interest": -5092000.0,
        "Reconciled Depreciation": 11000.0,
        "Reconciled Cost Of Revenue": 946000.0,
        "EBITDA": -5232000.0,
        "EBIT": -5243000.0,
        "Net Interest Income": 9000.0,
        "Interest Expense": NaN,
        "Normalized Income": -5098000.0,
        "Net Income From Continuing And Discontinued Operation": -5092000.0,
        "Total Expenses": 6415000.0,
        "Total Operating Income As Reported": -5243000.0,
        "Diluted Average Shares": 5278064.0,
        "Basic Average Shares": 5278064.0,
        "Diluted EPS": -1.39,
        "Basic EPS": -1.39,
        "Diluted NI Availto Com Stockholders": -7345000.0,
        "Net Income Common Stockholders": -7345000.0,
        "Preferred Stock Dividends": 2253000.0,
        "Net Income": -5092000.0,
        "Net Income Including Noncontrolling Interests": -5092000.0,
        "Net Income Continuous Operations": -5092000.0,
        "Tax Provision": 0.0,
        "Pretax Income": -5092000.0,
        "Other Income Expense": 142000.0,
        "Other Non Operating Income Expenses": 136000.0,
        "Special Income Charges": 0.0,
        "Gain On Sale Of Security": 6000.0,
        "Net Non Operating Interest Income Expense": 9000.0,
        "Total Other Finance Cost": -9000.0,
        "Interest Expense Non Operating": NaN,
        "Operating Income": -5243000.0,
        "Operating Expense": 5469000.0,
        "Research And Development": 2225000.0,
        "Selling General And Administration": 3244000.0,
        "Selling And Marketing Expense": 983000.0,
        "General And Administrative Expense": 2261000.0,
        "Other Gand A": 2261000.0,
        "Gross Profit": 226000.0,
        "Cost Of Revenue": 946000.0,
        "Total Revenue": 1172000.0,
        "Operating Revenue": 1172000.0
    },
    "2024-06-30": {
        "Tax Effect Of Unusual Items": 0.0,
        "Tax Rate For Calcs": 0.0,
        "Normalized EBITDA": 31878000.0,
        "Total Unusual Items": -37255000.0,
        "Total Unusual Items Excluding Goodwill": -37255000.0,
        "Net Income From Continuing Operation Net Minority Interest": -42665000.0,
        "Reconciled Depreciation": 28000.0,
        "Reconciled Cost Of Revenue": 334000.0,
        "EBITDA": -5377000.0,
        "EBIT": -5405000.0,
        "Net Interest Income": -4000.0,
        "Interest Expense": 4000.0,
        "Normalized Income": -5410000.0,
        "Net Income From Continuing And Discontinued Operation": -42665000.0,
        "Total Expenses": 5750000.0,
        "Total Operating Income As Reported": -5405000.0,
        "Diluted Average Shares": 3587122.0,
        "Basic Average Shares": 3587122.0,
        "Diluted EPS": -11.89,
        "Basic EPS": -11.89,
        "Diluted NI Availto Com Stockholders": -42665000.0,
        "Net Income Common Stockholders": -42665000.0,
        "Preferred Stock Dividends": NaN,
        "Net Income": -42665000.0,
        "Net Income Including Noncontrolling Interests": -42665000.0,
        "Net Income Continuous Operations": -42665000.0,
        "Tax Provision": 0.0,
        "Pretax Income": -42665000.0,
        "Other Income Expense": -37256000.0,
        "Other Non Operating Income Expenses": -1000.0,
        "Special Income Charges": 0.0,
        "Gain On Sale Of Security": -37255000.0,
        "Net Non Operating Interest Income Expense": -4000.0,
        "Total Other Finance Cost": 4000.0,
        "Interest Expense Non Operating": 4000.0,
        "Operating Income": -5405000.0,
        "Operating Expense": 5416000.0,
        "Research And Development": 1789000.0,
        "Selling General And Administration": 3627000.0,
        "Selling And Marketing Expense": 865000.0,
        "General And Administrative Expense": 2762000.0,
        "Other Gand A": 2762000.0,
        "Gross Profit": 11000.0,
        "Cost Of Revenue": 334000.0,
        "Total Revenue": 345000.0,
        "Operating Revenue": 345000.0
    },
    "2024-03-31": {
        "Tax Effect Of Unusual Items": NaN,
        "Tax Rate For Calcs": NaN,
        "Normalized EBITDA": NaN,
        "Total Unusual Items": NaN,
        "Total Unusual Items Excluding Goodwill": NaN,
        "Net Income From Continuing Operation Net Minority Interest": NaN,
        "Reconciled Depreciation": NaN,
        "Reconciled Cost Of Revenue": NaN,
        "EBITDA": NaN,
        "EBIT": NaN,
        "Net Interest Income": NaN,
        "Interest Expense": 1265000.0,
        "Normalized Income": NaN,
        "Net Income From Continuing And Discontinued Operation": NaN,
        "Total Expenses": NaN,
        "Total Operating Income As Reported": NaN,
        "Diluted Average Shares": 585500.0,
        "Basic Average Shares": 585500.0,
        "Diluted EPS": -5.35,
        "Basic EPS": -5.35,
        "Diluted NI Availto Com Stockholders": NaN,
        "Net Income Common Stockholders": NaN,
        "Preferred Stock Dividends": 5842000.0,
        "Net Income": NaN,
        "Net Income Including Noncontrolling Interests": NaN,
        "Net Income Continuous Operations": NaN,
        "Tax Provision": NaN,
        "Pretax Income": NaN,
        "Other Income Expense": NaN,
        "Other Non Operating Income Expenses": NaN,
        "Special Income Charges": NaN,
        "Gain On Sale Of Security": NaN,
        "Net Non Operating Interest Income Expense": NaN,
        "Total Other Finance Cost": NaN,
        "Interest Expense Non Operating": 1265000.0,
        "Operating Income": NaN,
        "Operating Expense": NaN,
        "Research And Development": NaN,
        "Selling General And Administration": NaN,
        "Selling And Marketing Expense": NaN,
        "General And Administrative Expense": NaN,
        "Other Gand A": NaN,
        "Gross Profit": NaN,
        "Cost Of Revenue": NaN,
        "Total Revenue": NaN,
        "Operating Revenue": NaN
    },
    "2023-12-31": {
        "Tax Effect Of Unusual Items": NaN,
        "Tax Rate For Calcs": NaN,
        "Normalized EBITDA": NaN,
        "Total Unusual Items": NaN,
        "Total Unusual Items Excluding Goodwill": NaN,
        "Net Income From Continuing Operation Net Minority Interest": NaN,
        "Reconciled Depreciation": NaN,
        "Reconciled Cost Of Revenue": NaN,
        "EBITDA": NaN,
        "EBIT": NaN,
        "Net Interest Income": NaN,
        "Interest Expense": 120000.0,
        "Normalized Income": NaN,
        "Net Income From Continuing And Discontinued Operation": NaN,
        "Total Expenses": NaN,
        "Total Operating Income As Reported": NaN,
        "Diluted Average Shares": NaN,
        "Basic Average Shares": NaN,
        "Diluted EPS": NaN,
        "Basic EPS": NaN,
        "Diluted NI Availto Com Stockholders": NaN,
        "Net Income Common Stockholders": NaN,
        "Preferred Stock Dividends": NaN,
        "Net Income": NaN,
        "Net Income Including Noncontrolling Interests": NaN,
        "Net Income Continuous Operations": NaN,
        "Tax Provision": NaN,
        "Pretax Income": NaN,
        "Other Income Expense": NaN,
        "Other Non Operating Income Expenses": NaN,
        "Special Income Charges": 0.0,
        "Other Special Charges": 0.0,
        "Gain On Sale Of Security": NaN,
        "Net Non Operating Interest Income Expense": NaN,
        "Total Other Finance Cost": NaN,
        "Interest Expense Non Operating": 120000.0,
        "Operating Income": NaN,
        "Operating Expense": NaN,
        "Research And Development": NaN,
        "Selling General And Administration": NaN,
        "Selling And Marketing Expense": NaN,
        "General And Administrative Expense": NaN,
        "Other Gand A": NaN,
        "Gross Profit": NaN,
        "Cost Of Revenue": NaN,
        "Total Revenue": NaN,
        "Operating Revenue": NaN
    },
    "2023-09-30": {
        "Tax Effect Of Unusual Items": NaN,
        "Tax Rate For Calcs": NaN,
        "Normalized EBITDA": NaN,
        "Total Unusual Items": NaN,
        "Total Unusual Items Excluding Goodwill": NaN,
        "Net Income From Continuing Operation Net Minority Interest": NaN,
        "Reconciled Depreciation": NaN,
        "Reconciled Cost Of Revenue": NaN,
        "EBITDA": NaN,
        "EBIT": NaN,
        "Net Interest Income": NaN,
        "Interest Expense": 52000.0,
        "Normalized Income": NaN,
        "Net Income From Continuing And Discontinued Operation": NaN,
        "Total Expenses": NaN,
        "Total Operating Income As Reported": NaN,
        "Diluted Average Shares": 4215.0,
        "Basic Average Shares": 4215.0,
        "Diluted EPS": -1449.8,
        "Basic EPS": -1449.8,
        "Diluted NI Availto Com Stockholders": NaN,
        "Net Income Common Stockholders": NaN,
        "Preferred Stock Dividends": NaN,
        "Net Income": NaN,
        "Net Income Including Noncontrolling Interests": NaN,
        "Net Income Continuous Operations": NaN,
        "Tax Provision": NaN,
        "Pretax Income": NaN,
        "Other Income Expense": NaN,
        "Other Non Operating Income Expenses": NaN,
        "Special Income Charges": 0.0,
        "Other Special Charges": NaN,
        "Gain On Sale Of Security": NaN,
        "Net Non Operating Interest Income Expense": NaN,
        "Total Other Finance Cost": NaN,
        "Interest Expense Non Operating": 52000.0,
        "Operating Income": NaN,
        "Operating Expense": NaN,
        "Research And Development": NaN,
        "Selling General And Administration": NaN,
        "Selling And Marketing Expense": NaN,
        "General And Administrative Expense": NaN,
        "Other Gand A": NaN,
        "Gross Profit": NaN,
        "Cost Of Revenue": NaN,
        "Total Revenue": NaN,
        "Operating Revenue": NaN
    },
    "2023-06-30": {
        "Tax Effect Of Unusual Items": NaN,
        "Tax Rate For Calcs": NaN,
        "Normalized EBITDA": NaN,
        "Total Unusual Items": NaN,
        "Total Unusual Items Excluding Goodwill": NaN,
        "Net Income From Continuing Operation Net Minority Interest": NaN,
        "Reconciled Depreciation": NaN,
        "Reconciled Cost Of Revenue": NaN,
        "EBITDA": NaN,
        "EBIT": NaN,
        "Net Interest Income": NaN,
        "Interest Expense": 37000.0,
        "Normalized Income": NaN,
        "Net Income From Continuing And Discontinued Operation": NaN,
        "Total Expenses": NaN,
        "Total Operating Income As Reported": NaN,
        "Diluted Average Shares": 2956.0,
        "Basic Average Shares": 2956.0,
        "Diluted EPS": -1801.8,
        "Basic EPS": -1801.8,
        "Diluted NI Availto Com Stockholders": NaN,
        "Net Income Common Stockholders": NaN,
        "Preferred Stock Dividends": NaN,
        "Net Income": NaN,
        "Net Income Including Noncontrolling Interests": NaN,
        "Net Income Continuous Operations": NaN,
        "Tax Provision": NaN,
        "Pretax Income": NaN,
        "Other Income Expense": NaN,
        "Other Non Operating Income Expenses": NaN,
        "Special Income Charges": -837000.0,
        "Other Special Charges": 837000.0,
        "Gain On Sale Of Security": NaN,
        "Net Non Operating Interest Income Expense": NaN,
        "Total Other Finance Cost": NaN,
        "Interest Expense Non Operating": 37000.0,
        "Operating Income": NaN,
        "Operating Expense": NaN,
        "Research And Development": NaN,
        "Selling General And Administration": NaN,
        "Selling And Marketing Expense": NaN,
        "General And Administrative Expense": NaN,
        "Other Gand A": NaN,
        "Gross Profit": NaN,
        "Cost Of Revenue": NaN,
        "Total Revenue": NaN,
        "Operating Revenue": NaN
    },
    "2024-12-31": {
        "Tax Effect Of Unusual Items": 0.0,
        "Tax Rate For Calcs": 0.0,
        "Normalized EBITDA": -6321000.0,
        "Total Unusual Items": 0.0,
        "Total Unusual Items Excluding Goodwill": 0.0,
        "Net Income From Continuing Operation Net Minority Interest": -6359000.0,
        "Reconciled Depreciation": 11000.0,
        "Reconciled Cost Of Revenue": 680000.0,
        "EBITDA": -6321000.0,
        "EBIT": -6332000.0,
        "Net Interest Income": -12000.0,
        "Interest Expense": NaN,
        "Normalized Income": -6359000.0,
        "Net Income From Continuing And Discontinued Operation": -6359000.0,
        "Total Expenses": 7234000.0,
        "Total Operating Income As Reported": -6332000.0,
        "Diluted Average Shares": NaN,
        "Basic Average Shares": NaN,
        "Diluted EPS": NaN,
        "Basic EPS": NaN,
        "Diluted NI Availto Com Stockholders": -14581000.0,
        "Net Income Common Stockholders": -14581000.0,
        "Preferred Stock Dividends": -2253000.0,
        "Net Income": -6359000.0,
        "Net Income Including Noncontrolling Interests": -6359000.0,
        "Net Income Continuous Operations": -6359000.0,
        "Tax Provision": 0.0,
        "Pretax Income": -6359000.0,
        "Other Income Expense": -15000.0,
        "Other Non Operating Income Expenses": -15000.0,
        "Special Income Charges": 0.0,
        "Gain On Sale Of Security": 0.0,
        "Net Non Operating Interest Income Expense": -12000.0,
        "Total Other Finance Cost": 12000.0,
        "Interest Expense Non Operating": NaN,
        "Operating Income": -6332000.0,
        "Operating Expense": 6554000.0,
        "Research And Development": 2089000.0,
        "Selling General And Administration": 4465000.0,
        "Selling And Marketing Expense": 1197000.0,
        "General And Administrative Expense": 3268000.0,
        "Other Gand A": 3268000.0,
        "Gross Profit": 222000.0,
        "Cost Of Revenue": 680000.0,
        "Total Revenue": 902000.0,
        "Operating Revenue": 902000.0
    },
    "2025-03-31": {
        "Tax Effect Of Unusual Items": 0.0,
        "Tax Rate For Calcs": 0.0,
        "Normalized EBITDA": -7127000.0,
        "Total Unusual Items": 17000.0,
        "Total Unusual Items Excluding Goodwill": 17000.0,
        "Net Income From Continuing Operation Net Minority Interest": -9563000.0,
        "Reconciled Depreciation": 2321000.0,
        "Reconciled Cost Of Revenue": 560000.0,
        "EBITDA": -7110000.0,
        "EBIT": -9431000.0,
        "Net Interest Income": -120000.0,
        "Interest Expense": NaN,
        "Normalized Income": -9580000.0,
        "Net Income From Continuing And Discontinued Operation": -9563000.0,
        "Total Expenses": 10060000.0,
        "Total Operating Income As Reported": -9431000.0,
        "Diluted Average Shares": 53681828.0,
        "Basic Average Shares": 53681828.0,
        "Diluted EPS": -0.18,
        "Basic EPS": -0.18,
        "Diluted NI Availto Com Stockholders": -9563000.0,
        "Net Income Common Stockholders": -9563000.0,
        "Preferred Stock Dividends": NaN,
        "Net Income": -9563000.0,
        "Net Income Including Noncontrolling Interests": -9563000.0,
        "Net Income Continuous Operations": -9563000.0,
        "Tax Provision": 0.0,
        "Pretax Income": -9563000.0,
        "Other Income Expense": -12000.0,
        "Other Non Operating Income Expenses": -29000.0,
        "Special Income Charges": NaN,
        "Gain On Sale Of Security": 17000.0,
        "Net Non Operating Interest Income Expense": -120000.0,
        "Total Other Finance Cost": 120000.0,
        "Interest Expense Non Operating": NaN,
        "Operating Income": -9431000.0,
        "Operating Expense": 9500000.0,
        "Research And Development": 2361000.0,
        "Selling General And Administration": 7139000.0,
        "Selling And Marketing Expense": 1495000.0,
        "General And Administrative Expense": 5644000.0,
        "Other Gand A": 5644000.0,
        "Gross Profit": 69000.0,
        "Cost Of Revenue": 560000.0,
        "Total Revenue": 629000.0,
        "Operating Revenue": 629000.0
    },
    "2025-06-30": {
        "Tax Effect Of Unusual Items": 420.0,
        "Tax Rate For Calcs": 0.21,
        "Normalized EBITDA": -9957000.0,
        "Total Unusual Items": 2000.0,
        "Total Unusual Items Excluding Goodwill": 2000.0,
        "Net Income From Continuing Operation Net Minority Interest": -37116000.0,
        "Reconciled Depreciation": 2504000.0,
        "Reconciled Cost Of Revenue": 1700000.0,
        "EBITDA": -9955000.0,
        "EBIT": -12459000.0,
        "Net Interest Income": -17202000.0,
        "Interest Expense": NaN,
        "Normalized Income": -37117580.0,
        "Net Income From Continuing And Discontinued Operation": -37116000.0,
        "Total Expenses": 14194000.0,
        "Total Operating Income As Reported": -12459000.0,
        "Diluted Average Shares": 68174418.0,
        "Basic Average Shares": 68174418.0,
        "Diluted EPS": -0.54,
        "Basic EPS": -0.54,
        "Diluted NI Availto Com Stockholders": -37116000.0,
        "Net Income Common Stockholders": -37116000.0,
        "Preferred Stock Dividends": NaN,
        "Net Income": -37116000.0,
        "Net Income Including Noncontrolling Interests": -37116000.0,
        "Net Income Continuous Operations": -37116000.0,
        "Tax Provision": 5000.0,
        "Pretax Income": -37111000.0,
        "Other Income Expense": -7450000.0,
        "Other Non Operating Income Expenses": -7452000.0,
        "Special Income Charges": NaN,
        "Gain On Sale Of Security": 2000.0,
        "Net Non Operating Interest Income Expense": -17202000.0,
        "Total Other Finance Cost": 17202000.0,
        "Interest Expense Non Operating": NaN,
        "Operating Income": -12459000.0,
        "Operating Expense": 12494000.0,
        "Research And Development": 4224000.0,
        "Selling General And Administration": 8270000.0,
        "Selling And Marketing Expense": 1742000.0,
        "General And Administrative Expense": 6528000.0,
        "Other Gand A": 6528000.0,
        "Gross Profit": 35000.0,
        "Cost Of Revenue": 1700000.0,
        "Total Revenue": 1735000.0,
        "Operating Revenue": 1735000.0
    }
}