{
    "2023-03-31": {
        "Tax Effect Of Unusual Items": NaN,
        "Tax Rate For Calcs": NaN,
        "Normalized EBITDA": NaN,
        "Total Unusual Items": NaN,
        "Total Unusual Items Excluding Goodwill": NaN,
        "Net Income From Continuing Operation Net Minority Interest": NaN,
        "Reconciled Depreciation": NaN,
        "Reconciled Cost Of Revenue": NaN,
        "EBITDA": NaN,
        "EBIT": NaN,
        "Net Interest Income": NaN,
        "Interest Expense": NaN,
        "Interest Income": NaN,
        "Normalized Income": NaN,
        "Net Income From Continuing And Discontinued Operation": NaN,
        "Total Expenses": NaN,
        "Diluted Average Shares": 223920000.0,
        "Basic Average Shares": 223920000.0,
        "Diluted EPS": -3.38,
        "Basic EPS": -3.38,
        "Diluted NI Availto Com Stockholders": NaN,
        "Net Income Common Stockholders": NaN,
        "Net Income": NaN,
        "Minority Interests": NaN,
        "Net Income Including Noncontrolling Interests": NaN,
        "Net Income Continuous Operations": NaN,
        "Tax Provision": NaN,
        "Pretax Income": NaN,
        "Other Income Expense": NaN,
        "Other Non Operating Income Expenses": -1376000000.0,
        "Special Income Charges": NaN,
        "Gain On Sale Of Ppe": NaN,
        "Gain On Sale Of Business": NaN,
        "Restructuring And Mergern Acquisition": NaN,
        "Gain On Sale Of Security": NaN,
        "Net Non Operating Interest Income Expense": NaN,
        "Interest Expense Non Operating": NaN,
        "Interest Income Non Operating": NaN,
        "Operating Income": NaN,
        "Operating Expense": NaN,
        "Depreciation Amortization Depletion Income Statement": NaN,
        "Depreciation And Amortization In Income Statement": NaN,
        "Selling General And Administration": NaN,
        "General And Administrative Expense": NaN,
        "Other Gand A": NaN,
        "Salaries And Wages": NaN,
        "Gross Profit": NaN,
        "Cost Of Revenue": NaN,
        "Total Revenue": NaN,
        "Operating Revenue": NaN
    },
    "2022-12-31": {
        "Tax Effect Of Unusual Items": NaN,
        "Tax Rate For Calcs": NaN,
        "Normalized EBITDA": NaN,
        "Total Unusual Items": NaN,
        "Total Unusual Items Excluding Goodwill": NaN,
        "Net Income From Continuing Operation Net Minority Interest": NaN,
        "Reconciled Depreciation": NaN,
        "Reconciled Cost Of Revenue": NaN,
        "EBITDA": NaN,
        "EBIT": NaN,
        "Net Interest Income": NaN,
        "Interest Expense": NaN,
        "Interest Income": NaN,
        "Normalized Income": NaN,
        "Net Income From Continuing And Discontinued Operation": NaN,
        "Total Expenses": NaN,
        "Diluted Average Shares": 233000000.0,
        "Basic Average Shares": 229540000.0,
        "Diluted EPS": 0.25,
        "Basic EPS": 0.26,
        "Diluted NI Availto Com Stockholders": NaN,
        "Net Income Common Stockholders": NaN,
        "Net Income": NaN,
        "Minority Interests": NaN,
        "Net Income Including Noncontrolling Interests": NaN,
        "Net Income Continuous Operations": NaN,
        "Tax Provision": NaN,
        "Pretax Income": NaN,
        "Other Income Expense": NaN,
        "Other Non Operating Income Expenses": NaN,
        "Special Income Charges": NaN,
        "Gain On Sale Of Ppe": NaN,
        "Gain On Sale Of Business": NaN,
        "Restructuring And Mergern Acquisition": NaN,
        "Gain On Sale Of Security": NaN,
        "Net Non Operating Interest Income Expense": NaN,
        "Interest Expense Non Operating": NaN,
        "Interest Income Non Operating": NaN,
        "Operating Income": NaN,
        "Operating Expense": NaN,
        "Depreciation Amortization Depletion Income Statement": NaN,
        "Depreciation And Amortization In Income Statement": NaN,
        "Selling General And Administration": NaN,
        "General And Administrative Expense": NaN,
        "Other Gand A": NaN,
        "Salaries And Wages": NaN,
        "Gross Profit": NaN,
        "Cost Of Revenue": NaN,
        "Total Revenue": NaN,
        "Operating Revenue": NaN
    },
    "2022-09-30": {
        "Tax Effect Of Unusual Items": -26180000.0,
        "Tax Rate For Calcs": 0.308,
        "Normalized EBITDA": 571000000.0,
        "Total Unusual Items": -85000000.0,
        "Total Unusual Items Excluding Goodwill": -85000000.0,
        "Net Income From Continuing Operation Net Minority Interest": 27000000.0,
        "Reconciled Depreciation": 388000000.0,
        "Reconciled Cost Of Revenue": 2767000000.0,
        "EBITDA": 486000000.0,
        "EBIT": 98000000.0,
        "Net Interest Income": -16000000.0,
        "Interest Expense": 44000000.0,
        "Interest Income": 28000000.0,
        "Normalized Income": 85820000.0,
        "Net Income From Continuing And Discontinued Operation": 27000000.0,
        "Total Expenses": 3479000000.0,
        "Diluted Average Shares": 233170000.0,
        "Basic Average Shares": 229960000.0,
        "Diluted EPS": 0.12,
        "Basic EPS": 0.12,
        "Diluted NI Availto Com Stockholders": 27000000.0,
        "Net Income Common Stockholders": 27000000.0,
        "Net Income": 27000000.0,
        "Minority Interests": -1000000.0,
        "Net Income Including Noncontrolling Interests": 28000000.0,
        "Net Income Continuous Operations": 28000000.0,
        "Tax Provision": 26000000.0,
        "Pretax Income": 54000000.0,
        "Other Income Expense": -17000000.0,
        "Other Non Operating Income Expenses": 68000000.0,
        "Special Income Charges": -85000000.0,
        "Gain On Sale Of Ppe": NaN,
        "Gain On Sale Of Business": -32000000.0,
        "Restructuring And Mergern Acquisition": 53000000.0,
        "Gain On Sale Of Security": 1000000.0,
        "Net Non Operating Interest Income Expense": -16000000.0,
        "Interest Expense Non Operating": 44000000.0,
        "Interest Income Non Operating": 28000000.0,
        "Operating Income": 87000000.0,
        "Operating Expense": 704000000.0,
        "Depreciation Amortization Depletion Income Statement": 380000000.0,
        "Depreciation And Amortization In Income Statement": 380000000.0,
        "Selling General And Administration": 324000000.0,
        "Gross Profit": 791000000.0,
        "Cost Of Revenue": 2775000000.0,
        "Total Revenue": 3566000000.0,
        "Operating Revenue": 3566000000.0
    },
    "2022-06-30": {
        "Tax Effect Of Unusual Items": -624000.0,
        "Tax Rate For Calcs": 0.156,
        "Normalized EBITDA": 561000000.0,
        "Total Unusual Items": -4000000.0,
        "Total Unusual Items Excluding Goodwill": -4000000.0,
        "Net Income From Continuing Operation Net Minority Interest": 102000000.0,
        "Reconciled Depreciation": 398000000.0,
        "Reconciled Cost Of Revenue": 2921000000.0,
        "EBITDA": 557000000.0,
        "EBIT": 159000000.0,
        "Net Interest Income": -17000000.0,
        "Interest Expense": 37000000.0,
        "Interest Income": 20000000.0,
        "Normalized Income": 105376000.0,
        "Net Income From Continuing And Discontinued Operation": 102000000.0,
        "Total Expenses": 3668000000.0,
        "Diluted Average Shares": 237380000.0,
        "Basic Average Shares": 232480000.0,
        "Diluted EPS": 0.43,
        "Basic EPS": 0.44,
        "Diluted NI Availto Com Stockholders": 102000000.0,
        "Net Income Common Stockholders": 102000000.0,
        "Net Income": 102000000.0,
        "Minority Interests": -1000000.0,
        "Net Income Including Noncontrolling Interests": 103000000.0,
        "Net Income Continuous Operations": 103000000.0,
        "Tax Provision": 19000000.0,
        "Pretax Income": 122000000.0,
        "Other Income Expense": 100000000.0,
        "Other Non Operating Income Expenses": 104000000.0,
        "Special Income Charges": -4000000.0,
        "Gain On Sale Of Ppe": NaN,
        "Gain On Sale Of Business": 29000000.0,
        "Restructuring And Mergern Acquisition": 33000000.0,
        "Gain On Sale Of Security": 2000000.0,
        "Net Non Operating Interest Income Expense": -17000000.0,
        "Interest Expense Non Operating": 37000000.0,
        "Interest Income Non Operating": 20000000.0,
        "Operating Income": 39000000.0,
        "Operating Expense": 738000000.0,
        "Depreciation Amortization Depletion Income Statement": 389000000.0,
        "Depreciation And Amortization In Income Statement": 389000000.0,
        "Selling General And Administration": 349000000.0,
        "Gross Profit": 777000000.0,
        "Cost Of Revenue": 2930000000.0,
        "Total Revenue": 3707000000.0,
        "Operating Revenue": 3707000000.0
    },
    "2023-06-30": {
        "Tax Effect Of Unusual Items": NaN,
        "Tax Rate For Calcs": NaN,
        "Normalized EBITDA": NaN,
        "Total Unusual Items": NaN,
        "Total Unusual Items Excluding Goodwill": NaN,
        "Net Income From Continuing Operation Net Minority Interest": NaN,
        "Reconciled Depreciation": NaN,
        "Reconciled Cost Of Revenue": NaN,
        "EBITDA": NaN,
        "EBIT": NaN,
        "Net Interest Income": NaN,
        "Interest Expense": NaN,
        "Interest Income": NaN,
        "Normalized Income": NaN,
        "Net Income From Continuing And Discontinued Operation": NaN,
        "Total Expenses": NaN,
        "Diluted Average Shares": NaN,
        "Basic Average Shares": NaN,
        "Diluted EPS": NaN,
        "Basic EPS": NaN,
        "Diluted NI Availto Com Stockholders": NaN,
        "Net Income Common Stockholders": NaN,
        "Net Income": NaN,
        "Minority Interests": NaN,
        "Net Income Including Noncontrolling Interests": NaN,
        "Net Income Continuous Operations": NaN,
        "Tax Provision": NaN,
        "Pretax Income": NaN,
        "Other Income Expense": NaN,
        "Other Non Operating Income Expenses": NaN,
        "Special Income Charges": NaN,
        "Gain On Sale Of Ppe": NaN,
        "Gain On Sale Of Business": NaN,
        "Restructuring And Mergern Acquisition": NaN,
        "Gain On Sale Of Security": NaN,
        "Net Non Operating Interest Income Expense": NaN,
        "Interest Expense Non Operating": NaN,
        "Interest Income Non Operating": NaN,
        "Operating Income": NaN,
        "Operating Expense": NaN,
        "Depreciation Amortization Depletion Income Statement": NaN,
        "Depreciation And Amortization In Income Statement": NaN,
        "Selling General And Administration": NaN,
        "General And Administrative Expense": 327000000.0,
        "Other Gand A": 327000000.0,
        "Salaries And Wages": -37000000.0,
        "Gross Profit": NaN,
        "Cost Of Revenue": NaN,
        "Total Revenue": NaN,
        "Operating Revenue": NaN
    },
    "2022-03-31": {
        "Diluted EPS": 2.1,
        "Total Revenue": NaN,
        "Gross Profit": 847,
        "Operating Income": 109,
        "EBIT": 542,
        "Net Income": 530
    },
    "2021-12-31": {
        "Diluted EPS": 0.38,
        "Total Revenue": NaN,
        "Gross Profit": 910,
        "Operating Income": 144,
        "EBIT": 574,
        "Net Income": 98
    },
    "2021-09-30": {
        "Diluted EPS": -0.74,
        "Total Revenue": NaN,
        "Gross Profit": 939,
        "Operating Income": -160,
        "EBIT": 292,
        "Net Income": -188
    },
    "2021-06-30": {
        "Diluted EPS": 1.07,
        "Total Revenue": NaN,
        "Gross Profit": 886,
        "Operating Income": 53,
        "EBIT": 480,
        "Net Income": 278
    },
    "2021-03-31": {
        "Diluted EPS": -3.11,
        "Total Revenue": NaN,
        "Gross Profit": 824,
        "Operating Income": -166,
        "EBIT": 319,
        "Net Income": -798
    },
    "2020-12-31": {
        "Diluted EPS": 4.29,
        "Total Revenue": NaN,
        "Gross Profit": 955,
        "Operating Income": -37,
        "EBIT": 444,
        "Net Income": NaN
    },
    "2020-09-30": {
        "Diluted EPS": -0.96,
        "Total Revenue": NaN,
        "Gross Profit": 991,
        "Operating Income": -73,
        "EBIT": 456,
        "Net Income": -244
    },
    "2020-06-30": {
        "Diluted EPS": -0.81,
        "Total Revenue": NaN,
        "Gross Profit": 873,
        "Operating Income": -158,
        "EBIT": 338,
        "Net Income": -205
    },
    "2020-03-31": {
        "Diluted EPS": -13.5,
        "Total Revenue": NaN,
        "Gross Profit": NaN,
        "Operating Income": -20,
        "EBIT": NaN,
        "Net Income": NaN
    },
    "2019-12-31": {
        "Diluted EPS": 0.32,
        "Total Revenue": NaN,
        "Gross Profit": NaN,
        "Operating Income": 197,
        "EBIT": 733,
        "Net Income": 82
    },
    "2019-09-30": {
        "Diluted EPS": -8.19,
        "Total Revenue": NaN,
        "Gross Profit": NaN,
        "Operating Income": 216,
        "EBIT": NaN,
        "Net Income": NaN
    },
    "2019-06-30": {
        "Diluted EPS": 0.61,
        "Total Revenue": NaN,
        "Gross Profit": NaN,
        "Operating Income": 291,
        "EBIT": 765,
        "Net Income": 163
    },
    "2019-03-31": {
        "Diluted EPS": 0.99,
        "Total Revenue": NaN,
        "Gross Profit": NaN,
        "Operating Income": 480,
        "EBIT": 979,
        "Net Income": 274
    },
    "2018-12-31": {
        "Diluted EPS": 1.66,
        "Total Revenue": NaN,
        "Gross Profit": NaN,
        "Operating Income": 454,
        "EBIT": 966,
        "Net Income": 462
    },
    "2018-09-30": {
        "Diluted EPS": 0.92,
        "Total Revenue": NaN,
        "Gross Profit": NaN,
        "Operating Income": 442,
        "EBIT": 935,
        "Net Income": 262
    },
    "2018-06-30": {
        "Diluted EPS": 0.9,
        "Total Revenue": NaN,
        "Gross Profit": NaN,
        "Operating Income": 504,
        "EBIT": NaN,
        "Net Income": 259
    },
    "2018-03-31": {
        "Diluted EPS": 1.93,
        "Total Revenue": NaN,
        "Gross Profit": NaN,
        "Operating Income": 560,
        "EBIT": NaN,
        "Net Income": 560
    },
    "2017-12-31": {
        "Diluted EPS": 2.68,
        "Total Revenue": NaN,
        "Gross Profit": NaN,
        "Operating Income": 522,
        "EBIT": NaN,
        "Net Income": 776
    },
    "2017-09-30": {
        "Diluted EPS": 0.88,
        "Total Revenue": NaN,
        "Gross Profit": NaN,
        "Operating Income": 457,
        "EBIT": 998,
        "Net Income": 256
    },
    "2017-06-30": {
        "Diluted EPS": 0.55,
        "Total Revenue": NaN,
        "Gross Profit": 927,
        "Operating Income": 192,
        "EBIT": 555,
        "Net Income": 159
    },
    "2017-03-31": {
        "Diluted EPS": -1.04,
        "Total Revenue": NaN,
        "Gross Profit": 471,
        "Operating Income": -33,
        "EBIT": 139,
        "Net Income": -148
    },
    "2016-12-31": {
        "Diluted EPS": 0.21,
        "Total Revenue": NaN,
        "Gross Profit": 570,
        "Operating Income": 76,
        "EBIT": 240,
        "Net Income": 31
    },
    "2016-09-30": {
        "Diluted EPS": 0.1,
        "Total Revenue": NaN,
        "Gross Profit": 508,
        "Operating Income": 48,
        "EBIT": 218,
        "Net Income": 15
    },
    "2016-06-30": {
        "Diluted EPS": -0.15,
        "Total Revenue": NaN,
        "Gross Profit": 509,
        "Operating Income": 38,
        "EBIT": 207,
        "Net Income": -21
    },
    "2016-03-31": {
        "Diluted EPS": -0.91,
        "Total Revenue": NaN,
        "Gross Profit": 347,
        "Operating Income": -154,
        "EBIT": 5,
        "Net Income": -126
    },
    "2015-12-31": {
        "Diluted EPS": 0.35,
        "Total Revenue": NaN,
        "Gross Profit": 534,
        "Operating Income": 114,
        "EBIT": 312,
        "Net Income": 50
    },
    "2015-09-30": {
        "Diluted EPS": 1.21,
        "Total Revenue": NaN,
        "Gross Profit": 508,
        "Operating Income": 71,
        "EBIT": 274,
        "Net Income": 171
    },
    "2015-06-30": {
        "Diluted EPS": 1.15,
        "Total Revenue": NaN,
        "Gross Profit": 532,
        "Operating Income": 87,
        "EBIT": 294,
        "Net Income": 163
    },
    "2015-03-31": {
        "Diluted EPS": 0.06,
        "Total Revenue": NaN,
        "Gross Profit": 292,
        "Operating Income": -158,
        "EBIT": 57,
        "Net Income": 9
    },
    "2014-12-31": {
        "Diluted EPS": -2.23,
        "Total Revenue": NaN,
        "Gross Profit": 377,
        "Operating Income": -345,
        "EBIT": -107,
        "Net Income": -314
    },
    "2014-09-30": {
        "Diluted EPS": 1.04,
        "Total Revenue": NaN,
        "Gross Profit": 873,
        "Operating Income": 275,
        "EBIT": 527,
        "Net Income": 151
    },
    "2014-06-30": {
        "Diluted EPS": 0.98,
        "Total Revenue": NaN,
        "Gross Profit": 873,
        "Operating Income": 257,
        "EBIT": 529,
        "Net Income": 146
    },
    "2014-03-31": {
        "Diluted EPS": 1.81,
        "Total Revenue": NaN,
        "Gross Profit": NaN,
        "Operating Income": 507,
        "EBIT": 772,
        "Net Income": 270
    },
    "2013-12-31": {
        "Diluted EPS": 1.81,
        "Total Revenue": NaN,
        "Gross Profit": 967,
        "Operating Income": 398,
        "EBIT": 649,
        "Net Income": 271
    },
    "2013-09-30": {
        "Diluted EPS": 1.54,
        "Total Revenue": NaN,
        "Gross Profit": 870,
        "Operating Income": 308,
        "EBIT": 555,
        "Net Income": 232
    },
    "2013-06-30": {
        "Diluted EPS": 1.14,
        "Total Revenue": NaN,
        "Gross Profit": 817,
        "Operating Income": 275,
        "EBIT": 530,
        "Net Income": 174
    },
    "2013-03-31": {
        "Diluted EPS": 0.56,
        "Total Revenue": NaN,
        "Gross Profit": 662,
        "Operating Income": 42,
        "EBIT": 311,
        "Net Income": 80
    },
    "2012-12-31": {
        "Diluted EPS": 3.27,
        "Total Revenue": NaN,
        "Gross Profit": 769,
        "Operating Income": 230,
        "EBIT": 498,
        "Net Income": 510
    },
    "2012-09-30": {
        "Diluted EPS": 0.83,
        "Total Revenue": NaN,
        "Gross Profit": 815,
        "Operating Income": 250,
        "EBIT": 521,
        "Net Income": 130
    },
    "2012-06-30": {
        "Diluted EPS": 0.26,
        "Total Revenue": NaN,
        "Gross Profit": 656,
        "Operating Income": 113,
        "EBIT": 375,
        "Net Income": 40
    },
    "2012-03-31": {
        "Diluted EPS": 22.38,
        "Total Revenue": NaN,
        "Gross Profit": NaN,
        "Operating Income": 887,
        "EBIT": NaN,
        "Net Income": NaN
    },
    "2011-12-31": {
        "Diluted EPS": -8.96,
        "Total Revenue": NaN,
        "Gross Profit": -780,
        "Operating Income": NaN,
        "EBIT": -971,
        "Net Income": NaN
    },
    "2011-09-30": {
        "Diluted EPS": -18.56,
        "Total Revenue": NaN,
        "Gross Profit": 456,
        "Operating Income": -141,
        "EBIT": NaN,
        "Net Income": NaN
    },
    "2011-06-30": {
        "Diluted EPS": 1.17,
        "Total Revenue": NaN,
        "Gross Profit": 668,
        "Operating Income": 126,
        "EBIT": 418,
        "Net Income": 183
    },
    "2011-03-31": {
        "Diluted EPS": 1.1,
        "Total Revenue": NaN,
        "Gross Profit": 703,
        "Operating Income": 214,
        "EBIT": 497,
        "Net Income": 171
    },
    "2010-12-31": {
        "Diluted EPS": 1.54,
        "Total Revenue": NaN,
        "Gross Profit": 774,
        "Operating Income": 263,
        "EBIT": 549,
        "Net Income": 242
    },
    "2010-09-30": {
        "Diluted EPS": 1.18,
        "Total Revenue": NaN,
        "Gross Profit": 787,
        "Operating Income": 269,
        "EBIT": 563,
        "Net Income": 184
    },
    "2010-06-30": {
        "Diluted EPS": 0.91,
        "Total Revenue": NaN,
        "Gross Profit": 740,
        "Operating Income": 241,
        "EBIT": 518,
        "Net Income": 143
    },
    "2010-03-31": {
        "Diluted EPS": 1.67,
        "Total Revenue": NaN,
        "Gross Profit": 887,
        "Operating Income": 368,
        "EBIT": 646,
        "Net Income": 259
    },
    "2009-12-31": {
        "Diluted EPS": 1.36,
        "Total Revenue": NaN,
        "Gross Profit": 848,
        "Operating Income": 329,
        "EBIT": 630,
        "Net Income": 211
    },
    "2009-09-30": {
        "Diluted EPS": 1.4,
        "Total Revenue": NaN,
        "Gross Profit": 826,
        "Operating Income": 305,
        "EBIT": 599,
        "Net Income": 216
    },
    "2009-06-30": {
        "Diluted EPS": 0.85,
        "Total Revenue": NaN,
        "Gross Profit": 742,
        "Operating Income": 225,
        "EBIT": 508,
        "Net Income": 131
    },
    "2009-03-31": {
        "Diluted EPS": 2.51,
        "Total Revenue": NaN,
        "Gross Profit": 901,
        "Operating Income": 386,
        "EBIT": 669,
        "Net Income": 381
    },
    "2023-09-30": {
        "Tax Effect Of Unusual Items": NaN,
        "Tax Rate For Calcs": NaN,
        "Normalized EBITDA": NaN,
        "Total Unusual Items": NaN,
        "Total Unusual Items Excluding Goodwill": NaN,
        "Net Income From Continuing Operation Net Minority Interest": NaN,
        "Reconciled Depreciation": NaN,
        "Reconciled Cost Of Revenue": NaN,
        "EBITDA": NaN,
        "EBIT": NaN,
        "Net Interest Income": NaN,
        "Interest Expense": NaN,
        "Interest Income": NaN,
        "Normalized Income": NaN,
        "Net Income From Continuing And Discontinued Operation": NaN,
        "Total Expenses": NaN,
        "Diluted Average Shares": NaN,
        "Basic Average Shares": NaN,
        "Diluted EPS": NaN,
        "Basic EPS": NaN,
        "Diluted NI Availto Com Stockholders": NaN,
        "Net Income Common Stockholders": NaN,
        "Net Income": NaN,
        "Minority Interests": NaN,
        "Net Income Including Noncontrolling Interests": NaN,
        "Net Income Continuous Operations": NaN,
        "Tax Provision": NaN,
        "Pretax Income": NaN,
        "Other Income Expense": NaN,
        "Other Non Operating Income Expenses": NaN,
        "Special Income Charges": NaN,
        "Gain On Sale Of Ppe": NaN,
        "Gain On Sale Of Business": NaN,
        "Restructuring And Mergern Acquisition": NaN,
        "Gain On Sale Of Security": 1000000.0,
        "Net Non Operating Interest Income Expense": NaN,
        "Interest Expense Non Operating": NaN,
        "Interest Income Non Operating": NaN,
        "Operating Income": NaN,
        "Operating Expense": NaN,
        "Depreciation Amortization Depletion Income Statement": NaN,
        "Depreciation And Amortization In Income Statement": NaN,
        "Selling General And Administration": NaN,
        "General And Administrative Expense": 292000000.0,
        "Other Gand A": 328000000.0,
        "Salaries And Wages": -36000000.0,
        "Gross Profit": NaN,
        "Cost Of Revenue": NaN,
        "Total Revenue": NaN,
        "Operating Revenue": NaN
    },
    "2023-12-31": {
        "Tax Effect Of Unusual Items": NaN,
        "Tax Rate For Calcs": NaN,
        "Normalized EBITDA": NaN,
        "Total Unusual Items": NaN,
        "Total Unusual Items Excluding Goodwill": NaN,
        "Net Income From Continuing Operation Net Minority Interest": NaN,
        "Reconciled Depreciation": NaN,
        "Reconciled Cost Of Revenue": NaN,
        "EBITDA": NaN,
        "EBIT": NaN,
        "Net Interest Income": NaN,
        "Interest Expense": NaN,
        "Interest Income": NaN,
        "Normalized Income": NaN,
        "Net Income From Continuing And Discontinued Operation": NaN,
        "Total Expenses": NaN,
        "Diluted Average Shares": NaN,
        "Basic Average Shares": NaN,
        "Diluted EPS": NaN,
        "Basic EPS": NaN,
        "Diluted NI Availto Com Stockholders": NaN,
        "Net Income Common Stockholders": NaN,
        "Net Income": NaN,
        "Minority Interests": NaN,
        "Net Income Including Noncontrolling Interests": NaN,
        "Net Income Continuous Operations": NaN,
        "Tax Provision": NaN,
        "Pretax Income": NaN,
        "Other Income Expense": NaN,
        "Other Non Operating Income Expenses": NaN,
        "Special Income Charges": NaN,
        "Gain On Sale Of Ppe": NaN,
        "Gain On Sale Of Business": NaN,
        "Restructuring And Mergern Acquisition": NaN,
        "Gain On Sale Of Security": -5000000.0,
        "Net Non Operating Interest Income Expense": NaN,
        "Interest Expense Non Operating": NaN,
        "Interest Income Non Operating": NaN,
        "Operating Income": NaN,
        "Operating Expense": NaN,
        "Depreciation Amortization Depletion Income Statement": NaN,
        "Depreciation And Amortization In Income Statement": NaN,
        "Selling General And Administration": NaN,
        "General And Administrative Expense": 294000000.0,
        "Other Gand A": 294000000.0,
        "Salaries And Wages": -35000000.0,
        "Gross Profit": NaN,
        "Cost Of Revenue": NaN,
        "Total Revenue": NaN,
        "Operating Revenue": NaN
    },
    "2024-03-31": {
        "Tax Effect Of Unusual Items": NaN,
        "Tax Rate For Calcs": NaN,
        "Normalized EBITDA": NaN,
        "Total Unusual Items": NaN,
        "Total Unusual Items Excluding Goodwill": NaN,
        "Net Income From Continuing Operation Net Minority Interest": NaN,
        "Reconciled Depreciation": NaN,
        "Reconciled Cost Of Revenue": NaN,
        "EBITDA": NaN,
        "EBIT": NaN,
        "Net Interest Income": NaN,
        "Interest Expense": NaN,
        "Interest Income": NaN,
        "Normalized Income": NaN,
        "Net Income From Continuing And Discontinued Operation": NaN,
        "Total Expenses": NaN,
        "Diluted Average Shares": NaN,
        "Basic Average Shares": NaN,
        "Diluted EPS": NaN,
        "Basic EPS": NaN,
        "Diluted NI Availto Com Stockholders": NaN,
        "Net Income Common Stockholders": NaN,
        "Net Income": NaN,
        "Minority Interests": NaN,
        "Net Income Including Noncontrolling Interests": NaN,
        "Net Income Continuous Operations": NaN,
        "Tax Provision": NaN,
        "Pretax Income": NaN,
        "Other Income Expense": NaN,
        "Other Non Operating Income Expenses": NaN,
        "Special Income Charges": NaN,
        "Gain On Sale Of Ppe": NaN,
        "Gain On Sale Of Business": -17000000.0,
        "Restructuring And Mergern Acquisition": NaN,
        "Gain On Sale Of Security": 3000000.0,
        "Net Non Operating Interest Income Expense": NaN,
        "Interest Expense Non Operating": NaN,
        "Interest Income Non Operating": NaN,
        "Operating Income": NaN,
        "Operating Expense": NaN,
        "Depreciation Amortization Depletion Income Statement": NaN,
        "Depreciation And Amortization In Income Statement": NaN,
        "Selling General And Administration": NaN,
        "General And Administrative Expense": 740000000.0,
        "Other Gand A": 295000000.0,
        "Salaries And Wages": 408000000.0,
        "Gross Profit": NaN,
        "Cost Of Revenue": NaN,
        "Total Revenue": NaN,
        "Operating Revenue": NaN
    },
    "2024-06-30": {
        "Tax Effect Of Unusual Items": NaN,
        "Tax Rate For Calcs": NaN,
        "Normalized EBITDA": NaN,
        "Total Unusual Items": NaN,
        "Total Unusual Items Excluding Goodwill": NaN,
        "Net Income From Continuing Operation Net Minority Interest": NaN,
        "Reconciled Depreciation": NaN,
        "Reconciled Cost Of Revenue": NaN,
        "EBITDA": NaN,
        "EBIT": NaN,
        "Net Interest Income": NaN,
        "Interest Expense": NaN,
        "Interest Income": NaN,
        "Normalized Income": NaN,
        "Net Income From Continuing And Discontinued Operation": NaN,
        "Total Expenses": NaN,
        "Diluted Average Shares": NaN,
        "Basic Average Shares": NaN,
        "Diluted EPS": NaN,
        "Basic EPS": NaN,
        "Diluted NI Availto Com Stockholders": NaN,
        "Net Income Common Stockholders": NaN,
        "Net Income": NaN,
        "Minority Interests": NaN,
        "Net Income Including Noncontrolling Interests": NaN,
        "Net Income Continuous Operations": NaN,
        "Tax Provision": NaN,
        "Pretax Income": NaN,
        "Other Income Expense": NaN,
        "Other Non Operating Income Expenses": NaN,
        "Special Income Charges": NaN,
        "Gain On Sale Of Ppe": NaN,
        "Gain On Sale Of Business": 0.0,
        "Restructuring And Mergern Acquisition": NaN,
        "Gain On Sale Of Security": -1000000.0,
        "Net Non Operating Interest Income Expense": NaN,
        "Interest Expense Non Operating": NaN,
        "Interest Income Non Operating": NaN,
        "Operating Income": NaN,
        "Operating Expense": NaN,
        "Depreciation Amortization Depletion Income Statement": NaN,
        "Depreciation And Amortization In Income Statement": NaN,
        "Selling General And Administration": NaN,
        "General And Administrative Expense": 301000000.0,
        "Other Gand A": 301000000.0,
        "Salaries And Wages": -40000000.0,
        "Gross Profit": NaN,
        "Cost Of Revenue": NaN,
        "Total Revenue": NaN,
        "Operating Revenue": NaN
    },
    "2024-09-30": {
        "Tax Effect Of Unusual Items": -14490000.0,
        "Tax Rate For Calcs": 0.21,
        "Normalized EBITDA": 566000000.0,
        "Total Unusual Items": -69000000.0,
        "Total Unusual Items Excluding Goodwill": -69000000.0,
        "Net Income From Continuing Operation Net Minority Interest": 42000000.0,
        "Reconciled Depreciation": 335000000.0,
        "Reconciled Cost Of Revenue": 2421000000.0,
        "EBITDA": 497000000.0,
        "EBIT": 162000000.0,
        "Net Interest Income": -18000000.0,
        "Interest Expense": 69000000.0,
        "Interest Income": 51000000.0,
        "Normalized Income": 96510000.0,
        "Net Income From Continuing And Discontinued Operation": 42000000.0,
        "Total Expenses": 3109000000.0,
        "Diluted Average Shares": NaN,
        "Basic Average Shares": NaN,
        "Diluted EPS": NaN,
        "Basic EPS": NaN,
        "Diluted NI Availto Com Stockholders": 42000000.0,
        "Net Income Common Stockholders": 42000000.0,
        "Net Income": 42000000.0,
        "Minority Interests": -3000000.0,
        "Net Income Including Noncontrolling Interests": 45000000.0,
        "Net Income Continuous Operations": 45000000.0,
        "Tax Provision": 48000000.0,
        "Pretax Income": 93000000.0,
        "Other Income Expense": -21000000.0,
        "Other Non Operating Income Expenses": 48000000.0,
        "Special Income Charges": -69000000.0,
        "Gain On Sale Of Ppe": -27000000.0,
        "Gain On Sale Of Business": 0.0,
        "Restructuring And Mergern Acquisition": 42000000.0,
        "Gain On Sale Of Security": NaN,
        "Net Non Operating Interest Income Expense": -18000000.0,
        "Interest Expense Non Operating": 69000000.0,
        "Interest Income Non Operating": 51000000.0,
        "Operating Income": 132000000.0,
        "Operating Expense": 682000000.0,
        "Depreciation Amortization Depletion Income Statement": 329000000.0,
        "Depreciation And Amortization In Income Statement": 329000000.0,
        "Selling General And Administration": 353000000.0,
        "General And Administrative Expense": NaN,
        "Other Gand A": NaN,
        "Salaries And Wages": NaN,
        "Gross Profit": 814000000.0,
        "Cost Of Revenue": 2427000000.0,
        "Total Revenue": 3241000000.0,
        "Operating Revenue": 3241000000.0
    },
    "2024-12-31": {
        "Tax Effect Of Unusual Items": -7980000.0,
        "Tax Rate For Calcs": 0.21,
        "Normalized EBITDA": 562000000.0,
        "Total Unusual Items": -38000000.0,
        "Total Unusual Items Excluding Goodwill": -38000000.0,
        "Net Income From Continuing Operation Net Minority Interest": 57000000.0,
        "Reconciled Depreciation": 327000000.0,
        "Reconciled Cost Of Revenue": 2409000000.0,
        "EBITDA": 524000000.0,
        "EBIT": 197000000.0,
        "Net Interest Income": -15000000.0,
        "Interest Expense": 66000000.0,
        "Interest Income": 51000000.0,
        "Normalized Income": 87020000.0,
        "Net Income From Continuing And Discontinued Operation": 57000000.0,
        "Total Expenses": 3071000000.0,
        "Diluted Average Shares": 184770000.0,
        "Basic Average Shares": 181020000.0,
        "Diluted EPS": 0.31,
        "Basic EPS": 0.31,
        "Diluted NI Availto Com Stockholders": 57000000.0,
        "Net Income Common Stockholders": 57000000.0,
        "Net Income": 57000000.0,
        "Minority Interests": -6000000.0,
        "Net Income Including Noncontrolling Interests": 63000000.0,
        "Net Income Continuous Operations": 63000000.0,
        "Tax Provision": 68000000.0,
        "Pretax Income": 131000000.0,
        "Other Income Expense": -8000000.0,
        "Other Non Operating Income Expenses": 30000000.0,
        "Special Income Charges": -39000000.0,
        "Gain On Sale Of Ppe": -3000000.0,
        "Gain On Sale Of Business": 7000000.0,
        "Restructuring And Mergern Acquisition": 43000000.0,
        "Gain On Sale Of Security": 1000000.0,
        "Net Non Operating Interest Income Expense": -15000000.0,
        "Interest Expense Non Operating": 66000000.0,
        "Interest Income Non Operating": 51000000.0,
        "Operating Income": 154000000.0,
        "Operating Expense": 655000000.0,
        "Depreciation Amortization Depletion Income Statement": 320000000.0,
        "Depreciation And Amortization In Income Statement": 320000000.0,
        "Selling General And Administration": 335000000.0,
        "General And Administrative Expense": NaN,
        "Other Gand A": NaN,
        "Salaries And Wages": NaN,
        "Gross Profit": 809000000.0,
        "Cost Of Revenue": 2416000000.0,
        "Total Revenue": 3225000000.0,
        "Operating Revenue": 3225000000.0
    },
    "2025-03-31": {
        "Tax Effect Of Unusual Items": -3550295.857988,
        "Tax Rate For Calcs": 0.221893,
        "Normalized EBITDA": 730000000.0,
        "Total Unusual Items": -16000000.0,
        "Total Unusual Items Excluding Goodwill": -16000000.0,
        "Net Income From Continuing Operation Net Minority Interest": 264000000.0,
        "Reconciled Depreciation": 318000000.0,
        "Reconciled Cost Of Revenue": 2395000000.0,
        "EBITDA": 714000000.0,
        "EBIT": 396000000.0,
        "Net Interest Income": -12000000.0,
        "Interest Expense": 58000000.0,
        "Interest Income": 46000000.0,
        "Normalized Income": 276449704.142012,
        "Net Income From Continuing And Discontinued Operation": 264000000.0,
        "Total Expenses": 2840000000.0,
        "Diluted Average Shares": 184840000.0,
        "Basic Average Shares": 181090000.0,
        "Diluted EPS": 1.43,
        "Basic EPS": 1.46,
        "Diluted NI Availto Com Stockholders": 264000000.0,
        "Net Income Common Stockholders": 264000000.0,
        "Net Income": 264000000.0,
        "Minority Interests": 1000000.0,
        "Net Income Including Noncontrolling Interests": 263000000.0,
        "Net Income Continuous Operations": 263000000.0,
        "Tax Provision": 75000000.0,
        "Pretax Income": 338000000.0,
        "Other Income Expense": 21000000.0,
        "Other Non Operating Income Expenses": 37000000.0,
        "Special Income Charges": -20000000.0,
        "Gain On Sale Of Ppe": 9000000.0,
        "Gain On Sale Of Business": 0.0,
        "Restructuring And Mergern Acquisition": 29000000.0,
        "Gain On Sale Of Security": NaN,
        "Net Non Operating Interest Income Expense": -12000000.0,
        "Interest Expense Non Operating": 58000000.0,
        "Interest Income Non Operating": 46000000.0,
        "Operating Income": 329000000.0,
        "Operating Expense": 439000000.0,
        "Depreciation Amortization Depletion Income Statement": 312000000.0,
        "Depreciation And Amortization In Income Statement": 312000000.0,
        "Selling General And Administration": 127000000.0,
        "General And Administrative Expense": NaN,
        "Other Gand A": NaN,
        "Salaries And Wages": NaN,
        "Gross Profit": 768000000.0,
        "Cost Of Revenue": 2401000000.0,
        "Total Revenue": 3169000000.0,
        "Operating Revenue": 3169000000.0
    },
    "2025-06-30": {
        "Tax Effect Of Unusual Items": -6720000.0,
        "Tax Rate For Calcs": 0.21,
        "Normalized EBITDA": 462000000.0,
        "Total Unusual Items": -32000000.0,
        "Total Unusual Items Excluding Goodwill": -32000000.0,
        "Net Income From Continuing Operation Net Minority Interest": 16000000.0,
        "Reconciled Depreciation": 309000000.0,
        "Reconciled Cost Of Revenue": 2383000000.0,
        "EBITDA": 430000000.0,
        "EBIT": 121000000.0,
        "Net Interest Income": -8000000.0,
        "Interest Expense": 54000000.0,
        "Interest Income": 46000000.0,
        "Normalized Income": 41280000.0,
        "Net Income From Continuing And Discontinued Operation": 16000000.0,
        "Total Expenses": 3086000000.0,
        "Diluted Average Shares": 184960000.0,
        "Basic Average Shares": 181100000.0,
        "Diluted EPS": 0.09,
        "Basic EPS": 0.09,
        "Diluted NI Availto Com Stockholders": 16000000.0,
        "Net Income Common Stockholders": 16000000.0,
        "Net Income": 16000000.0,
        "Minority Interests": -2000000.0,
        "Net Income Including Noncontrolling Interests": 18000000.0,
        "Net Income Continuous Operations": 18000000.0,
        "Tax Provision": 49000000.0,
        "Pretax Income": 67000000.0,
        "Other Income Expense": 2000000.0,
        "Other Non Operating Income Expenses": 34000000.0,
        "Special Income Charges": -37000000.0,
        "Gain On Sale Of Ppe": 0.0,
        "Gain On Sale Of Business": NaN,
        "Restructuring And Mergern Acquisition": 37000000.0,
        "Gain On Sale Of Security": 5000000.0,
        "Net Non Operating Interest Income Expense": -8000000.0,
        "Interest Expense Non Operating": 54000000.0,
        "Interest Income Non Operating": 46000000.0,
        "Operating Income": 73000000.0,
        "Operating Expense": 698000000.0,
        "Depreciation Amortization Depletion Income Statement": 304000000.0,
        "Depreciation And Amortization In Income Statement": 304000000.0,
        "Selling General And Administration": 394000000.0,
        "General And Administrative Expense": NaN,
        "Other Gand A": NaN,
        "Salaries And Wages": NaN,
        "Gross Profit": 771000000.0,
        "Cost Of Revenue": 2388000000.0,
        "Total Revenue": 3159000000.0,
        "Operating Revenue": 3159000000.0
    },
    "2025-09-30": {
        "Tax Effect Of Unusual Items": -5460000.0,
        "Tax Rate For Calcs": 0.21,
        "Normalized EBITDA": 512000000.0,
        "Total Unusual Items": -26000000.0,
        "Total Unusual Items Excluding Goodwill": -26000000.0,
        "Net Income From Continuing Operation Net Minority Interest": 36000000.0,
        "Reconciled Depreciation": 302000000.0,
        "Reconciled Cost Of Revenue": 2376000000.0,
        "EBITDA": 486000000.0,
        "EBIT": 184000000.0,
        "Net Interest Income": -7000000.0,
        "Interest Expense": 53000000.0,
        "Interest Income": 46000000.0,
        "Normalized Income": 56540000.0,
        "Net Income From Continuing And Discontinued Operation": 36000000.0,
        "Total Expenses": 3044000000.0,
        "Diluted Average Shares": 179150000.0,
        "Basic Average Shares": 177430000.0,
        "Diluted EPS": 0.2,
        "Basic EPS": 0.2,
        "Diluted NI Availto Com Stockholders": 36000000.0,
        "Net Income Common Stockholders": 36000000.0,
        "Net Income": 36000000.0,
        "Minority Interests": -4000000.0,
        "Net Income Including Noncontrolling Interests": 40000000.0,
        "Net Income Continuous Operations": 40000000.0,
        "Tax Provision": 91000000.0,
        "Pretax Income": 131000000.0,
        "Other Income Expense": 21000000.0,
        "Other Non Operating Income Expenses": 47000000.0,
        "Special Income Charges": -28000000.0,
        "Gain On Sale Of Ppe": 7000000.0,
        "Gain On Sale Of Business": NaN,
        "Restructuring And Mergern Acquisition": 35000000.0,
        "Gain On Sale Of Security": 2000000.0,
        "Net Non Operating Interest Income Expense": -7000000.0,
        "Interest Expense Non Operating": 53000000.0,
        "Interest Income Non Operating": 46000000.0,
        "Operating Income": 117000000.0,
        "Operating Expense": 661000000.0,
        "Depreciation Amortization Depletion Income Statement": 295000000.0,
        "Depreciation And Amortization In Income Statement": 295000000.0,
        "Selling General And Administration": 366000000.0,
        "General And Administrative Expense": NaN,
        "Other Gand A": NaN,
        "Salaries And Wages": NaN,
        "Gross Profit": 778000000.0,
        "Cost Of Revenue": 2383000000.0,
        "Total Revenue": 3161000000.0,
        "Operating Revenue": 3161000000.0
    },
    "2025-12-31": {
        "Tax Effect Of Unusual Items": NaN,
        "Tax Rate For Calcs": NaN,
        "Normalized EBITDA": NaN,
        "Total Unusual Items": NaN,
        "Total Unusual Items Excluding Goodwill": NaN,
        "Net Income From Continuing Operation Net Minority Interest": NaN,
        "Reconciled Depreciation": NaN,
        "Reconciled Cost Of Revenue": NaN,
        "EBITDA": NaN,
        "EBIT": NaN,
        "Net Interest Income": NaN,
        "Interest Expense": NaN,
        "Interest Income": NaN,
        "Normalized Income": NaN,
        "Net Income From Continuing And Discontinued Operation": NaN,
        "Total Expenses": NaN,
        "Diluted Average Shares": 175750000.0,
        "Basic Average Shares": 173130000.0,
        "Diluted EPS": 0.61,
        "Basic EPS": 0.62,
        "Diluted NI Availto Com Stockholders": NaN,
        "Net Income Common Stockholders": NaN,
        "Net Income": NaN,
        "Minority Interests": NaN,
        "Net Income Including Noncontrolling Interests": NaN,
        "Net Income Continuous Operations": NaN,
        "Tax Provision": NaN,
        "Pretax Income": NaN,
        "Other Income Expense": NaN,
        "Other Non Operating Income Expenses": NaN,
        "Special Income Charges": NaN,
        "Gain On Sale Of Ppe": NaN,
        "Gain On Sale Of Business": NaN,
        "Restructuring And Mergern Acquisition": NaN,
        "Gain On Sale Of Security": NaN,
        "Net Non Operating Interest Income Expense": NaN,
        "Interest Expense Non Operating": NaN,
        "Interest Income Non Operating": NaN,
        "Operating Income": NaN,
        "Operating Expense": NaN,
        "Depreciation Amortization Depletion Income Statement": NaN,
        "Depreciation And Amortization In Income Statement": NaN,
        "Selling General And Administration": NaN,
        "General And Administrative Expense": NaN,
        "Other Gand A": NaN,
        "Salaries And Wages": NaN,
        "Gross Profit": NaN,
        "Cost Of Revenue": NaN,
        "Total Revenue": NaN,
        "Operating Revenue": NaN
    }
}