{
    "2023-04-30": {
        "Tax Effect Of Unusual Items": NaN,
        "Tax Rate For Calcs": NaN,
        "Normalized EBITDA": NaN,
        "Total Unusual Items": NaN,
        "Total Unusual Items Excluding Goodwill": NaN,
        "Net Income From Continuing Operation Net Minority Interest": NaN,
        "Reconciled Depreciation": NaN,
        "Reconciled Cost Of Revenue": NaN,
        "EBITDA": NaN,
        "EBIT": NaN,
        "Net Interest Income": NaN,
        "Interest Expense": NaN,
        "Normalized Income": NaN,
        "Net Income From Continuing And Discontinued Operation": NaN,
        "Total Expenses": NaN,
        "Diluted Average Shares": NaN,
        "Basic Average Shares": NaN,
        "Diluted EPS": NaN,
        "Basic EPS": NaN,
        "Diluted NI Availto Com Stockholders": NaN,
        "Net Income Common Stockholders": NaN,
        "Net Income": NaN,
        "Net Income Including Noncontrolling Interests": NaN,
        "Net Income Continuous Operations": NaN,
        "Tax Provision": NaN,
        "Pretax Income": NaN,
        "Other Income Expense": NaN,
        "Other Non Operating Income Expenses": NaN,
        "Special Income Charges": NaN,
        "Gain On Sale Of Ppe": NaN,
        "Other Special Charges": NaN,
        "Net Non Operating Interest Income Expense": NaN,
        "Total Other Finance Cost": 3200000.0,
        "Interest Expense Non Operating": NaN,
        "Operating Income": NaN,
        "Operating Expense": NaN,
        "Depreciation Amortization Depletion Income Statement": NaN,
        "Depreciation And Amortization In Income Statement": NaN,
        "Selling General And Administration": NaN,
        "General And Administrative Expense": NaN,
        "Other Gand A": NaN,
        "Salaries And Wages": 6620000.0,
        "Gross Profit": NaN,
        "Cost Of Revenue": NaN,
        "Total Revenue": NaN,
        "Operating Revenue": NaN
    },
    "2023-01-31": {
        "Tax Effect Of Unusual Items": 614146.473042,
        "Tax Rate For Calcs": 0.221874,
        "Normalized EBITDA": 77421000.0,
        "Total Unusual Items": 2768000.0,
        "Total Unusual Items Excluding Goodwill": 2768000.0,
        "Net Income From Continuing Operation Net Minority Interest": 24809000.0,
        "Reconciled Depreciation": 36745000.0,
        "Reconciled Cost Of Revenue": 765658000.0,
        "EBITDA": 80189000.0,
        "EBIT": 43444000.0,
        "Net Interest Income": -5879000.0,
        "Interest Expense": 11561000.0,
        "Normalized Income": 22655146.473042,
        "Net Income From Continuing And Discontinued Operation": 24809000.0,
        "Total Expenses": 874367000.0,
        "Diluted Average Shares": 29964593.0,
        "Basic Average Shares": 29516443.0,
        "Diluted EPS": 0.83,
        "Basic EPS": 0.84,
        "Diluted NI Availto Com Stockholders": 24809000.0,
        "Net Income Common Stockholders": 24809000.0,
        "Net Income": 24809000.0,
        "Net Income Including Noncontrolling Interests": 24809000.0,
        "Net Income Continuous Operations": 24809000.0,
        "Tax Provision": 7074000.0,
        "Pretax Income": 31883000.0,
        "Other Income Expense": -5337000.0,
        "Other Non Operating Income Expenses": -8105000.0,
        "Special Income Charges": 2768000.0,
        "Gain On Sale Of Ppe": 2768000.0,
        "Net Non Operating Interest Income Expense": -5879000.0,
        "Total Other Finance Cost": NaN,
        "Interest Expense Non Operating": 11561000.0,
        "Operating Income": 43099000.0,
        "Operating Expense": 108709000.0,
        "Depreciation Amortization Depletion Income Statement": 36745000.0,
        "Depreciation And Amortization In Income Statement": 36745000.0,
        "Selling General And Administration": 71964000.0,
        "General And Administrative Expense": 71964000.0,
        "Other Gand A": 71964000.0,
        "Salaries And Wages": NaN,
        "Gross Profit": 151808000.0,
        "Cost Of Revenue": 765658000.0,
        "Total Revenue": 917466000.0,
        "Operating Revenue": 917466000.0
    },
    "2022-10-31": {
        "Tax Effect Of Unusual Items": NaN,
        "Tax Rate For Calcs": NaN,
        "Normalized EBITDA": NaN,
        "Total Unusual Items": NaN,
        "Total Unusual Items Excluding Goodwill": NaN,
        "Net Income From Continuing Operation Net Minority Interest": NaN,
        "Reconciled Depreciation": NaN,
        "Reconciled Cost Of Revenue": NaN,
        "EBITDA": NaN,
        "EBIT": NaN,
        "Net Interest Income": NaN,
        "Interest Expense": NaN,
        "Normalized Income": NaN,
        "Net Income From Continuing And Discontinued Operation": NaN,
        "Total Expenses": NaN,
        "Diluted Average Shares": NaN,
        "Basic Average Shares": NaN,
        "Diluted EPS": NaN,
        "Basic EPS": NaN,
        "Diluted NI Availto Com Stockholders": NaN,
        "Net Income Common Stockholders": NaN,
        "Net Income": NaN,
        "Net Income Including Noncontrolling Interests": NaN,
        "Net Income Continuous Operations": NaN,
        "Tax Provision": NaN,
        "Pretax Income": NaN,
        "Other Income Expense": NaN,
        "Other Non Operating Income Expenses": NaN,
        "Special Income Charges": NaN,
        "Gain On Sale Of Ppe": NaN,
        "Net Non Operating Interest Income Expense": NaN,
        "Total Other Finance Cost": 3266000.0,
        "Interest Expense Non Operating": NaN,
        "Operating Income": NaN,
        "Operating Expense": NaN,
        "Depreciation Amortization Depletion Income Statement": NaN,
        "Depreciation And Amortization In Income Statement": NaN,
        "Selling General And Administration": NaN,
        "General And Administrative Expense": NaN,
        "Other Gand A": NaN,
        "Salaries And Wages": NaN,
        "Gross Profit": NaN,
        "Cost Of Revenue": NaN,
        "Total Revenue": NaN,
        "Operating Revenue": NaN
    },
    "2022-07-31": {
        "Tax Effect Of Unusual Items": 0.0,
        "Tax Rate For Calcs": 0.254809,
        "Normalized EBITDA": 103544000.0,
        "Total Unusual Items": 0.0,
        "Total Unusual Items Excluding Goodwill": 0.0,
        "Net Income From Continuing Operation Net Minority Interest": 43856000.0,
        "Reconciled Depreciation": 35345000.0,
        "Reconciled Cost Of Revenue": 797980000.0,
        "EBITDA": 103544000.0,
        "EBIT": 68199000.0,
        "Net Interest Income": -9347000.0,
        "Interest Expense": 9347000.0,
        "Normalized Income": 43856000.0,
        "Net Income From Continuing And Discontinued Operation": 43856000.0,
        "Total Expenses": 906661000.0,
        "Diluted Average Shares": 29943422.0,
        "Basic Average Shares": 29540174.0,
        "Diluted EPS": 1.46,
        "Basic EPS": 1.48,
        "Diluted NI Availto Com Stockholders": 43856000.0,
        "Net Income Common Stockholders": 43856000.0,
        "Net Income": 43856000.0,
        "Net Income Including Noncontrolling Interests": 43856000.0,
        "Net Income Continuous Operations": 43856000.0,
        "Tax Provision": 14996000.0,
        "Pretax Income": 58852000.0,
        "Other Income Expense": 2587000.0,
        "Other Non Operating Income Expenses": 2587000.0,
        "Special Income Charges": 0.0,
        "Gain On Sale Of Ppe": 3467000.0,
        "Net Non Operating Interest Income Expense": -9347000.0,
        "Total Other Finance Cost": 1315000.0,
        "Interest Expense Non Operating": 9347000.0,
        "Operating Income": 65612000.0,
        "Operating Expense": 108681000.0,
        "Depreciation Amortization Depletion Income Statement": 35345000.0,
        "Depreciation And Amortization In Income Statement": 35345000.0,
        "Selling General And Administration": 73336000.0,
        "General And Administrative Expense": 73336000.0,
        "Other Gand A": 73336000.0,
        "Salaries And Wages": NaN,
        "Gross Profit": 174293000.0,
        "Cost Of Revenue": 797980000.0,
        "Total Revenue": 972273000.0,
        "Operating Revenue": 972273000.0
    },
    "2023-07-31": {
        "Tax Effect Of Unusual Items": NaN,
        "Tax Rate For Calcs": NaN,
        "Normalized EBITDA": NaN,
        "Total Unusual Items": NaN,
        "Total Unusual Items Excluding Goodwill": NaN,
        "Net Income From Continuing Operation Net Minority Interest": NaN,
        "Reconciled Depreciation": NaN,
        "Reconciled Cost Of Revenue": NaN,
        "EBITDA": NaN,
        "EBIT": NaN,
        "Net Interest Income": NaN,
        "Interest Expense": NaN,
        "Normalized Income": NaN,
        "Net Income From Continuing And Discontinued Operation": NaN,
        "Total Expenses": NaN,
        "Diluted Average Shares": NaN,
        "Basic Average Shares": NaN,
        "Diluted EPS": NaN,
        "Basic EPS": NaN,
        "Diluted NI Availto Com Stockholders": NaN,
        "Net Income Common Stockholders": NaN,
        "Net Income": NaN,
        "Net Income Including Noncontrolling Interests": NaN,
        "Net Income Continuous Operations": NaN,
        "Tax Provision": NaN,
        "Pretax Income": NaN,
        "Other Income Expense": NaN,
        "Other Non Operating Income Expenses": NaN,
        "Special Income Charges": NaN,
        "Gain On Sale Of Ppe": NaN,
        "Other Special Charges": NaN,
        "Net Non Operating Interest Income Expense": NaN,
        "Total Other Finance Cost": 2353000.0,
        "Interest Expense Non Operating": NaN,
        "Operating Income": NaN,
        "Operating Expense": NaN,
        "Depreciation Amortization Depletion Income Statement": NaN,
        "Depreciation And Amortization In Income Statement": NaN,
        "Selling General And Administration": NaN,
        "General And Administrative Expense": NaN,
        "Other Gand A": NaN,
        "Gross Profit": NaN,
        "Cost Of Revenue": NaN,
        "Total Revenue": NaN,
        "Operating Revenue": NaN
    },
    "2023-10-31": {
        "Tax Effect Of Unusual Items": NaN,
        "Tax Rate For Calcs": NaN,
        "Normalized EBITDA": NaN,
        "Total Unusual Items": NaN,
        "Total Unusual Items Excluding Goodwill": NaN,
        "Net Income From Continuing Operation Net Minority Interest": NaN,
        "Reconciled Depreciation": NaN,
        "Reconciled Cost Of Revenue": NaN,
        "EBITDA": NaN,
        "EBIT": NaN,
        "Net Interest Income": NaN,
        "Interest Expense": NaN,
        "Normalized Income": NaN,
        "Net Income From Continuing And Discontinued Operation": NaN,
        "Total Expenses": NaN,
        "Diluted Average Shares": NaN,
        "Basic Average Shares": NaN,
        "Diluted EPS": NaN,
        "Basic EPS": NaN,
        "Diluted NI Availto Com Stockholders": NaN,
        "Net Income Common Stockholders": NaN,
        "Net Income": NaN,
        "Net Income Including Noncontrolling Interests": NaN,
        "Net Income Continuous Operations": NaN,
        "Tax Provision": NaN,
        "Pretax Income": NaN,
        "Other Income Expense": NaN,
        "Other Non Operating Income Expenses": NaN,
        "Special Income Charges": NaN,
        "Gain On Sale Of Ppe": NaN,
        "Other Special Charges": NaN,
        "Net Non Operating Interest Income Expense": NaN,
        "Total Other Finance Cost": 2231000.0,
        "Interest Expense Non Operating": NaN,
        "Operating Income": NaN,
        "Operating Expense": NaN,
        "Depreciation Amortization Depletion Income Statement": NaN,
        "Depreciation And Amortization In Income Statement": NaN,
        "Selling General And Administration": NaN,
        "General And Administrative Expense": NaN,
        "Other Gand A": NaN,
        "Gross Profit": NaN,
        "Cost Of Revenue": NaN,
        "Total Revenue": NaN,
        "Operating Revenue": NaN
    },
    "2024-01-31": {
        "Tax Effect Of Unusual Items": 1214559.433517,
        "Tax Rate For Calcs": 0.263006,
        "Normalized EBITDA": 87465000.0,
        "Total Unusual Items": 4618000.0,
        "Total Unusual Items Excluding Goodwill": 4618000.0,
        "Net Income From Continuing Operation Net Minority Interest": 23418000.0,
        "Reconciled Depreciation": 45306000.0,
        "Reconciled Cost Of Revenue": 791378000.0,
        "EBITDA": 92083000.0,
        "EBIT": 46777000.0,
        "Net Interest Income": NaN,
        "Interest Expense": 15002000.0,
        "Normalized Income": 20014559.433517,
        "Net Income From Continuing And Discontinued Operation": 23418000.0,
        "Total Expenses": 909659000.0,
        "Diluted Average Shares": 29713204.0,
        "Basic Average Shares": 29300031.0,
        "Diluted EPS": 0.79,
        "Basic EPS": 0.8,
        "Diluted NI Availto Com Stockholders": 23418000.0,
        "Net Income Common Stockholders": 23418000.0,
        "Net Income": 23418000.0,
        "Net Income Including Noncontrolling Interests": 23418000.0,
        "Net Income Continuous Operations": 23418000.0,
        "Tax Provision": 8357000.0,
        "Pretax Income": 31775000.0,
        "Other Income Expense": -3803000.0,
        "Other Non Operating Income Expenses": -8421000.0,
        "Special Income Charges": 4618000.0,
        "Gain On Sale Of Ppe": 4618000.0,
        "Other Special Charges": NaN,
        "Net Non Operating Interest Income Expense": -7218000.0,
        "Total Other Finance Cost": NaN,
        "Interest Expense Non Operating": 15002000.0,
        "Operating Income": 42796000.0,
        "Operating Expense": 118281000.0,
        "Depreciation Amortization Depletion Income Statement": 45306000.0,
        "Depreciation And Amortization In Income Statement": 45306000.0,
        "Selling General And Administration": 72975000.0,
        "General And Administrative Expense": 72975000.0,
        "Other Gand A": 72975000.0,
        "Gross Profit": 161077000.0,
        "Cost Of Revenue": 791378000.0,
        "Total Revenue": 952455000.0,
        "Operating Revenue": 952455000.0
    },
    "2024-04-30": {
        "Tax Effect Of Unusual Items": 2384891.792779,
        "Tax Rate For Calcs": 0.192268,
        "Normalized EBITDA": 123079000.0,
        "Total Unusual Items": 12404000.0,
        "Total Unusual Items Excluding Goodwill": 12404000.0,
        "Net Income From Continuing Operation Net Minority Interest": 62554000.0,
        "Reconciled Depreciation": 45205000.0,
        "Reconciled Cost Of Revenue": 921636000.0,
        "EBITDA": 135483000.0,
        "EBIT": 90278000.0,
        "Net Interest Income": -12834000.0,
        "Interest Expense": 12834000.0,
        "Normalized Income": 52534891.792779,
        "Net Income From Continuing And Discontinued Operation": 62554000.0,
        "Total Expenses": 1061396000.0,
        "Diluted Average Shares": 29551709.0,
        "Basic Average Shares": 29113943.0,
        "Diluted EPS": 2.12,
        "Basic EPS": 2.15,
        "Diluted NI Availto Com Stockholders": 62554000.0,
        "Net Income Common Stockholders": 62554000.0,
        "Net Income": 62554000.0,
        "Net Income Including Noncontrolling Interests": 62554000.0,
        "Net Income Continuous Operations": 62554000.0,
        "Tax Provision": 14890000.0,
        "Pretax Income": 77444000.0,
        "Other Income Expense": 9251000.0,
        "Other Non Operating Income Expenses": -3153000.0,
        "Special Income Charges": 12404000.0,
        "Gain On Sale Of Ppe": 12404000.0,
        "Other Special Charges": NaN,
        "Net Non Operating Interest Income Expense": -12834000.0,
        "Interest Expense Non Operating": 12834000.0,
        "Operating Income": 81027000.0,
        "Operating Expense": 139760000.0,
        "Depreciation Amortization Depletion Income Statement": 45205000.0,
        "Depreciation And Amortization In Income Statement": 45205000.0,
        "Selling General And Administration": 94555000.0,
        "General And Administrative Expense": 94555000.0,
        "Other Gand A": 94555000.0,
        "Gross Profit": 220787000.0,
        "Cost Of Revenue": 921636000.0,
        "Total Revenue": 1142423000.0,
        "Operating Revenue": 1142423000.0
    },
    "2024-07-31": {
        "Tax Effect Of Unusual Items": 2007405.0,
        "Tax Rate For Calcs": 0.279,
        "Normalized EBITDA": 148853000.0,
        "Total Unusual Items": 7195000.0,
        "Total Unusual Items Excluding Goodwill": 7195000.0,
        "Net Income From Continuing Operation Net Minority Interest": 68400000.0,
        "Reconciled Depreciation": 46572000.0,
        "Reconciled Cost Of Revenue": 952882000.0,
        "EBITDA": 156048000.0,
        "EBIT": 109476000.0,
        "Net Interest Income": -14657000.0,
        "Interest Expense": 14657000.0,
        "Normalized Income": 63212405.0,
        "Net Income From Continuing And Discontinued Operation": 68400000.0,
        "Total Expenses": 1099037000.0,
        "Diluted Average Shares": 29435895.0,
        "Basic Average Shares": 29096224.0,
        "Diluted EPS": 2.32,
        "Basic EPS": 2.35,
        "Diluted NI Availto Com Stockholders": 68400000.0,
        "Net Income Common Stockholders": 68400000.0,
        "Net Income": 68400000.0,
        "Net Income Including Noncontrolling Interests": 68400000.0,
        "Net Income Continuous Operations": 68400000.0,
        "Tax Provision": 26419000.0,
        "Pretax Income": 94819000.0,
        "Other Income Expense": 5454000.0,
        "Other Non Operating Income Expenses": -1741000.0,
        "Special Income Charges": 7195000.0,
        "Gain On Sale Of Ppe": 8160000.0,
        "Other Special Charges": 965000.0,
        "Net Non Operating Interest Income Expense": -14657000.0,
        "Interest Expense Non Operating": 14657000.0,
        "Operating Income": 104022000.0,
        "Operating Expense": 146155000.0,
        "Depreciation Amortization Depletion Income Statement": 46572000.0,
        "Depreciation And Amortization In Income Statement": 46572000.0,
        "Selling General And Administration": 99583000.0,
        "General And Administrative Expense": 99583000.0,
        "Other Gand A": 99583000.0,
        "Gross Profit": 250177000.0,
        "Cost Of Revenue": 952882000.0,
        "Total Revenue": 1203059000.0,
        "Operating Revenue": 1203059000.0
    },
    "2024-10-31": {
        "Tax Effect Of Unusual Items": 1935672.0,
        "Tax Rate For Calcs": 0.236,
        "Normalized EBITDA": 152542000.0,
        "Total Unusual Items": 8202000.0,
        "Total Unusual Items Excluding Goodwill": 8202000.0,
        "Net Income From Continuing Operation Net Minority Interest": 69789000.0,
        "Reconciled Depreciation": 52001000.0,
        "Reconciled Cost Of Revenue": 1007412000.0,
        "EBITDA": 160744000.0,
        "EBIT": 108743000.0,
        "Net Interest Income": -17451000.0,
        "Interest Expense": 17451000.0,
        "Normalized Income": 63522672.0,
        "Net Income From Continuing And Discontinued Operation": 69789000.0,
        "Total Expenses": 1170190000.0,
        "Diluted Average Shares": 29481003.0,
        "Basic Average Shares": 29154262.0,
        "Diluted EPS": 2.37,
        "Basic EPS": 2.39,
        "Diluted NI Availto Com Stockholders": 69789000.0,
        "Net Income Common Stockholders": 69789000.0,
        "Net Income": 69789000.0,
        "Net Income Including Noncontrolling Interests": 69789000.0,
        "Net Income Continuous Operations": 69789000.0,
        "Tax Provision": 21503000.0,
        "Pretax Income": 91292000.0,
        "Other Income Expense": 6926000.0,
        "Other Non Operating Income Expenses": -1276000.0,
        "Special Income Charges": 8202000.0,
        "Gain On Sale Of Ppe": 8202000.0,
        "Other Special Charges": NaN,
        "Net Non Operating Interest Income Expense": -17451000.0,
        "Interest Expense Non Operating": 17451000.0,
        "Operating Income": 101817000.0,
        "Operating Expense": 162778000.0,
        "Depreciation Amortization Depletion Income Statement": 52001000.0,
        "Depreciation And Amortization In Income Statement": 52001000.0,
        "Selling General And Administration": 110777000.0,
        "General And Administrative Expense": 110777000.0,
        "Other Gand A": 110777000.0,
        "Gross Profit": 264595000.0,
        "Cost Of Revenue": 1007412000.0,
        "Total Revenue": 1272007000.0,
        "Operating Revenue": 1272007000.0
    },
    "2025-01-31": {
        "Tax Effect Of Unusual Items": 2012077.314344,
        "Tax Rate For Calcs": 0.261445,
        "Normalized EBITDA": 107385000.0,
        "Total Unusual Items": 7696000.0,
        "Total Unusual Items Excluding Goodwill": 7696000.0,
        "Net Income From Continuing Operation Net Minority Interest": 32670000.0,
        "Reconciled Depreciation": 54793000.0,
        "Reconciled Cost Of Revenue": 887947000.0,
        "EBITDA": 115081000.0,
        "EBIT": 60288000.0,
        "Net Interest Income": -16053000.0,
        "Interest Expense": 16053000.0,
        "Normalized Income": 26986077.314344,
        "Net Income From Continuing And Discontinued Operation": 32670000.0,
        "Total Expenses": 1030855000.0,
        "Diluted Average Shares": 29458569.0,
        "Basic Average Shares": 29085875.0,
        "Diluted EPS": 1.11,
        "Basic EPS": 1.12,
        "Diluted NI Availto Com Stockholders": 32670000.0,
        "Net Income Common Stockholders": 32670000.0,
        "Net Income": 32670000.0,
        "Net Income Including Noncontrolling Interests": 32670000.0,
        "Net Income Continuous Operations": 32670000.0,
        "Tax Provision": 11565000.0,
        "Pretax Income": 44235000.0,
        "Other Income Expense": 6618000.0,
        "Other Non Operating Income Expenses": -1078000.0,
        "Special Income Charges": 7696000.0,
        "Gain On Sale Of Ppe": 7696000.0,
        "Other Special Charges": 0.0,
        "Net Non Operating Interest Income Expense": -16053000.0,
        "Interest Expense Non Operating": 16053000.0,
        "Operating Income": 53670000.0,
        "Operating Expense": 142908000.0,
        "Depreciation Amortization Depletion Income Statement": 54793000.0,
        "Depreciation And Amortization In Income Statement": 54793000.0,
        "Selling General And Administration": 88115000.0,
        "General And Administrative Expense": 88115000.0,
        "Other Gand A": 88115000.0,
        "Gross Profit": 196578000.0,
        "Cost Of Revenue": 887947000.0,
        "Total Revenue": 1084525000.0,
        "Operating Revenue": 1084525000.0
    },
    "2025-04-30": {
        "Tax Effect Of Unusual Items": 2179379.0,
        "Tax Rate For Calcs": 0.223,
        "Normalized EBITDA": 141261000.0,
        "Total Unusual Items": 9773000.0,
        "Total Unusual Items Excluding Goodwill": 9773000.0,
        "Net Income From Continuing Operation Net Minority Interest": 61048000.0,
        "Reconciled Depreciation": 58389000.0,
        "Reconciled Cost Of Revenue": 1011112000.0,
        "EBITDA": 151034000.0,
        "EBIT": 92645000.0,
        "Net Interest Income": -14045000.0,
        "Interest Expense": 14045000.0,
        "Normalized Income": 53454379.0,
        "Net Income From Continuing And Discontinued Operation": 61048000.0,
        "Total Expenses": 1173227000.0,
        "Diluted Average Shares": 29263624.0,
        "Basic Average Shares": 28930399.0,
        "Diluted EPS": 2.09,
        "Basic EPS": 2.11,
        "Diluted NI Availto Com Stockholders": 61048000.0,
        "Net Income Common Stockholders": 61048000.0,
        "Net Income": 61048000.0,
        "Net Income Including Noncontrolling Interests": 61048000.0,
        "Net Income Continuous Operations": 61048000.0,
        "Tax Provision": 17552000.0,
        "Pretax Income": 78600000.0,
        "Other Income Expense": 7264000.0,
        "Other Non Operating Income Expenses": -2509000.0,
        "Special Income Charges": 9773000.0,
        "Gain On Sale Of Ppe": 9773000.0,
        "Other Special Charges": NaN,
        "Net Non Operating Interest Income Expense": -14045000.0,
        "Interest Expense Non Operating": 14045000.0,
        "Operating Income": 85381000.0,
        "Operating Expense": 162115000.0,
        "Depreciation Amortization Depletion Income Statement": 58389000.0,
        "Depreciation And Amortization In Income Statement": 58389000.0,
        "Selling General And Administration": 103726000.0,
        "General And Administrative Expense": 103726000.0,
        "Other Gand A": 103726000.0,
        "Gross Profit": 247496000.0,
        "Cost Of Revenue": 1011112000.0,
        "Total Revenue": 1258608000.0,
        "Operating Revenue": 1258608000.0
    }
}