{
    "2023-03-31": {
        "Tax Effect Of Unusual Items": NaN,
        "Tax Rate For Calcs": NaN,
        "Normalized EBITDA": NaN,
        "Total Unusual Items": NaN,
        "Total Unusual Items Excluding Goodwill": NaN,
        "Net Income From Continuing Operation Net Minority Interest": NaN,
        "Reconciled Cost Of Revenue": NaN,
        "EBITDA": NaN,
        "EBIT": NaN,
        "Net Interest Income": NaN,
        "Interest Expense": NaN,
        "Interest Income": NaN,
        "Normalized Income": NaN,
        "Net Income From Continuing And Discontinued Operation": NaN,
        "Total Expenses": NaN,
        "Total Operating Income As Reported": NaN,
        "Diluted Average Shares": NaN,
        "Basic Average Shares": NaN,
        "Diluted EPS": NaN,
        "Basic EPS": NaN,
        "Diluted NI Availto Com Stockholders": NaN,
        "Net Income Common Stockholders": NaN,
        "Net Income": NaN,
        "Net Income Including Noncontrolling Interests": NaN,
        "Net Income Continuous Operations": NaN,
        "Pretax Income": NaN,
        "Other Income Expense": NaN,
        "Other Non Operating Income Expenses": 989319.0,
        "Special Income Charges": NaN,
        "Gain On Sale Of Business": NaN,
        "Gain On Sale Of Security": NaN,
        "Net Non Operating Interest Income Expense": NaN,
        "Interest Expense Non Operating": NaN,
        "Interest Income Non Operating": NaN,
        "Operating Income": NaN,
        "Operating Expense": NaN,
        "Research And Development": NaN,
        "Selling General And Administration": NaN,
        "General And Administrative Expense": NaN,
        "Other Gand A": NaN,
        "Gross Profit": NaN,
        "Cost Of Revenue": NaN,
        "Total Revenue": NaN,
        "Operating Revenue": NaN
    },
    "2022-12-31": {
        "Tax Effect Of Unusual Items": NaN,
        "Tax Rate For Calcs": NaN,
        "Normalized EBITDA": NaN,
        "Total Unusual Items": NaN,
        "Total Unusual Items Excluding Goodwill": NaN,
        "Net Income From Continuing Operation Net Minority Interest": NaN,
        "Reconciled Cost Of Revenue": NaN,
        "EBITDA": NaN,
        "EBIT": NaN,
        "Net Interest Income": NaN,
        "Interest Expense": NaN,
        "Interest Income": NaN,
        "Normalized Income": NaN,
        "Net Income From Continuing And Discontinued Operation": NaN,
        "Total Expenses": NaN,
        "Total Operating Income As Reported": NaN,
        "Diluted Average Shares": NaN,
        "Basic Average Shares": NaN,
        "Diluted EPS": NaN,
        "Basic EPS": NaN,
        "Diluted NI Availto Com Stockholders": NaN,
        "Net Income Common Stockholders": NaN,
        "Net Income": NaN,
        "Net Income Including Noncontrolling Interests": NaN,
        "Net Income Continuous Operations": NaN,
        "Pretax Income": NaN,
        "Other Income Expense": NaN,
        "Other Non Operating Income Expenses": 0.0,
        "Special Income Charges": NaN,
        "Gain On Sale Of Business": NaN,
        "Gain On Sale Of Security": NaN,
        "Net Non Operating Interest Income Expense": NaN,
        "Interest Expense Non Operating": NaN,
        "Interest Income Non Operating": NaN,
        "Operating Income": NaN,
        "Operating Expense": NaN,
        "Research And Development": NaN,
        "Selling General And Administration": NaN,
        "General And Administrative Expense": NaN,
        "Other Gand A": NaN,
        "Gross Profit": NaN,
        "Cost Of Revenue": NaN,
        "Total Revenue": NaN,
        "Operating Revenue": NaN
    },
    "2022-09-30": {
        "Tax Effect Of Unusual Items": NaN,
        "Tax Rate For Calcs": NaN,
        "Normalized EBITDA": NaN,
        "Total Unusual Items": NaN,
        "Total Unusual Items Excluding Goodwill": NaN,
        "Net Income From Continuing Operation Net Minority Interest": NaN,
        "Reconciled Cost Of Revenue": NaN,
        "EBITDA": NaN,
        "EBIT": NaN,
        "Net Interest Income": NaN,
        "Interest Expense": NaN,
        "Interest Income": NaN,
        "Normalized Income": NaN,
        "Net Income From Continuing And Discontinued Operation": NaN,
        "Total Expenses": NaN,
        "Total Operating Income As Reported": NaN,
        "Diluted Average Shares": 28391894.0,
        "Basic Average Shares": 28391894.0,
        "Diluted EPS": -0.06,
        "Basic EPS": -0.06,
        "Diluted NI Availto Com Stockholders": NaN,
        "Net Income Common Stockholders": NaN,
        "Net Income": NaN,
        "Net Income Including Noncontrolling Interests": NaN,
        "Net Income Continuous Operations": NaN,
        "Pretax Income": NaN,
        "Other Income Expense": NaN,
        "Other Non Operating Income Expenses": NaN,
        "Special Income Charges": NaN,
        "Gain On Sale Of Business": NaN,
        "Gain On Sale Of Security": NaN,
        "Net Non Operating Interest Income Expense": NaN,
        "Interest Expense Non Operating": NaN,
        "Interest Income Non Operating": NaN,
        "Operating Income": NaN,
        "Operating Expense": NaN,
        "Research And Development": NaN,
        "Selling General And Administration": NaN,
        "General And Administrative Expense": NaN,
        "Other Gand A": NaN,
        "Gross Profit": NaN,
        "Cost Of Revenue": NaN,
        "Total Revenue": NaN,
        "Operating Revenue": NaN
    },
    "2022-06-30": {
        "Tax Effect Of Unusual Items": 0.0,
        "Tax Rate For Calcs": 0.0,
        "Normalized EBITDA": -3276762.0,
        "Total Unusual Items": -20621.0,
        "Total Unusual Items Excluding Goodwill": -20621.0,
        "Net Income From Continuing Operation Net Minority Interest": -3287995.0,
        "Reconciled Cost Of Revenue": 411109.0,
        "EBITDA": -3297383.0,
        "EBIT": -3297383.0,
        "Net Interest Income": 30009.0,
        "Interest Income": 30009.0,
        "Normalized Income": -3267374.0,
        "Net Income From Continuing And Discontinued Operation": -3287995.0,
        "Total Expenses": 3955936.0,
        "Total Operating Income As Reported": -3318004.0,
        "Diluted Average Shares": 28264157.0,
        "Basic Average Shares": 28264157.0,
        "Diluted EPS": -0.12,
        "Basic EPS": -0.12,
        "Diluted NI Availto Com Stockholders": -3287995.0,
        "Net Income Common Stockholders": -3287995.0,
        "Net Income": -3287995.0,
        "Net Income Including Noncontrolling Interests": -3287995.0,
        "Net Income Continuous Operations": -3287995.0,
        "Pretax Income": -3287995.0,
        "Other Income Expense": -20621.0,
        "Other Non Operating Income Expenses": NaN,
        "Gain On Sale Of Security": -20621.0,
        "Net Non Operating Interest Income Expense": 30009.0,
        "Interest Income Non Operating": 30009.0,
        "Operating Income": -3297383.0,
        "Operating Expense": 3544827.0,
        "Research And Development": 1830798.0,
        "Selling General And Administration": 1714029.0,
        "General And Administrative Expense": 1714029.0,
        "Other Gand A": 1714029.0,
        "Gross Profit": 247444.0,
        "Cost Of Revenue": 411109.0,
        "Total Revenue": 658553.0,
        "Operating Revenue": 658553.0
    },
    "2022-03-31": {
        "Diluted EPS": -0.09,
        "Total Revenue": 1,
        "Gross Profit": 0,
        "Operating Income": -3,
        "EBIT": -3,
        "Net Income": -2
    },
    "2021-12-31": {
        "Diluted EPS": -0.15,
        "Total Revenue": 0,
        "Gross Profit": 0,
        "Operating Income": -4,
        "EBIT": -4,
        "Net Income": -4
    },
    "2021-09-30": {
        "Diluted EPS": -0.06,
        "Total Revenue": 1,
        "Gross Profit": 0,
        "Operating Income": -3,
        "EBIT": -3,
        "Net Income": -2
    },
    "2021-06-30": {
        "Diluted EPS": -0.14,
        "Total Revenue": 1,
        "Gross Profit": 0,
        "Operating Income": -4,
        "EBIT": -4,
        "Net Income": -4
    },
    "2021-03-31": {
        "Diluted EPS": -0.12,
        "Total Revenue": 0,
        "Gross Profit": 0,
        "Operating Income": -3,
        "EBIT": -3,
        "Net Income": -3
    },
    "2020-12-31": {
        "Diluted EPS": -0.07,
        "Total Revenue": 0,
        "Gross Profit": 0,
        "Operating Income": -2,
        "EBIT": -2,
        "Net Income": -2
    },
    "2020-09-30": {
        "Diluted EPS": -0.09,
        "Total Revenue": 0,
        "Gross Profit": 0,
        "Operating Income": -3,
        "EBIT": -3,
        "Net Income": -3
    },
    "2020-06-30": {
        "Diluted EPS": -0.1,
        "Total Revenue": 1,
        "Gross Profit": 0,
        "Operating Income": -3,
        "EBIT": -3,
        "Net Income": -3
    },
    "2020-03-31": {
        "Diluted EPS": -0.08,
        "Total Revenue": 0,
        "Gross Profit": 0,
        "Operating Income": -2,
        "EBIT": -2,
        "Net Income": -2
    },
    "2019-12-31": {
        "Diluted EPS": -0.07,
        "Total Revenue": 0,
        "Gross Profit": 0,
        "Operating Income": -2,
        "EBIT": -2,
        "Net Income": -2
    },
    "2019-09-30": {
        "Diluted EPS": -0.06,
        "Total Revenue": 0,
        "Gross Profit": 0,
        "Operating Income": -2,
        "EBIT": -2,
        "Net Income": -2
    },
    "2019-06-30": {
        "Diluted EPS": -0.1,
        "Total Revenue": 0,
        "Gross Profit": 0,
        "Operating Income": -3,
        "EBIT": -3,
        "Net Income": -3
    },
    "2019-03-31": {
        "Diluted EPS": -0.08,
        "Total Revenue": 0,
        "Gross Profit": 0,
        "Operating Income": -2,
        "EBIT": -2,
        "Net Income": -2
    },
    "2018-12-31": {
        "Diluted EPS": -0.02,
        "Total Revenue": 1,
        "Gross Profit": 0,
        "Operating Income": -2,
        "EBIT": -2,
        "Net Income": -1
    },
    "2018-09-30": {
        "Diluted EPS": -0.06,
        "Total Revenue": 0,
        "Gross Profit": 0,
        "Operating Income": 0,
        "EBIT": 0,
        "Net Income": -2
    },
    "2018-06-30": {
        "Diluted EPS": -0.06,
        "Total Revenue": 0,
        "Gross Profit": 0,
        "Operating Income": 0,
        "EBIT": 0,
        "Net Income": -2
    },
    "2018-03-31": {
        "Diluted EPS": -0.07,
        "Total Revenue": 0,
        "Gross Profit": 0,
        "Operating Income": 0,
        "EBIT": 0,
        "Net Income": -2
    },
    "2017-12-31": {
        "Diluted EPS": -0.04,
        "Total Revenue": 0,
        "Gross Profit": 0,
        "Operating Income": 0,
        "EBIT": 0,
        "Net Income": -1
    },
    "2017-09-30": {
        "Diluted EPS": -0.05,
        "Total Revenue": 0,
        "Gross Profit": 0,
        "Operating Income": 0,
        "EBIT": 0,
        "Net Income": -2
    },
    "2017-06-30": {
        "Diluted EPS": -0.05,
        "Total Revenue": 0,
        "Gross Profit": 0,
        "Operating Income": 0,
        "EBIT": 0,
        "Net Income": -1
    },
    "2017-03-31": {
        "Diluted EPS": 0.07,
        "Total Revenue": 0,
        "Gross Profit": 0,
        "Operating Income": 0,
        "EBIT": 0,
        "Net Income": 2
    },
    "2016-12-31": {
        "Diluted EPS": -0.06,
        "Total Revenue": 0,
        "Gross Profit": 0,
        "Operating Income": 0,
        "EBIT": 0,
        "Net Income": -2
    },
    "2016-09-30": {
        "Diluted EPS": -0.03,
        "Total Revenue": NaN,
        "Gross Profit": NaN,
        "Operating Income": NaN,
        "EBIT": NaN,
        "Net Income": -1
    },
    "2016-06-30": {
        "Diluted EPS": 0.01,
        "Total Revenue": 0,
        "Gross Profit": 0,
        "Operating Income": 0,
        "EBIT": 0,
        "Net Income": 1
    },
    "2016-03-31": {
        "Diluted EPS": -0.02,
        "Total Revenue": 0,
        "Gross Profit": 0,
        "Operating Income": 0,
        "EBIT": 0,
        "Net Income": -1
    },
    "2015-12-31": {
        "Diluted EPS": 0.0,
        "Total Revenue": -8,
        "Gross Profit": -8,
        "Operating Income": -8,
        "EBIT": -8,
        "Net Income": 65
    },
    "2015-09-30": {
        "Diluted EPS": 0.06,
        "Total Revenue": 0,
        "Gross Profit": 0,
        "Operating Income": 0,
        "EBIT": 0,
        "Net Income": 2
    },
    "2015-06-30": {
        "Diluted EPS": -0.01,
        "Total Revenue": 4,
        "Gross Profit": 4,
        "Operating Income": 4,
        "EBIT": 4,
        "Net Income": 0
    },
    "2015-03-31": {
        "Diluted EPS": -0.01,
        "Total Revenue": 4,
        "Gross Profit": 4,
        "Operating Income": 4,
        "EBIT": 4,
        "Net Income": 0
    },
    "2014-12-31": {
        "Diluted EPS": -0.05,
        "Total Revenue": 3,
        "Gross Profit": 3,
        "Operating Income": 3,
        "EBIT": 3,
        "Net Income": -2
    },
    "2014-09-30": {
        "Diluted EPS": -0.03,
        "Total Revenue": 4,
        "Gross Profit": 4,
        "Operating Income": 4,
        "EBIT": 4,
        "Net Income": -1
    },
    "2014-06-30": {
        "Diluted EPS": -0.05,
        "Total Revenue": 3,
        "Gross Profit": 3,
        "Operating Income": 3,
        "EBIT": 3,
        "Net Income": -2
    },
    "2014-03-31": {
        "Diluted EPS": -0.05,
        "Total Revenue": 3,
        "Gross Profit": 3,
        "Operating Income": 3,
        "EBIT": 3,
        "Net Income": -2
    },
    "2013-12-31": {
        "Diluted EPS": -0.01,
        "Total Revenue": 4,
        "Gross Profit": 4,
        "Operating Income": 4,
        "EBIT": 4,
        "Net Income": 0
    },
    "2013-09-30": {
        "Diluted EPS": -0.05,
        "Total Revenue": 3,
        "Gross Profit": 3,
        "Operating Income": 3,
        "EBIT": 3,
        "Net Income": -2
    },
    "2013-06-30": {
        "Diluted EPS": 0.1,
        "Total Revenue": 7,
        "Gross Profit": 7,
        "Operating Income": 7,
        "EBIT": 7,
        "Net Income": 3
    },
    "2013-03-31": {
        "Diluted EPS": -0.05,
        "Total Revenue": 2,
        "Gross Profit": 1,
        "Operating Income": -1,
        "EBIT": -1,
        "Net Income": -1
    },
    "2012-12-31": {
        "Diluted EPS": -0.04,
        "Total Revenue": 3,
        "Gross Profit": 3,
        "Operating Income": 3,
        "EBIT": 3,
        "Net Income": -1
    },
    "2012-09-30": {
        "Diluted EPS": -0.01,
        "Total Revenue": 3,
        "Gross Profit": 1,
        "Operating Income": -1,
        "EBIT": -1,
        "Net Income": 0
    },
    "2012-06-30": {
        "Diluted EPS": 0.12,
        "Total Revenue": 8,
        "Gross Profit": 8,
        "Operating Income": 8,
        "EBIT": 8,
        "Net Income": 4
    },
    "2012-03-31": {
        "Diluted EPS": -0.02,
        "Total Revenue": 3,
        "Gross Profit": 1,
        "Operating Income": -1,
        "EBIT": -1,
        "Net Income": -1
    },
    "2011-12-31": {
        "Diluted EPS": -0.04,
        "Total Revenue": 2,
        "Gross Profit": 1,
        "Operating Income": -1,
        "EBIT": -1,
        "Net Income": -1
    },
    "2011-09-30": {
        "Diluted EPS": -0.04,
        "Total Revenue": 3,
        "Gross Profit": 1,
        "Operating Income": -1,
        "EBIT": -1,
        "Net Income": -1
    },
    "2011-06-30": {
        "Diluted EPS": -0.02,
        "Total Revenue": 3,
        "Gross Profit": 1,
        "Operating Income": -1,
        "EBIT": -1,
        "Net Income": -1
    },
    "2011-03-31": {
        "Diluted EPS": -0.05,
        "Total Revenue": 2,
        "Gross Profit": 1,
        "Operating Income": -1,
        "EBIT": -1,
        "Net Income": -2
    },
    "2010-12-31": {
        "Diluted EPS": -0.05,
        "Total Revenue": 2,
        "Gross Profit": 0,
        "Operating Income": -2,
        "EBIT": -1,
        "Net Income": -2
    },
    "2010-09-30": {
        "Diluted EPS": -0.04,
        "Total Revenue": 2,
        "Gross Profit": 0,
        "Operating Income": -1,
        "EBIT": -1,
        "Net Income": -1
    },
    "2010-06-30": {
        "Diluted EPS": -0.05,
        "Total Revenue": 2,
        "Gross Profit": 1,
        "Operating Income": -1,
        "EBIT": -1,
        "Net Income": -1
    },
    "2010-03-31": {
        "Diluted EPS": -0.04,
        "Total Revenue": 2,
        "Gross Profit": 0,
        "Operating Income": -1,
        "EBIT": -1,
        "Net Income": -1
    },
    "2009-12-31": {
        "Diluted EPS": -0.15,
        "Total Revenue": 2,
        "Gross Profit": 1,
        "Operating Income": -2,
        "EBIT": 2,
        "Net Income": -5
    },
    "2009-09-30": {
        "Diluted EPS": -0.02,
        "Total Revenue": 2,
        "Gross Profit": 1,
        "Operating Income": -1,
        "EBIT": -1,
        "Net Income": -1
    },
    "2009-06-30": {
        "Diluted EPS": 0.26,
        "Total Revenue": 12,
        "Gross Profit": 10,
        "Operating Income": 9,
        "EBIT": 9,
        "Net Income": 9
    },
    "2009-03-31": {
        "Diluted EPS": 0.07,
        "Total Revenue": 5,
        "Gross Profit": 4,
        "Operating Income": 2,
        "EBIT": 2,
        "Net Income": 2
    },
    "2023-06-30": {
        "Tax Effect Of Unusual Items": NaN,
        "Tax Rate For Calcs": NaN,
        "Normalized EBITDA": NaN,
        "Total Unusual Items": NaN,
        "Total Unusual Items Excluding Goodwill": NaN,
        "Net Income From Continuing Operation Net Minority Interest": NaN,
        "Reconciled Cost Of Revenue": NaN,
        "EBITDA": NaN,
        "EBIT": NaN,
        "Net Interest Income": NaN,
        "Interest Expense": NaN,
        "Interest Income": NaN,
        "Normalized Income": NaN,
        "Net Income From Continuing And Discontinued Operation": NaN,
        "Total Expenses": NaN,
        "Total Operating Income As Reported": NaN,
        "Diluted Average Shares": 28881061.0,
        "Basic Average Shares": 28881061.0,
        "Diluted EPS": -0.07,
        "Basic EPS": -0.07,
        "Diluted NI Availto Com Stockholders": NaN,
        "Net Income Common Stockholders": NaN,
        "Net Income": NaN,
        "Net Income Including Noncontrolling Interests": NaN,
        "Net Income Continuous Operations": NaN,
        "Pretax Income": NaN,
        "Other Income Expense": NaN,
        "Other Non Operating Income Expenses": 28273.0,
        "Special Income Charges": NaN,
        "Gain On Sale Of Business": NaN,
        "Gain On Sale Of Security": NaN,
        "Net Non Operating Interest Income Expense": NaN,
        "Interest Expense Non Operating": NaN,
        "Interest Income Non Operating": NaN,
        "Operating Income": NaN,
        "Operating Expense": NaN,
        "Research And Development": NaN,
        "Selling General And Administration": NaN,
        "General And Administrative Expense": NaN,
        "Other Gand A": NaN,
        "Gross Profit": NaN,
        "Cost Of Revenue": NaN,
        "Total Revenue": NaN,
        "Operating Revenue": NaN
    },
    "2023-09-30": {
        "Tax Effect Of Unusual Items": NaN,
        "Tax Rate For Calcs": NaN,
        "Normalized EBITDA": NaN,
        "Total Unusual Items": NaN,
        "Total Unusual Items Excluding Goodwill": NaN,
        "Net Income From Continuing Operation Net Minority Interest": NaN,
        "Reconciled Cost Of Revenue": NaN,
        "EBITDA": NaN,
        "EBIT": NaN,
        "Net Interest Income": NaN,
        "Interest Expense": NaN,
        "Interest Income": NaN,
        "Normalized Income": NaN,
        "Net Income From Continuing And Discontinued Operation": NaN,
        "Total Expenses": NaN,
        "Total Operating Income As Reported": NaN,
        "Diluted Average Shares": 28811061.0,
        "Basic Average Shares": 28811061.0,
        "Diluted EPS": -0.06,
        "Basic EPS": -0.06,
        "Diluted NI Availto Com Stockholders": NaN,
        "Net Income Common Stockholders": NaN,
        "Net Income": NaN,
        "Net Income Including Noncontrolling Interests": NaN,
        "Net Income Continuous Operations": NaN,
        "Pretax Income": NaN,
        "Other Income Expense": NaN,
        "Special Income Charges": NaN,
        "Gain On Sale Of Business": NaN,
        "Gain On Sale Of Security": NaN,
        "Net Non Operating Interest Income Expense": NaN,
        "Interest Expense Non Operating": NaN,
        "Interest Income Non Operating": NaN,
        "Operating Income": NaN,
        "Operating Expense": NaN,
        "Other Operating Expenses": NaN,
        "Research And Development": NaN,
        "Selling General And Administration": NaN,
        "General And Administrative Expense": NaN,
        "Other Gand A": NaN,
        "Gross Profit": NaN,
        "Cost Of Revenue": NaN,
        "Total Revenue": NaN,
        "Operating Revenue": NaN
    },
    "2023-12-31": {
        "Tax Effect Of Unusual Items": 0.0,
        "Tax Rate For Calcs": 0.0,
        "Normalized EBITDA": -3185741.0,
        "Total Unusual Items": 1017318.0,
        "Total Unusual Items Excluding Goodwill": 1017318.0,
        "Net Income From Continuing Operation Net Minority Interest": -2071798.0,
        "Reconciled Cost Of Revenue": 350118.0,
        "EBITDA": -2168423.0,
        "EBIT": -2168423.0,
        "Net Interest Income": 96899.0,
        "Interest Expense": NaN,
        "Interest Income": 96899.0,
        "Normalized Income": -3089116.0,
        "Net Income From Continuing And Discontinued Operation": -2071798.0,
        "Total Expenses": 2854958.0,
        "Total Operating Income As Reported": -2168697.0,
        "Diluted Average Shares": NaN,
        "Basic Average Shares": NaN,
        "Diluted EPS": NaN,
        "Basic EPS": NaN,
        "Diluted NI Availto Com Stockholders": -2071798.0,
        "Net Income Common Stockholders": -2071798.0,
        "Net Income": -2071798.0,
        "Net Income Including Noncontrolling Interests": -2071798.0,
        "Net Income Continuous Operations": -2071798.0,
        "Pretax Income": -2071798.0,
        "Other Income Expense": -274.0,
        "Special Income Charges": NaN,
        "Gain On Sale Of Business": NaN,
        "Gain On Sale Of Security": -274.0,
        "Net Non Operating Interest Income Expense": 96899.0,
        "Interest Expense Non Operating": NaN,
        "Interest Income Non Operating": 96899.0,
        "Operating Income": -2168423.0,
        "Operating Expense": 2504840.0,
        "Research And Development": 852797.0,
        "Selling General And Administration": 1652043.0,
        "General And Administrative Expense": 1652043.0,
        "Other Gand A": 1652043.0,
        "Gross Profit": 336417.0,
        "Cost Of Revenue": 350118.0,
        "Total Revenue": 686535.0,
        "Operating Revenue": 686535.0
    },
    "2024-03-31": {
        "Tax Effect Of Unusual Items": NaN,
        "Tax Rate For Calcs": NaN,
        "Normalized EBITDA": NaN,
        "Total Unusual Items": NaN,
        "Total Unusual Items Excluding Goodwill": NaN,
        "Net Income From Continuing Operation Net Minority Interest": NaN,
        "Reconciled Cost Of Revenue": NaN,
        "EBITDA": NaN,
        "EBIT": NaN,
        "Net Interest Income": NaN,
        "Interest Expense": NaN,
        "Interest Income": NaN,
        "Normalized Income": NaN,
        "Net Income From Continuing And Discontinued Operation": NaN,
        "Total Expenses": NaN,
        "Total Operating Income As Reported": NaN,
        "Diluted Average Shares": 28828282.0,
        "Basic Average Shares": 28828282.0,
        "Diluted EPS": -0.07,
        "Basic EPS": -0.07,
        "Diluted NI Availto Com Stockholders": NaN,
        "Net Income Common Stockholders": NaN,
        "Net Income": NaN,
        "Net Income Including Noncontrolling Interests": NaN,
        "Net Income Continuous Operations": NaN,
        "Pretax Income": NaN,
        "Other Income Expense": NaN,
        "Special Income Charges": NaN,
        "Gain On Sale Of Business": NaN,
        "Gain On Sale Of Security": NaN,
        "Net Non Operating Interest Income Expense": NaN,
        "Interest Expense Non Operating": NaN,
        "Interest Income Non Operating": NaN,
        "Operating Income": NaN,
        "Operating Expense": NaN,
        "Other Operating Expenses": NaN,
        "Research And Development": NaN,
        "Selling General And Administration": NaN,
        "General And Administrative Expense": NaN,
        "Other Gand A": NaN,
        "Gross Profit": NaN,
        "Cost Of Revenue": NaN,
        "Total Revenue": NaN,
        "Operating Revenue": NaN
    },
    "2024-06-30": {
        "Tax Effect Of Unusual Items": NaN,
        "Tax Rate For Calcs": NaN,
        "Normalized EBITDA": NaN,
        "Total Unusual Items": NaN,
        "Total Unusual Items Excluding Goodwill": NaN,
        "Net Income From Continuing Operation Net Minority Interest": NaN,
        "Reconciled Cost Of Revenue": NaN,
        "EBITDA": NaN,
        "EBIT": NaN,
        "Net Interest Income": NaN,
        "Interest Expense": NaN,
        "Interest Income": NaN,
        "Normalized Income": NaN,
        "Net Income From Continuing And Discontinued Operation": NaN,
        "Total Expenses": NaN,
        "Total Operating Income As Reported": NaN,
        "Diluted Average Shares": 29291259.0,
        "Basic Average Shares": 29291259.0,
        "Diluted EPS": -0.07,
        "Basic EPS": -0.07,
        "Diluted NI Availto Com Stockholders": NaN,
        "Net Income Common Stockholders": NaN,
        "Net Income": NaN,
        "Net Income Including Noncontrolling Interests": NaN,
        "Net Income Continuous Operations": NaN,
        "Pretax Income": NaN,
        "Other Income Expense": NaN,
        "Special Income Charges": 0.0,
        "Gain On Sale Of Business": 0.0,
        "Gain On Sale Of Security": NaN,
        "Net Non Operating Interest Income Expense": NaN,
        "Interest Expense Non Operating": NaN,
        "Interest Income Non Operating": NaN,
        "Operating Income": NaN,
        "Operating Expense": NaN,
        "Other Operating Expenses": NaN,
        "Research And Development": NaN,
        "Selling General And Administration": NaN,
        "General And Administrative Expense": NaN,
        "Other Gand A": NaN,
        "Gross Profit": NaN,
        "Cost Of Revenue": NaN,
        "Total Revenue": NaN,
        "Operating Revenue": NaN
    },
    "2024-09-30": {
        "Tax Effect Of Unusual Items": 0.0,
        "Tax Rate For Calcs": 0.0,
        "Normalized EBITDA": -69288.0,
        "Total Unusual Items": -5995.0,
        "Total Unusual Items Excluding Goodwill": -5995.0,
        "Net Income From Continuing Operation Net Minority Interest": -203460.0,
        "Reconciled Cost Of Revenue": 395894.0,
        "EBITDA": -75283.0,
        "EBIT": -75283.0,
        "Net Interest Income": -846.0,
        "Interest Expense": 128177.0,
        "Interest Income": 127331.0,
        "Normalized Income": -197465.0,
        "Net Income From Continuing And Discontinued Operation": -203460.0,
        "Total Expenses": 2154119.0,
        "Total Operating Income As Reported": -202614.0,
        "Diluted Average Shares": 29503143.0,
        "Basic Average Shares": 29503143.0,
        "Diluted EPS": -0.01,
        "Basic EPS": -0.01,
        "Diluted NI Availto Com Stockholders": -203460.0,
        "Net Income Common Stockholders": -203460.0,
        "Net Income": -203460.0,
        "Net Income Including Noncontrolling Interests": -203460.0,
        "Net Income Continuous Operations": -203460.0,
        "Pretax Income": -203460.0,
        "Other Income Expense": -5995.0,
        "Special Income Charges": 0.0,
        "Gain On Sale Of Business": 0.0,
        "Gain On Sale Of Security": -5995.0,
        "Net Non Operating Interest Income Expense": -846.0,
        "Interest Expense Non Operating": 128177.0,
        "Interest Income Non Operating": 127331.0,
        "Operating Income": -196619.0,
        "Operating Expense": 1758225.0,
        "Other Operating Expenses": NaN,
        "Research And Development": 460241.0,
        "Selling General And Administration": 1297984.0,
        "General And Administrative Expense": 1297984.0,
        "Other Gand A": 1297984.0,
        "Gross Profit": 1561606.0,
        "Cost Of Revenue": 395894.0,
        "Total Revenue": 1957500.0,
        "Operating Revenue": 1957500.0
    },
    "2024-12-31": {
        "Tax Effect Of Unusual Items": 0.0,
        "Tax Rate For Calcs": 0.0,
        "Normalized EBITDA": -1417795.0,
        "Total Unusual Items": -6852.0,
        "Total Unusual Items Excluding Goodwill": -6852.0,
        "Net Income From Continuing Operation Net Minority Interest": -1550880.0,
        "Reconciled Cost Of Revenue": 352819.0,
        "EBITDA": -1424647.0,
        "EBIT": -1424647.0,
        "Net Interest Income": -22486.0,
        "Interest Expense": 126233.0,
        "Interest Income": 103747.0,
        "Normalized Income": -1544028.0,
        "Net Income From Continuing And Discontinued Operation": -1550880.0,
        "Total Expenses": 2338918.0,
        "Total Operating Income As Reported": -1530059.0,
        "Diluted Average Shares": NaN,
        "Basic Average Shares": NaN,
        "Diluted EPS": NaN,
        "Basic EPS": NaN,
        "Diluted NI Availto Com Stockholders": -1550880.0,
        "Net Income Common Stockholders": -1550880.0,
        "Net Income": -1550880.0,
        "Net Income Including Noncontrolling Interests": -1550880.0,
        "Net Income Continuous Operations": -1550880.0,
        "Pretax Income": -1550880.0,
        "Other Income Expense": -6852.0,
        "Special Income Charges": 1665.0,
        "Gain On Sale Of Business": 1665.0,
        "Gain On Sale Of Security": -8517.0,
        "Net Non Operating Interest Income Expense": -22486.0,
        "Interest Expense Non Operating": 126233.0,
        "Interest Income Non Operating": 103747.0,
        "Operating Income": -1521542.0,
        "Operating Expense": 1986099.0,
        "Other Operating Expenses": NaN,
        "Research And Development": 545660.0,
        "Selling General And Administration": 1440439.0,
        "General And Administrative Expense": 1440439.0,
        "Other Gand A": 1440439.0,
        "Gross Profit": 464557.0,
        "Cost Of Revenue": 352819.0,
        "Total Revenue": 817376.0,
        "Operating Revenue": 817376.0
    },
    "2025-03-31": {
        "Tax Effect Of Unusual Items": 0.0,
        "Tax Rate For Calcs": 0.0,
        "Normalized EBITDA": -1906945.0,
        "Total Unusual Items": -7072.0,
        "Total Unusual Items Excluding Goodwill": -7072.0,
        "Net Income From Continuing Operation Net Minority Interest": -2027579.0,
        "Reconciled Cost Of Revenue": 297658.0,
        "EBITDA": -1914017.0,
        "EBIT": -1914017.0,
        "Net Interest Income": -25104.0,
        "Interest Expense": 113562.0,
        "Interest Income": 88458.0,
        "Normalized Income": -2020507.0,
        "Net Income From Continuing And Discontinued Operation": -2027579.0,
        "Total Expenses": 2178503.0,
        "Total Operating Income As Reported": -2002475.0,
        "Diluted Average Shares": 29886665.0,
        "Basic Average Shares": 29886665.0,
        "Diluted EPS": -0.07,
        "Basic EPS": -0.07,
        "Diluted NI Availto Com Stockholders": -2027579.0,
        "Net Income Common Stockholders": -2027579.0,
        "Net Income": -2027579.0,
        "Net Income Including Noncontrolling Interests": -2027579.0,
        "Net Income Continuous Operations": -2027579.0,
        "Pretax Income": -2027579.0,
        "Other Income Expense": -7072.0,
        "Special Income Charges": 0.0,
        "Gain On Sale Of Business": 0.0,
        "Gain On Sale Of Security": -7072.0,
        "Net Non Operating Interest Income Expense": -25104.0,
        "Interest Expense Non Operating": 113562.0,
        "Interest Income Non Operating": 88458.0,
        "Operating Income": -1995403.0,
        "Operating Expense": 1880845.0,
        "Other Operating Expenses": -210472.0,
        "Research And Development": 494979.0,
        "Selling General And Administration": 1596338.0,
        "General And Administrative Expense": 1596338.0,
        "Other Gand A": 1596338.0,
        "Gross Profit": -114558.0,
        "Cost Of Revenue": 297658.0,
        "Total Revenue": 183100.0,
        "Operating Revenue": 183100.0
    },
    "2025-06-30": {
        "Tax Effect Of Unusual Items": 0.0,
        "Tax Rate For Calcs": 0.0,
        "Normalized EBITDA": -1663843.0,
        "Total Unusual Items": -16098.0,
        "Total Unusual Items Excluding Goodwill": -16098.0,
        "Net Income From Continuing Operation Net Minority Interest": -1793774.0,
        "Reconciled Cost Of Revenue": 613591.0,
        "EBITDA": -1679941.0,
        "EBIT": -1679941.0,
        "Net Interest Income": -64706.0,
        "Interest Expense": 113833.0,
        "Interest Income": 49127.0,
        "Normalized Income": -1777676.0,
        "Net Income From Continuing And Discontinued Operation": -1793774.0,
        "Total Expenses": 2176419.0,
        "Total Operating Income As Reported": -1729068.0,
        "Diluted Average Shares": 30102324.0,
        "Basic Average Shares": 30102324.0,
        "Diluted EPS": -0.06,
        "Basic EPS": -0.06,
        "Diluted NI Availto Com Stockholders": -1793774.0,
        "Net Income Common Stockholders": -1793774.0,
        "Net Income": -1793774.0,
        "Net Income Including Noncontrolling Interests": -1793774.0,
        "Net Income Continuous Operations": -1793774.0,
        "Pretax Income": -1793774.0,
        "Other Income Expense": -16098.0,
        "Special Income Charges": 0.0,
        "Gain On Sale Of Business": 0.0,
        "Gain On Sale Of Security": -16098.0,
        "Net Non Operating Interest Income Expense": -64706.0,
        "Interest Expense Non Operating": 113833.0,
        "Interest Income Non Operating": 49127.0,
        "Operating Income": -1712970.0,
        "Operating Expense": 1562828.0,
        "Other Operating Expenses": -503181.0,
        "Research And Development": 629379.0,
        "Selling General And Administration": 1436630.0,
        "General And Administrative Expense": 1436630.0,
        "Other Gand A": 1436630.0,
        "Gross Profit": -150142.0,
        "Cost Of Revenue": 613591.0,
        "Total Revenue": 463449.0,
        "Operating Revenue": 463449.0
    },
    "2025-09-30": {
        "Tax Effect Of Unusual Items": 0.0,
        "Tax Rate For Calcs": 0.0,
        "Normalized EBITDA": -1849147.0,
        "Total Unusual Items": -12755.0,
        "Total Unusual Items Excluding Goodwill": -12755.0,
        "Net Income From Continuing Operation Net Minority Interest": -1976012.0,
        "Reconciled Cost Of Revenue": 1024003.0,
        "EBITDA": -1861902.0,
        "EBIT": -1861902.0,
        "Net Interest Income": -50643.0,
        "Interest Expense": 114110.0,
        "Interest Income": 63467.0,
        "Normalized Income": -1963257.0,
        "Net Income From Continuing And Discontinued Operation": -1976012.0,
        "Total Expenses": 2262660.0,
        "Total Operating Income As Reported": -1925369.0,
        "Diluted Average Shares": 34507530.0,
        "Basic Average Shares": 34507530.0,
        "Diluted EPS": -0.06,
        "Basic EPS": -0.06,
        "Diluted NI Availto Com Stockholders": -1976012.0,
        "Net Income Common Stockholders": -1976012.0,
        "Net Income": -1976012.0,
        "Net Income Including Noncontrolling Interests": -1976012.0,
        "Net Income Continuous Operations": -1976012.0,
        "Pretax Income": -1976012.0,
        "Other Income Expense": -12755.0,
        "Special Income Charges": NaN,
        "Gain On Sale Of Business": NaN,
        "Gain On Sale Of Security": -12755.0,
        "Net Non Operating Interest Income Expense": -50643.0,
        "Interest Expense Non Operating": 114110.0,
        "Interest Income Non Operating": 63467.0,
        "Operating Income": -1912614.0,
        "Operating Expense": 1238657.0,
        "Other Operating Expenses": -814571.0,
        "Research And Development": 571872.0,
        "Selling General And Administration": 1481356.0,
        "General And Administrative Expense": 1481356.0,
        "Other Gand A": 1481356.0,
        "Gross Profit": -673957.0,
        "Cost Of Revenue": 1024003.0,
        "Total Revenue": 350046.0,
        "Operating Revenue": 350046.0
    }
}