{
    "2023-06-30": {
        "Tax Effect Of Unusual Items": NaN,
        "Tax Rate For Calcs": NaN,
        "Normalized EBITDA": NaN,
        "Total Unusual Items": NaN,
        "Total Unusual Items Excluding Goodwill": NaN,
        "Net Income From Continuing Operation Net Minority Interest": NaN,
        "Reconciled Depreciation": NaN,
        "Reconciled Cost Of Revenue": NaN,
        "EBITDA": NaN,
        "EBIT": NaN,
        "Net Interest Income": NaN,
        "Interest Expense": NaN,
        "Interest Income": 48000000.0,
        "Normalized Income": NaN,
        "Net Income From Continuing And Discontinued Operation": NaN,
        "Total Expenses": NaN,
        "Total Operating Income As Reported": NaN,
        "Diluted Average Shares": NaN,
        "Basic Average Shares": NaN,
        "Diluted EPS": NaN,
        "Basic EPS": NaN,
        "Diluted NI Availto Com Stockholders": NaN,
        "Net Income Common Stockholders": NaN,
        "Net Income": NaN,
        "Net Income Including Noncontrolling Interests": NaN,
        "Net Income Discontinuous Operations": NaN,
        "Net Income Continuous Operations": NaN,
        "Tax Provision": NaN,
        "Pretax Income": NaN,
        "Other Income Expense": NaN,
        "Gain On Sale Of Security": NaN,
        "Net Non Operating Interest Income Expense": NaN,
        "Interest Expense Non Operating": NaN,
        "Interest Income Non Operating": 48000000.0,
        "Operating Income": NaN,
        "Operating Expense": NaN,
        "Other Operating Expenses": NaN,
        "Depreciation Amortization Depletion Income Statement": NaN,
        "Depreciation And Amortization In Income Statement": NaN,
        "Amortization": NaN,
        "Amortization Of Intangibles Income Statement": NaN,
        "Research And Development": NaN,
        "Selling General And Administration": NaN,
        "Selling And Marketing Expense": NaN,
        "General And Administrative Expense": NaN,
        "Other Gand A": NaN,
        "Gross Profit": NaN,
        "Cost Of Revenue": NaN,
        "Total Revenue": NaN,
        "Operating Revenue": NaN
    },
    "2023-03-31": {
        "Tax Effect Of Unusual Items": NaN,
        "Tax Rate For Calcs": NaN,
        "Normalized EBITDA": NaN,
        "Total Unusual Items": NaN,
        "Total Unusual Items Excluding Goodwill": NaN,
        "Net Income From Continuing Operation Net Minority Interest": NaN,
        "Reconciled Depreciation": NaN,
        "Reconciled Cost Of Revenue": NaN,
        "EBITDA": NaN,
        "EBIT": NaN,
        "Net Interest Income": NaN,
        "Interest Expense": NaN,
        "Interest Income": 42000000.0,
        "Normalized Income": NaN,
        "Net Income From Continuing And Discontinued Operation": NaN,
        "Total Expenses": NaN,
        "Total Operating Income As Reported": NaN,
        "Diluted Average Shares": NaN,
        "Basic Average Shares": NaN,
        "Diluted EPS": NaN,
        "Basic EPS": NaN,
        "Diluted NI Availto Com Stockholders": NaN,
        "Net Income Common Stockholders": NaN,
        "Net Income": NaN,
        "Net Income Including Noncontrolling Interests": NaN,
        "Net Income Discontinuous Operations": NaN,
        "Net Income Continuous Operations": NaN,
        "Tax Provision": NaN,
        "Pretax Income": NaN,
        "Other Income Expense": NaN,
        "Gain On Sale Of Security": NaN,
        "Net Non Operating Interest Income Expense": NaN,
        "Interest Expense Non Operating": NaN,
        "Interest Income Non Operating": 42000000.0,
        "Operating Income": NaN,
        "Operating Expense": NaN,
        "Other Operating Expenses": NaN,
        "Depreciation Amortization Depletion Income Statement": NaN,
        "Depreciation And Amortization In Income Statement": NaN,
        "Amortization": NaN,
        "Amortization Of Intangibles Income Statement": NaN,
        "Research And Development": NaN,
        "Selling General And Administration": NaN,
        "Selling And Marketing Expense": NaN,
        "General And Administrative Expense": NaN,
        "Other Gand A": NaN,
        "Gross Profit": NaN,
        "Cost Of Revenue": NaN,
        "Total Revenue": NaN,
        "Operating Revenue": NaN
    },
    "2022-12-31": {
        "Tax Effect Of Unusual Items": 60226779.252111,
        "Tax Rate For Calcs": 0.190591,
        "Normalized EBITDA": 745000000.0,
        "Total Unusual Items": 316000000.0,
        "Total Unusual Items Excluding Goodwill": 316000000.0,
        "Net Income From Continuing Operation Net Minority Interest": 671000000.0,
        "Reconciled Depreciation": 107000000.0,
        "Reconciled Cost Of Revenue": 575000000.0,
        "EBITDA": 1061000000.0,
        "EBIT": 954000000.0,
        "Net Interest Income": -52000000.0,
        "Interest Expense": 125000000.0,
        "Normalized Income": 415226779.252111,
        "Net Income From Continuing And Discontinued Operation": 672000000.0,
        "Total Expenses": 1945000000.0,
        "Total Operating Income As Reported": 565000000.0,
        "Diluted Average Shares": 544000000.0,
        "Basic Average Shares": 541000000.0,
        "Diluted EPS": 1.23,
        "Basic EPS": 1.24,
        "Diluted NI Availto Com Stockholders": 672000000.0,
        "Net Income Common Stockholders": 672000000.0,
        "Net Income": 672000000.0,
        "Net Income Including Noncontrolling Interests": 672000000.0,
        "Net Income Discontinuous Operations": 1000000.0,
        "Net Income Continuous Operations": 671000000.0,
        "Tax Provision": 158000000.0,
        "Pretax Income": 829000000.0,
        "Other Income Expense": 316000000.0,
        "Gain On Sale Of Security": 316000000.0,
        "Net Non Operating Interest Income Expense": -52000000.0,
        "Interest Expense Non Operating": 125000000.0,
        "Operating Income": 565000000.0,
        "Operating Expense": 1264000000.0,
        "Other Operating Expenses": 81000000.0,
        "Depreciation Amortization Depletion Income Statement": 1000000.0,
        "Depreciation And Amortization In Income Statement": 1000000.0,
        "Amortization": 1000000.0,
        "Amortization Of Intangibles Income Statement": 1000000.0,
        "Research And Development": 340000000.0,
        "Selling General And Administration": 842000000.0,
        "Selling And Marketing Expense": 554000000.0,
        "General And Administrative Expense": 288000000.0,
        "Other Gand A": 288000000.0,
        "Gross Profit": 1829000000.0,
        "Cost Of Revenue": 681000000.0,
        "Total Revenue": 2510000000.0,
        "Operating Revenue": 2510000000.0
    },
    "2022-09-30": {
        "Tax Effect Of Unusual Items": -124530000.0,
        "Tax Rate For Calcs": 0.21,
        "Normalized EBITDA": 672000000.0,
        "Total Unusual Items": -593000000.0,
        "Total Unusual Items Excluding Goodwill": -593000000.0,
        "Net Income From Continuing Operation Net Minority Interest": -70000000.0,
        "Reconciled Depreciation": 104000000.0,
        "Reconciled Cost Of Revenue": 544000000.0,
        "EBITDA": 79000000.0,
        "EBIT": -25000000.0,
        "Net Interest Income": -29000000.0,
        "Interest Expense": 29000000.0,
        "Normalized Income": 398470000.0,
        "Net Income From Continuing And Discontinued Operation": -69000000.0,
        "Total Expenses": 1812000000.0,
        "Total Operating Income As Reported": 568000000.0,
        "Diluted Average Shares": 548000000.0,
        "Basic Average Shares": 548000000.0,
        "Diluted EPS": -0.13,
        "Basic EPS": -0.13,
        "Diluted NI Availto Com Stockholders": -69000000.0,
        "Net Income Common Stockholders": -69000000.0,
        "Net Income": -69000000.0,
        "Net Income Including Noncontrolling Interests": -69000000.0,
        "Net Income Discontinuous Operations": 1000000.0,
        "Net Income Continuous Operations": -70000000.0,
        "Tax Provision": 16000000.0,
        "Pretax Income": -54000000.0,
        "Other Income Expense": -593000000.0,
        "Gain On Sale Of Security": -593000000.0,
        "Net Non Operating Interest Income Expense": -29000000.0,
        "Total Other Finance Cost": NaN,
        "Interest Expense Non Operating": 29000000.0,
        "Operating Income": 568000000.0,
        "Operating Expense": 1165000000.0,
        "Other Operating Expenses": 69000000.0,
        "Depreciation Amortization Depletion Income Statement": 1000000.0,
        "Depreciation And Amortization In Income Statement": 1000000.0,
        "Amortization": 1000000.0,
        "Amortization Of Intangibles Income Statement": 1000000.0,
        "Research And Development": 345000000.0,
        "Selling General And Administration": 750000000.0,
        "Selling And Marketing Expense": 538000000.0,
        "General And Administrative Expense": 212000000.0,
        "Other Gand A": 212000000.0,
        "Gross Profit": 1733000000.0,
        "Cost Of Revenue": 647000000.0,
        "Total Revenue": 2380000000.0,
        "Operating Revenue": 2380000000.0
    },
    "2022-06-30": {
        "Tax Effect Of Unusual Items": -321123000.0,
        "Tax Rate For Calcs": 0.263,
        "Normalized EBITDA": 638000000.0,
        "Total Unusual Items": -1221000000.0,
        "Total Unusual Items Excluding Goodwill": -1221000000.0,
        "Net Income From Continuing Operation Net Minority Interest": -536000000.0,
        "Reconciled Depreciation": 113000000.0,
        "Reconciled Cost Of Revenue": 551000000.0,
        "EBITDA": -583000000.0,
        "EBIT": -696000000.0,
        "Net Interest Income": -31000000.0,
        "Interest Expense": 31000000.0,
        "Normalized Income": 363877000.0,
        "Net Income From Continuing And Discontinued Operation": -531000000.0,
        "Total Expenses": 1897000000.0,
        "Total Operating Income As Reported": 525000000.0,
        "Diluted Average Shares": 556000000.0,
        "Basic Average Shares": 556000000.0,
        "Diluted EPS": -0.95,
        "Basic EPS": -0.95,
        "Diluted NI Availto Com Stockholders": -531000000.0,
        "Net Income Common Stockholders": -531000000.0,
        "Net Income": -531000000.0,
        "Net Income Including Noncontrolling Interests": -531000000.0,
        "Net Income Discontinuous Operations": 5000000.0,
        "Net Income Continuous Operations": -536000000.0,
        "Tax Provision": -191000000.0,
        "Pretax Income": -727000000.0,
        "Other Income Expense": -1221000000.0,
        "Gain On Sale Of Security": -1221000000.0,
        "Net Non Operating Interest Income Expense": -31000000.0,
        "Interest Expense Non Operating": 31000000.0,
        "Operating Income": 525000000.0,
        "Operating Expense": 1234000000.0,
        "Other Operating Expenses": 86000000.0,
        "Depreciation Amortization Depletion Income Statement": 1000000.0,
        "Depreciation And Amortization In Income Statement": 1000000.0,
        "Amortization": 1000000.0,
        "Amortization Of Intangibles Income Statement": 1000000.0,
        "Research And Development": 344000000.0,
        "Selling General And Administration": 803000000.0,
        "Selling And Marketing Expense": 566000000.0,
        "General And Administrative Expense": 237000000.0,
        "Other Gand A": 237000000.0,
        "Gross Profit": 1759000000.0,
        "Cost Of Revenue": 663000000.0,
        "Total Revenue": 2422000000.0,
        "Operating Revenue": 2422000000.0
    },
    "2022-03-31": {
        "Diluted EPS": -2.28,
        "Total Revenue": NaN,
        "Gross Profit": NaN,
        "Operating Income": 692,
        "EBIT": 810,
        "Net Income": NaN
    },
    "2021-12-31": {
        "Diluted EPS": 3.54,
        "Total Revenue": NaN,
        "Gross Profit": NaN,
        "Operating Income": 688,
        "EBIT": 810,
        "Net Income": NaN
    },
    "2021-09-30": {
        "Diluted EPS": 0.4,
        "Total Revenue": NaN,
        "Gross Profit": NaN,
        "Operating Income": 662,
        "EBIT": 781,
        "Net Income": 264
    },
    "2021-06-30": {
        "Diluted EPS": 15.68,
        "Total Revenue": NaN,
        "Gross Profit": NaN,
        "Operating Income": 732,
        "EBIT": 859,
        "Net Income": NaN
    },
    "2021-03-31": {
        "Diluted EPS": 0.92,
        "Total Revenue": NaN,
        "Gross Profit": NaN,
        "Operating Income": 841,
        "EBIT": 975,
        "Net Income": 641
    },
    "2020-12-31": {
        "Diluted EPS": 1.39,
        "Total Revenue": NaN,
        "Gross Profit": NaN,
        "Operating Income": 645,
        "EBIT": 776,
        "Net Income": 845
    },
    "2020-09-30": {
        "Diluted EPS": 0.94,
        "Total Revenue": NaN,
        "Gross Profit": NaN,
        "Operating Income": 662,
        "EBIT": 819,
        "Net Income": 664
    },
    "2020-06-30": {
        "Diluted EPS": 1.05,
        "Total Revenue": NaN,
        "Gross Profit": NaN,
        "Operating Income": 764,
        "EBIT": 918,
        "Net Income": 746
    },
    "2020-03-31": {
        "Diluted EPS": 4.51,
        "Total Revenue": NaN,
        "Gross Profit": NaN,
        "Operating Income": 565,
        "EBIT": 706,
        "Net Income": NaN
    },
    "2019-12-31": {
        "Diluted EPS": 0.69,
        "Total Revenue": 510,
        "Gross Profit": 547,
        "Operating Income": 211,
        "EBIT": 337,
        "Net Income": 556
    },
    "2019-09-30": {
        "Diluted EPS": 0.37,
        "Total Revenue": NaN,
        "Gross Profit": NaN,
        "Operating Income": 408,
        "EBIT": 552,
        "Net Income": 310
    },
    "2019-06-30": {
        "Diluted EPS": 0.46,
        "Total Revenue": NaN,
        "Gross Profit": NaN,
        "Operating Income": 558,
        "EBIT": 726,
        "Net Income": 402
    },
    "2019-03-31": {
        "Diluted EPS": 0.57,
        "Total Revenue": NaN,
        "Gross Profit": NaN,
        "Operating Income": 593,
        "EBIT": 755,
        "Net Income": 518
    },
    "2018-12-31": {
        "Diluted EPS": 0.78,
        "Total Revenue": 781,
        "Gross Profit": 522,
        "Operating Income": 211,
        "EBIT": 322,
        "Net Income": 760
    },
    "2018-09-30": {
        "Diluted EPS": 0.73,
        "Total Revenue": NaN,
        "Gross Profit": NaN,
        "Operating Income": 556,
        "EBIT": 731,
        "Net Income": 721
    },
    "2018-06-30": {
        "Diluted EPS": 0.64,
        "Total Revenue": NaN,
        "Gross Profit": NaN,
        "Operating Income": 406,
        "EBIT": 576,
        "Net Income": 642
    },
    "2018-03-31": {
        "Diluted EPS": 0.4,
        "Total Revenue": NaN,
        "Gross Profit": NaN,
        "Operating Income": 579,
        "EBIT": 758,
        "Net Income": 407
    },
    "2017-12-31": {
        "Diluted EPS": -2.4,
        "Total Revenue": NaN,
        "Gross Profit": NaN,
        "Operating Income": 663,
        "EBIT": 835,
        "Net Income": NaN
    },
    "2017-09-30": {
        "Diluted EPS": 0.48,
        "Total Revenue": NaN,
        "Gross Profit": NaN,
        "Operating Income": 574,
        "EBIT": 747,
        "Net Income": 520
    },
    "2017-06-30": {
        "Diluted EPS": 0.03,
        "Total Revenue": NaN,
        "Gross Profit": NaN,
        "Operating Income": 480,
        "EBIT": 648,
        "Net Income": 29
    },
    "2017-03-31": {
        "Diluted EPS": 0.94,
        "Total Revenue": NaN,
        "Gross Profit": NaN,
        "Operating Income": 547,
        "EBIT": 710,
        "Net Income": NaN
    },
    "2016-12-31": {
        "Diluted EPS": 5.2,
        "Total Revenue": NaN,
        "Gross Profit": NaN,
        "Operating Income": 638,
        "EBIT": 814,
        "Net Income": NaN
    },
    "2016-09-30": {
        "Diluted EPS": 0.36,
        "Total Revenue": NaN,
        "Gross Profit": NaN,
        "Operating Income": 542,
        "EBIT": 714,
        "Net Income": 413
    },
    "2016-06-30": {
        "Diluted EPS": 0.38,
        "Total Revenue": NaN,
        "Gross Profit": NaN,
        "Operating Income": 531,
        "EBIT": 698,
        "Net Income": 435
    },
    "2016-03-31": {
        "Diluted EPS": 0.41,
        "Total Revenue": NaN,
        "Gross Profit": NaN,
        "Operating Income": 614,
        "EBIT": 781,
        "Net Income": 482
    },
    "2015-12-31": {
        "Diluted EPS": 0.39,
        "Total Revenue": NaN,
        "Gross Profit": NaN,
        "Operating Income": 662,
        "EBIT": 833,
        "Net Income": 477
    },
    "2015-09-30": {
        "Diluted EPS": 0.45,
        "Total Revenue": NaN,
        "Gross Profit": NaN,
        "Operating Income": 578,
        "EBIT": 760,
        "Net Income": 539
    },
    "2015-06-30": {
        "Diluted EPS": 0.07,
        "Total Revenue": NaN,
        "Gross Profit": NaN,
        "Operating Income": 428,
        "EBIT": 602,
        "Net Income": 83
    },
    "2015-03-31": {
        "Diluted EPS": 0.51,
        "Total Revenue": NaN,
        "Gross Profit": NaN,
        "Operating Income": 529,
        "EBIT": 689,
        "Net Income": 626
    },
    "2014-12-31": {
        "Diluted EPS": 0.82,
        "Total Revenue": NaN,
        "Gross Profit": NaN,
        "Operating Income": 731,
        "EBIT": 895,
        "Net Income": NaN
    },
    "2014-09-30": {
        "Diluted EPS": 0.54,
        "Total Revenue": NaN,
        "Gross Profit": NaN,
        "Operating Income": 596,
        "EBIT": 499,
        "Net Income": 673
    },
    "2014-06-30": {
        "Diluted EPS": 0.53,
        "Total Revenue": NaN,
        "Gross Profit": NaN,
        "Operating Income": 854,
        "EBIT": NaN,
        "Net Income": 676
    },
    "2014-03-31": {
        "Diluted EPS": -1.82,
        "Total Revenue": NaN,
        "Gross Profit": NaN,
        "Operating Income": 878,
        "EBIT": NaN,
        "Net Income": NaN
    },
    "2013-12-31": {
        "Diluted EPS": 0.65,
        "Total Revenue": NaN,
        "Gross Profit": NaN,
        "Operating Income": NaN,
        "EBIT": 649,
        "Net Income": 850
    },
    "2013-09-30": {
        "Diluted EPS": 0.53,
        "Total Revenue": NaN,
        "Gross Profit": NaN,
        "Operating Income": 799,
        "EBIT": NaN,
        "Net Income": 689
    },
    "2013-06-30": {
        "Diluted EPS": 0.49,
        "Total Revenue": NaN,
        "Gross Profit": NaN,
        "Operating Income": 750,
        "EBIT": NaN,
        "Net Income": 640
    },
    "2013-03-31": {
        "Diluted EPS": 0.51,
        "Total Revenue": NaN,
        "Gross Profit": NaN,
        "Operating Income": 800,
        "EBIT": NaN,
        "Net Income": 677
    },
    "2012-12-31": {
        "Diluted EPS": 0.57,
        "Total Revenue": NaN,
        "Gross Profit": NaN,
        "Operating Income": 874,
        "EBIT": NaN,
        "Net Income": 751
    },
    "2012-09-30": {
        "Diluted EPS": 0.45,
        "Total Revenue": NaN,
        "Gross Profit": NaN,
        "Operating Income": 667,
        "EBIT": 978,
        "Net Income": 597
    },
    "2012-06-30": {
        "Diluted EPS": 0.53,
        "Total Revenue": NaN,
        "Gross Profit": NaN,
        "Operating Income": 695,
        "EBIT": 985,
        "Net Income": 692
    },
    "2012-03-31": {
        "Diluted EPS": 0.44,
        "Total Revenue": NaN,
        "Gross Profit": NaN,
        "Operating Income": 653,
        "EBIT": 934,
        "Net Income": 570
    },
    "2011-12-31": {
        "Diluted EPS": 1.51,
        "Total Revenue": NaN,
        "Gross Profit": NaN,
        "Operating Income": 752,
        "EBIT": NaN,
        "Net Income": NaN
    },
    "2011-09-30": {
        "Diluted EPS": 0.37,
        "Total Revenue": NaN,
        "Gross Profit": NaN,
        "Operating Income": 537,
        "EBIT": 803,
        "Net Income": 491
    },
    "2011-06-30": {
        "Diluted EPS": 0.22,
        "Total Revenue": NaN,
        "Gross Profit": NaN,
        "Operating Income": 519,
        "EBIT": 727,
        "Net Income": 283
    },
    "2011-03-31": {
        "Diluted EPS": 0.36,
        "Total Revenue": NaN,
        "Gross Profit": NaN,
        "Operating Income": 565,
        "EBIT": 758,
        "Net Income": 476
    },
    "2010-12-31": {
        "Diluted EPS": 0.42,
        "Total Revenue": NaN,
        "Gross Profit": NaN,
        "Operating Income": 591,
        "EBIT": 782,
        "Net Income": 559
    },
    "2010-09-30": {
        "Diluted EPS": 0.33,
        "Total Revenue": NaN,
        "Gross Profit": NaN,
        "Operating Income": 490,
        "EBIT": 685,
        "Net Income": 432
    },
    "2010-06-30": {
        "Diluted EPS": 0.31,
        "Total Revenue": NaN,
        "Gross Profit": NaN,
        "Operating Income": 485,
        "EBIT": 672,
        "Net Income": 412
    },
    "2010-03-31": {
        "Diluted EPS": 0.3,
        "Total Revenue": NaN,
        "Gross Profit": NaN,
        "Operating Income": 489,
        "EBIT": 677,
        "Net Income": 398
    },
    "2009-12-31": {
        "Diluted EPS": 1.03,
        "Total Revenue": NaN,
        "Gross Profit": NaN,
        "Operating Income": 179,
        "EBIT": 380,
        "Net Income": NaN
    },
    "2009-09-30": {
        "Diluted EPS": 0.27,
        "Total Revenue": NaN,
        "Gross Profit": NaN,
        "Operating Income": 443,
        "EBIT": 658,
        "Net Income": 350
    },
    "2009-06-30": {
        "Diluted EPS": 0.25,
        "Total Revenue": NaN,
        "Gross Profit": NaN,
        "Operating Income": 412,
        "EBIT": 609,
        "Net Income": 327
    },
    "2009-03-31": {
        "Diluted EPS": 0.28,
        "Total Revenue": NaN,
        "Gross Profit": NaN,
        "Operating Income": 423,
        "EBIT": 620,
        "Net Income": 357
    },
    "2023-09-30": {
        "Tax Effect Of Unusual Items": NaN,
        "Tax Rate For Calcs": NaN,
        "Normalized EBITDA": NaN,
        "Total Unusual Items": NaN,
        "Total Unusual Items Excluding Goodwill": NaN,
        "Net Income From Continuing Operation Net Minority Interest": NaN,
        "Reconciled Depreciation": NaN,
        "Reconciled Cost Of Revenue": NaN,
        "EBITDA": NaN,
        "EBIT": NaN,
        "Net Interest Income": NaN,
        "Interest Expense": NaN,
        "Interest Income": 58000000.0,
        "Normalized Income": NaN,
        "Net Income From Continuing And Discontinued Operation": NaN,
        "Total Expenses": NaN,
        "Total Operating Income As Reported": NaN,
        "Diluted Average Shares": 532000000.0,
        "Basic Average Shares": 529000000.0,
        "Diluted EPS": 2.46,
        "Basic EPS": 2.47,
        "Diluted NI Availto Com Stockholders": NaN,
        "Net Income Common Stockholders": NaN,
        "Net Income": NaN,
        "Net Income Including Noncontrolling Interests": NaN,
        "Net Income Discontinuous Operations": NaN,
        "Net Income Continuous Operations": NaN,
        "Tax Provision": NaN,
        "Pretax Income": NaN,
        "Other Income Expense": NaN,
        "Gain On Sale Of Security": NaN,
        "Net Non Operating Interest Income Expense": NaN,
        "Interest Expense Non Operating": NaN,
        "Interest Income Non Operating": 58000000.0,
        "Operating Income": NaN,
        "Operating Expense": NaN,
        "Other Operating Expenses": NaN,
        "Depreciation Amortization Depletion Income Statement": NaN,
        "Depreciation And Amortization In Income Statement": NaN,
        "Amortization": NaN,
        "Amortization Of Intangibles Income Statement": NaN,
        "Research And Development": NaN,
        "Selling General And Administration": NaN,
        "Selling And Marketing Expense": NaN,
        "General And Administrative Expense": NaN,
        "Other Gand A": NaN,
        "Gross Profit": NaN,
        "Cost Of Revenue": NaN,
        "Total Revenue": NaN,
        "Operating Revenue": NaN
    },
    "2023-12-31": {
        "Tax Effect Of Unusual Items": 184856450.048497,
        "Tax Rate For Calcs": 0.293889,
        "Normalized EBITDA": 712000000.0,
        "Total Unusual Items": 629000000.0,
        "Total Unusual Items Excluding Goodwill": 629000000.0,
        "Net Income From Continuing Operation Net Minority Interest": 728000000.0,
        "Reconciled Depreciation": 98000000.0,
        "Reconciled Cost Of Revenue": 616000000.0,
        "EBITDA": 1341000000.0,
        "EBIT": 1243000000.0,
        "Net Interest Income": -8000000.0,
        "Interest Expense": 212000000.0,
        "Interest Income": NaN,
        "Normalized Income": 283856450.048497,
        "Net Income From Continuing And Discontinued Operation": 724000000.0,
        "Total Expenses": 2152000000.0,
        "Total Operating Income As Reported": 410000000.0,
        "Diluted Average Shares": 521000000.0,
        "Basic Average Shares": 518000000.0,
        "Diluted EPS": 1.39,
        "Basic EPS": 1.4,
        "Diluted NI Availto Com Stockholders": 724000000.0,
        "Net Income Common Stockholders": 724000000.0,
        "Net Income": 724000000.0,
        "Net Income Including Noncontrolling Interests": 724000000.0,
        "Net Income Discontinuous Operations": -4000000.0,
        "Net Income Continuous Operations": 728000000.0,
        "Tax Provision": 303000000.0,
        "Pretax Income": 1031000000.0,
        "Other Income Expense": 629000000.0,
        "Gain On Sale Of Security": 629000000.0,
        "Net Non Operating Interest Income Expense": -8000000.0,
        "Interest Expense Non Operating": 212000000.0,
        "Interest Income Non Operating": NaN,
        "Operating Income": 410000000.0,
        "Operating Expense": 1442000000.0,
        "Other Operating Expenses": 101000000.0,
        "Depreciation Amortization Depletion Income Statement": 4000000.0,
        "Depreciation And Amortization In Income Statement": 4000000.0,
        "Amortization": 4000000.0,
        "Amortization Of Intangibles Income Statement": 4000000.0,
        "Research And Development": 399000000.0,
        "Selling General And Administration": 938000000.0,
        "Selling And Marketing Expense": 573000000.0,
        "General And Administrative Expense": 365000000.0,
        "Other Gand A": 365000000.0,
        "Gross Profit": 1852000000.0,
        "Cost Of Revenue": 710000000.0,
        "Total Revenue": 2562000000.0,
        "Operating Revenue": 2562000000.0
    },
    "2024-03-31": {
        "Tax Effect Of Unusual Items": -16287313.432836,
        "Tax Rate For Calcs": 0.18097,
        "Normalized EBITDA": 768000000.0,
        "Total Unusual Items": -90000000.0,
        "Total Unusual Items Excluding Goodwill": -90000000.0,
        "Net Income From Continuing Operation Net Minority Interest": 439000000.0,
        "Reconciled Depreciation": 76000000.0,
        "Reconciled Cost Of Revenue": 628000000.0,
        "EBITDA": 678000000.0,
        "EBIT": 602000000.0,
        "Net Interest Income": -5000000.0,
        "Interest Expense": 66000000.0,
        "Interest Income": 61000000.0,
        "Normalized Income": 512712686.567164,
        "Net Income From Continuing And Discontinued Operation": 438000000.0,
        "Total Expenses": 1925000000.0,
        "Total Operating Income As Reported": 631000000.0,
        "Diluted Average Shares": 519000000.0,
        "Basic Average Shares": 516000000.0,
        "Diluted EPS": 0.85,
        "Basic EPS": 0.85,
        "Diluted NI Availto Com Stockholders": 438000000.0,
        "Net Income Common Stockholders": 438000000.0,
        "Net Income": 438000000.0,
        "Net Income Including Noncontrolling Interests": 438000000.0,
        "Net Income Discontinuous Operations": -1000000.0,
        "Net Income Continuous Operations": 439000000.0,
        "Tax Provision": 97000000.0,
        "Pretax Income": 536000000.0,
        "Other Income Expense": -90000000.0,
        "Gain On Sale Of Security": -90000000.0,
        "Net Non Operating Interest Income Expense": -5000000.0,
        "Interest Expense Non Operating": 66000000.0,
        "Interest Income Non Operating": 61000000.0,
        "Operating Income": 631000000.0,
        "Operating Expense": 1225000000.0,
        "Other Operating Expenses": 91000000.0,
        "Depreciation Amortization Depletion Income Statement": 4000000.0,
        "Depreciation And Amortization In Income Statement": 4000000.0,
        "Amortization": 4000000.0,
        "Amortization Of Intangibles Income Statement": 4000000.0,
        "Research And Development": 351000000.0,
        "Selling General And Administration": 779000000.0,
        "Selling And Marketing Expense": 541000000.0,
        "General And Administrative Expense": 238000000.0,
        "Other Gand A": 238000000.0,
        "Gross Profit": 1856000000.0,
        "Cost Of Revenue": 700000000.0,
        "Total Revenue": 2556000000.0,
        "Operating Revenue": 2556000000.0
    },
    "2024-06-30": {
        "Tax Effect Of Unusual Items": -68109000.0,
        "Tax Rate For Calcs": 0.311,
        "Normalized EBITDA": 689000000.0,
        "Total Unusual Items": -219000000.0,
        "Total Unusual Items Excluding Goodwill": -219000000.0,
        "Net Income From Continuing Operation Net Minority Interest": 226000000.0,
        "Reconciled Depreciation": 77000000.0,
        "Reconciled Cost Of Revenue": 663000000.0,
        "EBITDA": 470000000.0,
        "EBIT": 393000000.0,
        "Net Interest Income": -2000000.0,
        "Interest Expense": 65000000.0,
        "Interest Income": 63000000.0,
        "Normalized Income": 376891000.0,
        "Net Income From Continuing And Discontinued Operation": 224000000.0,
        "Total Expenses": 2023000000.0,
        "Total Operating Income As Reported": 549000000.0,
        "Diluted Average Shares": 507000000.0,
        "Basic Average Shares": 503000000.0,
        "Diluted EPS": 0.45,
        "Basic EPS": 0.45,
        "Diluted NI Availto Com Stockholders": 224000000.0,
        "Net Income Common Stockholders": 224000000.0,
        "Net Income": 224000000.0,
        "Net Income Including Noncontrolling Interests": 224000000.0,
        "Net Income Discontinuous Operations": -2000000.0,
        "Net Income Continuous Operations": 226000000.0,
        "Tax Provision": 102000000.0,
        "Pretax Income": 328000000.0,
        "Other Income Expense": -219000000.0,
        "Gain On Sale Of Security": -219000000.0,
        "Net Non Operating Interest Income Expense": -2000000.0,
        "Interest Expense Non Operating": 65000000.0,
        "Interest Income Non Operating": 63000000.0,
        "Operating Income": 549000000.0,
        "Operating Expense": 1288000000.0,
        "Other Operating Expenses": 86000000.0,
        "Depreciation Amortization Depletion Income Statement": 5000000.0,
        "Depreciation And Amortization In Income Statement": 5000000.0,
        "Amortization": 5000000.0,
        "Amortization Of Intangibles Income Statement": 5000000.0,
        "Research And Development": 379000000.0,
        "Selling General And Administration": 818000000.0,
        "Selling And Marketing Expense": 577000000.0,
        "General And Administrative Expense": 241000000.0,
        "Other Gand A": 241000000.0,
        "Gross Profit": 1837000000.0,
        "Cost Of Revenue": 735000000.0,
        "Total Revenue": 2572000000.0,
        "Operating Revenue": 2572000000.0
    },
    "2024-09-30": {
        "Tax Effect Of Unusual Items": 38986000.0,
        "Tax Rate For Calcs": 0.202,
        "Normalized EBITDA": 759000000.0,
        "Total Unusual Items": 193000000.0,
        "Total Unusual Items Excluding Goodwill": 193000000.0,
        "Net Income From Continuing Operation Net Minority Interest": 636000000.0,
        "Reconciled Depreciation": 92000000.0,
        "Reconciled Cost Of Revenue": 640000000.0,
        "EBITDA": 952000000.0,
        "EBIT": 860000000.0,
        "Net Interest Income": 9000000.0,
        "Interest Expense": 63000000.0,
        "Interest Income": 72000000.0,
        "Normalized Income": 481986000.0,
        "Net Income From Continuing And Discontinued Operation": 634000000.0,
        "Total Expenses": 1981000000.0,
        "Total Operating Income As Reported": 595000000.0,
        "Diluted Average Shares": 494000000.0,
        "Basic Average Shares": 487000000.0,
        "Diluted EPS": 1.29,
        "Basic EPS": 1.31,
        "Diluted NI Availto Com Stockholders": 634000000.0,
        "Net Income Common Stockholders": 634000000.0,
        "Net Income": 634000000.0,
        "Net Income Including Noncontrolling Interests": 634000000.0,
        "Net Income Discontinuous Operations": -2000000.0,
        "Net Income Continuous Operations": 636000000.0,
        "Tax Provision": 161000000.0,
        "Pretax Income": 797000000.0,
        "Other Income Expense": 193000000.0,
        "Gain On Sale Of Security": 193000000.0,
        "Net Non Operating Interest Income Expense": 9000000.0,
        "Interest Expense Non Operating": 63000000.0,
        "Interest Income Non Operating": 72000000.0,
        "Operating Income": 595000000.0,
        "Operating Expense": 1254000000.0,
        "Other Operating Expenses": 89000000.0,
        "Depreciation Amortization Depletion Income Statement": 5000000.0,
        "Depreciation And Amortization In Income Statement": 5000000.0,
        "Amortization": 5000000.0,
        "Amortization Of Intangibles Income Statement": 5000000.0,
        "Research And Development": 374000000.0,
        "Selling General And Administration": 786000000.0,
        "Selling And Marketing Expense": 592000000.0,
        "General And Administrative Expense": 194000000.0,
        "Other Gand A": 194000000.0,
        "Gross Profit": 1849000000.0,
        "Cost Of Revenue": 727000000.0,
        "Total Revenue": 2576000000.0,
        "Operating Revenue": 2576000000.0
    },
    "2024-12-31": {
        "Tax Effect Of Unusual Items": 13230000.0,
        "Tax Rate For Calcs": 0.21,
        "Normalized EBITDA": 698000000.0,
        "Total Unusual Items": 63000000.0,
        "Total Unusual Items Excluding Goodwill": 63000000.0,
        "Net Income From Continuing Operation Net Minority Interest": 680000000.0,
        "Reconciled Depreciation": 79000000.0,
        "Reconciled Cost Of Revenue": 645000000.0,
        "EBITDA": 761000000.0,
        "EBIT": 682000000.0,
        "Net Interest Income": 11000000.0,
        "Interest Expense": 65000000.0,
        "Interest Income": 76000000.0,
        "Normalized Income": 630230000.0,
        "Net Income From Continuing And Discontinued Operation": 679000000.0,
        "Total Expenses": 2036000000.0,
        "Total Operating Income As Reported": 543000000.0,
        "Diluted Average Shares": 485000000.0,
        "Basic Average Shares": 477000000.0,
        "Diluted EPS": 1.4,
        "Basic EPS": 1.43,
        "Diluted NI Availto Com Stockholders": 679000000.0,
        "Net Income Common Stockholders": 679000000.0,
        "Net Income": 679000000.0,
        "Net Income Including Noncontrolling Interests": 679000000.0,
        "Net Income Discontinuous Operations": -1000000.0,
        "Net Income Continuous Operations": 680000000.0,
        "Tax Provision": -63000000.0,
        "Pretax Income": 617000000.0,
        "Other Income Expense": 63000000.0,
        "Gain On Sale Of Security": 63000000.0,
        "Net Non Operating Interest Income Expense": 11000000.0,
        "Interest Expense Non Operating": 65000000.0,
        "Interest Income Non Operating": 76000000.0,
        "Operating Income": 543000000.0,
        "Operating Expense": 1318000000.0,
        "Other Operating Expenses": 87000000.0,
        "Depreciation Amortization Depletion Income Statement": 6000000.0,
        "Depreciation And Amortization In Income Statement": 6000000.0,
        "Amortization": 6000000.0,
        "Amortization Of Intangibles Income Statement": 6000000.0,
        "Research And Development": 375000000.0,
        "Selling General And Administration": 850000000.0,
        "Selling And Marketing Expense": 609000000.0,
        "General And Administrative Expense": 241000000.0,
        "Other Gand A": 241000000.0,
        "Gross Profit": 1861000000.0,
        "Cost Of Revenue": 718000000.0,
        "Total Revenue": 2579000000.0,
        "Operating Revenue": 2579000000.0
    },
    "2025-03-31": {
        "Tax Effect Of Unusual Items": 408000.0,
        "Tax Rate For Calcs": 0.204,
        "Normalized EBITDA": 772000000.0,
        "Total Unusual Items": 2000000.0,
        "Total Unusual Items Excluding Goodwill": 2000000.0,
        "Net Income From Continuing Operation Net Minority Interest": 505000000.0,
        "Reconciled Depreciation": 79000000.0,
        "Reconciled Cost Of Revenue": 650000000.0,
        "EBITDA": 774000000.0,
        "EBIT": 695000000.0,
        "Net Interest Income": 16000000.0,
        "Interest Expense": 61000000.0,
        "Interest Income": 77000000.0,
        "Normalized Income": 503408000.0,
        "Net Income From Continuing And Discontinued Operation": 503000000.0,
        "Total Expenses": 1969000000.0,
        "Total Operating Income As Reported": 616000000.0,
        "Diluted Average Shares": 475000000.0,
        "Basic Average Shares": 467000000.0,
        "Diluted EPS": 1.06,
        "Basic EPS": 1.08,
        "Diluted NI Availto Com Stockholders": 503000000.0,
        "Net Income Common Stockholders": 503000000.0,
        "Net Income": 503000000.0,
        "Net Income Including Noncontrolling Interests": 503000000.0,
        "Net Income Discontinuous Operations": -2000000.0,
        "Net Income Continuous Operations": 505000000.0,
        "Tax Provision": 129000000.0,
        "Pretax Income": 634000000.0,
        "Other Income Expense": 2000000.0,
        "Gain On Sale Of Security": 2000000.0,
        "Net Non Operating Interest Income Expense": 16000000.0,
        "Interest Expense Non Operating": 61000000.0,
        "Interest Income Non Operating": 77000000.0,
        "Operating Income": 616000000.0,
        "Operating Expense": 1246000000.0,
        "Other Operating Expenses": 81000000.0,
        "Depreciation Amortization Depletion Income Statement": 6000000.0,
        "Depreciation And Amortization In Income Statement": 6000000.0,
        "Amortization": 6000000.0,
        "Amortization Of Intangibles Income Statement": 6000000.0,
        "Research And Development": 362000000.0,
        "Selling General And Administration": 797000000.0,
        "Selling And Marketing Expense": 536000000.0,
        "General And Administrative Expense": 261000000.0,
        "Other Gand A": 261000000.0,
        "Gross Profit": 1862000000.0,
        "Cost Of Revenue": 723000000.0,
        "Total Revenue": 2585000000.0,
        "Operating Revenue": 2585000000.0
    },
    "2025-06-30": {
        "Tax Effect Of Unusual Items": -2037735.849057,
        "Tax Rate For Calcs": 0.226415,
        "Normalized EBITDA": 655000000.0,
        "Total Unusual Items": -9000000.0,
        "Total Unusual Items Excluding Goodwill": -9000000.0,
        "Net Income From Continuing Operation Net Minority Interest": 369000000.0,
        "Reconciled Depreciation": 107000000.0,
        "Reconciled Cost Of Revenue": 675000000.0,
        "EBITDA": 646000000.0,
        "EBIT": 539000000.0,
        "Net Interest Income": 2000000.0,
        "Interest Expense": 62000000.0,
        "Interest Income": 64000000.0,
        "Normalized Income": 375962264.150943,
        "Net Income From Continuing And Discontinued Operation": 368000000.0,
        "Total Expenses": 2246000000.0,
        "Total Operating Income As Reported": 484000000.0,
        "Diluted Average Shares": 470000000.0,
        "Basic Average Shares": 461000000.0,
        "Diluted EPS": 0.79,
        "Basic EPS": 0.8,
        "Diluted NI Availto Com Stockholders": 368000000.0,
        "Net Income Common Stockholders": 368000000.0,
        "Net Income": 368000000.0,
        "Net Income Including Noncontrolling Interests": 368000000.0,
        "Net Income Discontinuous Operations": -1000000.0,
        "Net Income Continuous Operations": 369000000.0,
        "Tax Provision": 108000000.0,
        "Pretax Income": 477000000.0,
        "Other Income Expense": -9000000.0,
        "Gain On Sale Of Security": -9000000.0,
        "Net Non Operating Interest Income Expense": 2000000.0,
        "Interest Expense Non Operating": 62000000.0,
        "Interest Income Non Operating": 64000000.0,
        "Operating Income": 484000000.0,
        "Operating Expense": 1470000000.0,
        "Other Operating Expenses": 86000000.0,
        "Depreciation Amortization Depletion Income Statement": 6000000.0,
        "Depreciation And Amortization In Income Statement": 6000000.0,
        "Amortization": 6000000.0,
        "Amortization Of Intangibles Income Statement": 6000000.0,
        "Research And Development": 421000000.0,
        "Selling General And Administration": 957000000.0,
        "Selling And Marketing Expense": 586000000.0,
        "General And Administrative Expense": 371000000.0,
        "Other Gand A": 371000000.0,
        "Gross Profit": 1954000000.0,
        "Cost Of Revenue": 776000000.0,
        "Total Revenue": 2730000000.0,
        "Operating Revenue": 2730000000.0
    }
}