{
    "2023-03-31": {
        "Tax Effect Of Unusual Items": 0.0,
        "Tax Rate For Calcs": 0.0,
        "Normalized EBITDA": 845613.0,
        "Total Unusual Items": -359150.0,
        "Total Unusual Items Excluding Goodwill": -359150.0,
        "Net Income From Continuing Operation Net Minority Interest": -4011675.0,
        "Reconciled Depreciation": 1810061.0,
        "Reconciled Cost Of Revenue": 6592199.0,
        "EBITDA": 486463.0,
        "EBIT": -1323598.0,
        "Net Interest Income": -2688077.0,
        "Interest Expense": 2688077.0,
        "Normalized Income": -3652525.0,
        "Net Income From Continuing And Discontinued Operation": -4011675.0,
        "Total Expenses": 12544938.0,
        "Total Operating Income As Reported": -964448.0,
        "Diluted Average Shares": 21987679.0,
        "Basic Average Shares": 21987679.0,
        "Diluted EPS": -0.25,
        "Basic EPS": -0.25,
        "Diluted NI Availto Com Stockholders": -5569251.0,
        "Net Income Common Stockholders": -5569251.0,
        "Preferred Stock Dividends": 1557576.0,
        "Net Income": -4011675.0,
        "Net Income Including Noncontrolling Interests": -4011675.0,
        "Net Income Continuous Operations": -4011675.0,
        "Tax Provision": 0.0,
        "Pretax Income": -4011675.0,
        "Other Income Expense": -359150.0,
        "Special Income Charges": 0.0,
        "Impairment Of Capital Assets": NaN,
        "Restructuring And Mergern Acquisition": 0.0,
        "Gain On Sale Of Security": -359150.0,
        "Net Non Operating Interest Income Expense": -2688077.0,
        "Interest Expense Non Operating": 2688077.0,
        "Operating Income": -964448.0,
        "Operating Expense": 5952739.0,
        "Research And Development": 242035.0,
        "Selling General And Administration": 5710704.0,
        "Selling And Marketing Expense": 2313235.0,
        "General And Administrative Expense": 3397469.0,
        "Other Gand A": 3397469.0,
        "Gross Profit": 4988291.0,
        "Cost Of Revenue": 6592199.0,
        "Total Revenue": 11580490.0,
        "Operating Revenue": 11580490.0
    },
    "2022-12-31": {
        "Tax Effect Of Unusual Items": 0.0,
        "Tax Rate For Calcs": 0.0,
        "Normalized EBITDA": -471350.0,
        "Total Unusual Items": -2371498.0,
        "Total Unusual Items Excluding Goodwill": -2371498.0,
        "Net Income From Continuing Operation Net Minority Interest": -7557765.0,
        "Reconciled Depreciation": 1683569.0,
        "Reconciled Cost Of Revenue": 8518622.0,
        "EBITDA": -2842848.0,
        "EBIT": -4526417.0,
        "Net Interest Income": -3031348.0,
        "Interest Expense": 3031348.0,
        "Normalized Income": -5186267.0,
        "Net Income From Continuing And Discontinued Operation": -7557765.0,
        "Total Expenses": 16562883.0,
        "Total Operating Income As Reported": -2154919.0,
        "Diluted Average Shares": 17108464.0,
        "Basic Average Shares": 17108464.0,
        "Diluted EPS": -0.53,
        "Basic EPS": -0.53,
        "Diluted NI Availto Com Stockholders": -9094734.0,
        "Net Income Common Stockholders": -9094734.0,
        "Preferred Stock Dividends": 1536969.0,
        "Net Income": -7557765.0,
        "Net Income Including Noncontrolling Interests": -7557765.0,
        "Net Income Continuous Operations": -7557765.0,
        "Tax Provision": 0.0,
        "Pretax Income": -7557765.0,
        "Other Income Expense": -2371498.0,
        "Special Income Charges": 0.0,
        "Impairment Of Capital Assets": NaN,
        "Restructuring And Mergern Acquisition": 0.0,
        "Gain On Sale Of Security": -2371498.0,
        "Net Non Operating Interest Income Expense": -3031348.0,
        "Interest Expense Non Operating": 3031348.0,
        "Operating Income": -2154919.0,
        "Operating Expense": 8044261.0,
        "Research And Development": 294073.0,
        "Selling General And Administration": 7750188.0,
        "Selling And Marketing Expense": 4367395.0,
        "General And Administrative Expense": 3382793.0,
        "Other Gand A": 3382793.0,
        "Gross Profit": 5889342.0,
        "Cost Of Revenue": 8518622.0,
        "Total Revenue": 14407964.0,
        "Operating Revenue": 14407964.0
    },
    "2022-09-30": {
        "Tax Effect Of Unusual Items": 0.0,
        "Tax Rate For Calcs": 0.0,
        "Normalized EBITDA": -3107344.0,
        "Total Unusual Items": -2677510.0,
        "Total Unusual Items Excluding Goodwill": -2677510.0,
        "Net Income From Continuing Operation Net Minority Interest": -11726801.0,
        "Reconciled Depreciation": 1782289.0,
        "Reconciled Cost Of Revenue": 8476576.0,
        "EBITDA": -5784854.0,
        "EBIT": -7567143.0,
        "Net Interest Income": -4159658.0,
        "Interest Expense": 4159658.0,
        "Normalized Income": -9049291.0,
        "Net Income From Continuing And Discontinued Operation": -11726801.0,
        "Total Expenses": 19175223.0,
        "Total Operating Income As Reported": -8741136.0,
        "Diluted Average Shares": 16556197.0,
        "Basic Average Shares": 16556197.0,
        "Diluted EPS": -0.8,
        "Basic EPS": -0.8,
        "Diluted NI Availto Com Stockholders": -13210067.0,
        "Net Income Common Stockholders": -13210067.0,
        "Preferred Stock Dividends": 1483266.0,
        "Net Income": -11726801.0,
        "Net Income Including Noncontrolling Interests": -11726801.0,
        "Net Income Continuous Operations": -11726801.0,
        "Tax Provision": 0.0,
        "Pretax Income": -11726801.0,
        "Other Income Expense": -2677510.0,
        "Special Income Charges": -3851503.0,
        "Impairment Of Capital Assets": NaN,
        "Restructuring And Mergern Acquisition": 0.0,
        "Gain On Sale Of Security": 1173993.0,
        "Net Non Operating Interest Income Expense": -4159658.0,
        "Interest Expense Non Operating": 4159658.0,
        "Operating Income": -4889633.0,
        "Operating Expense": 10698647.0,
        "Research And Development": 723518.0,
        "Selling General And Administration": 9975129.0,
        "Selling And Marketing Expense": 4788894.0,
        "General And Administrative Expense": 5186235.0,
        "Other Gand A": 5186235.0,
        "Gross Profit": 5809014.0,
        "Cost Of Revenue": 8476576.0,
        "Total Revenue": 14285590.0,
        "Operating Revenue": 14285590.0
    },
    "2022-06-30": {
        "Tax Effect Of Unusual Items": 0.0,
        "Tax Rate For Calcs": 0.0,
        "Normalized EBITDA": -5016966.0,
        "Total Unusual Items": -66552.0,
        "Total Unusual Items Excluding Goodwill": -66552.0,
        "Net Income From Continuing Operation Net Minority Interest": -8978700.0,
        "Reconciled Depreciation": 1974629.0,
        "Reconciled Cost Of Revenue": 10918796.0,
        "EBITDA": -5083518.0,
        "EBIT": -7058147.0,
        "Net Interest Income": -1920553.0,
        "Interest Expense": 1920553.0,
        "Normalized Income": -8912148.0,
        "Net Income From Continuing And Discontinued Operation": -8978700.0,
        "Total Expenses": 25160110.0,
        "Total Operating Income As Reported": -6991595.0,
        "Diluted Average Shares": 14842497.0,
        "Basic Average Shares": 14842497.0,
        "Diluted EPS": -0.7,
        "Basic EPS": -0.7,
        "Diluted NI Availto Com Stockholders": -10394942.0,
        "Net Income Common Stockholders": -10394942.0,
        "Preferred Stock Dividends": 1416242.0,
        "Net Income": -8978700.0,
        "Net Income Including Noncontrolling Interests": -8978700.0,
        "Net Income Continuous Operations": -8978700.0,
        "Tax Provision": 0.0,
        "Pretax Income": -8978700.0,
        "Other Income Expense": -66552.0,
        "Special Income Charges": 0.0,
        "Impairment Of Capital Assets": NaN,
        "Restructuring And Mergern Acquisition": 0.0,
        "Gain On Sale Of Security": -66552.0,
        "Net Non Operating Interest Income Expense": -1920553.0,
        "Interest Expense Non Operating": 1920553.0,
        "Operating Income": -6991595.0,
        "Operating Expense": 14241314.0,
        "Research And Development": 1115165.0,
        "Selling General And Administration": 13126149.0,
        "Selling And Marketing Expense": 9262851.0,
        "General And Administrative Expense": 3863298.0,
        "Other Gand A": 3863298.0,
        "Gross Profit": 7249719.0,
        "Cost Of Revenue": 10918796.0,
        "Total Revenue": 18168515.0,
        "Operating Revenue": 18168515.0
    },
    "2022-03-31": {
        "Diluted EPS": -0.93,
        "Total Revenue": 19,
        "Gross Profit": 7,
        "Operating Income": -9,
        "EBIT": -6,
        "Net Income": -13
    },
    "2021-12-31": {
        "Diluted EPS": -0.68,
        "Total Revenue": 7,
        "Gross Profit": 3,
        "Operating Income": -8,
        "EBIT": -7,
        "Net Income": -9
    },
    "2021-09-30": {
        "Diluted EPS": -0.36,
        "Total Revenue": 0,
        "Gross Profit": 0,
        "Operating Income": -6,
        "EBIT": -5,
        "Net Income": -6
    },
    "2021-06-30": {
        "Diluted EPS": -0.38,
        "Total Revenue": 0,
        "Gross Profit": 0,
        "Operating Income": -4,
        "EBIT": -3,
        "Net Income": -4
    },
    "2021-03-31": {
        "Diluted EPS": -0.22,
        "Total Revenue": 0,
        "Gross Profit": 0,
        "Operating Income": -2,
        "EBIT": -2,
        "Net Income": -2
    },
    "2020-12-31": {
        "Diluted EPS": -0.37,
        "Total Revenue": 0,
        "Gross Profit": 0,
        "Operating Income": -2,
        "EBIT": -2,
        "Net Income": -3
    },
    "2020-09-30": {
        "Diluted EPS": 0.0,
        "Total Revenue": NaN,
        "Gross Profit": NaN,
        "Operating Income": NaN,
        "EBIT": NaN,
        "Net Income": NaN
    },
    "2020-06-30": {
        "Diluted EPS": 0.0,
        "Total Revenue": 0,
        "Gross Profit": 0,
        "Operating Income": 0,
        "EBIT": 0,
        "Net Income": 0
    },
    "2020-03-31": {
        "Diluted EPS": 0.0,
        "Total Revenue": 0,
        "Gross Profit": 0,
        "Operating Income": 0,
        "EBIT": 0,
        "Net Income": 0
    },
    "2019-09-30": {
        "Diluted EPS": 0.0,
        "Total Revenue": NaN,
        "Gross Profit": NaN,
        "Operating Income": NaN,
        "EBIT": NaN,
        "Net Income": NaN
    },
    "2023-06-30": {
        "Tax Effect Of Unusual Items": 0.0,
        "Tax Rate For Calcs": 0.0,
        "Normalized EBITDA": -158662.0,
        "Total Unusual Items": -31831358.0,
        "Total Unusual Items Excluding Goodwill": -31831358.0,
        "Net Income From Continuing Operation Net Minority Interest": -43730398.0,
        "Reconciled Depreciation": 1916015.0,
        "Reconciled Cost Of Revenue": 4203293.0,
        "EBITDA": -31990020.0,
        "EBIT": -33906035.0,
        "Net Interest Income": -9824363.0,
        "Interest Expense": 9824363.0,
        "Normalized Income": -11899040.0,
        "Net Income From Continuing And Discontinued Operation": -43730398.0,
        "Total Expenses": 10049194.0,
        "Total Operating Income As Reported": -34728303.0,
        "Diluted Average Shares": 25908005.0,
        "Basic Average Shares": 25908005.0,
        "Diluted EPS": -1.73,
        "Basic EPS": -1.73,
        "Diluted NI Availto Com Stockholders": -44722672.0,
        "Net Income Common Stockholders": -44722672.0,
        "Preferred Stock Dividends": 992274.0,
        "Net Income": -43730398.0,
        "Net Income Including Noncontrolling Interests": -43730398.0,
        "Net Income Continuous Operations": -43730398.0,
        "Tax Provision": 0.0,
        "Pretax Income": -43730398.0,
        "Other Income Expense": -31831358.0,
        "Special Income Charges": -32653626.0,
        "Impairment Of Capital Assets": 32653626.0,
        "Restructuring And Mergern Acquisition": 0.0,
        "Gain On Sale Of Security": 822268.0,
        "Net Non Operating Interest Income Expense": -9824363.0,
        "Interest Expense Non Operating": 9824363.0,
        "Operating Income": -2074677.0,
        "Operating Expense": 5845901.0,
        "Research And Development": 280201.0,
        "Selling General And Administration": 5565700.0,
        "Selling And Marketing Expense": 1980211.0,
        "General And Administrative Expense": 3585489.0,
        "Other Gand A": 3585489.0,
        "Gross Profit": 3771224.0,
        "Cost Of Revenue": 4203293.0,
        "Total Revenue": 7974517.0,
        "Operating Revenue": 7974517.0
    }
}