{
    "2023-03-31": {
        "Tax Effect Of Unusual Items": NaN,
        "Tax Rate For Calcs": NaN,
        "Normalized EBITDA": NaN,
        "Total Unusual Items": 297135000000.0,
        "Total Unusual Items Excluding Goodwill": 297135000000.0,
        "Net Income From Continuing Operation Net Minority Interest": NaN,
        "Reconciled Depreciation": 3162768000000.0,
        "Reconciled Cost Of Revenue": NaN,
        "EBITDA": NaN,
        "EBIT": NaN,
        "Net Interest Income": NaN,
        "Interest Expense": 2357367000000.0,
        "Interest Income": 553488000000.0,
        "Normalized Income": NaN,
        "Net Income From Continuing And Discontinued Operation": NaN,
        "Total Expenses": NaN,
        "Total Operating Income As Reported": NaN,
        "Diluted Average Shares": NaN,
        "Basic Average Shares": NaN,
        "Diluted EPS": NaN,
        "Basic EPS": NaN,
        "Diluted NI Availto Com Stockholders": NaN,
        "Net Income Common Stockholders": NaN,
        "Net Income": NaN,
        "Minority Interests": NaN,
        "Net Income Including Noncontrolling Interests": NaN,
        "Net Income Continuous Operations": NaN,
        "Tax Provision": NaN,
        "Pretax Income": NaN,
        "Other Income Expense": NaN,
        "Special Income Charges": -92000000.0,
        "Gain On Sale Of Ppe": NaN,
        "Other Special Charges": NaN,
        "Write Off": NaN,
        "Impairment Of Capital Assets": 92000000.0,
        "Earnings From Equity Interest": NaN,
        "Gain On Sale Of Security": 297227000000.0,
        "Net Non Operating Interest Income Expense": NaN,
        "Total Other Finance Cost": NaN,
        "Interest Expense Non Operating": 2357367000000.0,
        "Interest Income Non Operating": 553488000000.0,
        "Operating Income": NaN,
        "Operating Expense": NaN,
        "Other Operating Expenses": NaN,
        "Other Taxes": 241811000000.0,
        "Depreciation Amortization Depletion Income Statement": 153358000000.0,
        "Depreciation And Amortization In Income Statement": 153358000000.0,
        "Selling General And Administration": 1426483000000.0,
        "Selling And Marketing Expense": 406668000000.0,
        "General And Administrative Expense": 1019815000000.0,
        "Other Gand A": 466442000000.0,
        "Salaries And Wages": 553373000000.0,
        "Gross Profit": NaN,
        "Cost Of Revenue": NaN,
        "Total Revenue": NaN,
        "Operating Revenue": NaN
    },
    "2022-12-31": {
        "Tax Effect Of Unusual Items": NaN,
        "Tax Rate For Calcs": NaN,
        "Normalized EBITDA": NaN,
        "Total Unusual Items": -1096676000000.0,
        "Total Unusual Items Excluding Goodwill": -1096676000000.0,
        "Net Income From Continuing Operation Net Minority Interest": NaN,
        "Reconciled Depreciation": 3372165000000.0,
        "Reconciled Cost Of Revenue": NaN,
        "EBITDA": NaN,
        "EBIT": NaN,
        "Net Interest Income": NaN,
        "Interest Expense": 2075649000000.0,
        "Interest Income": 353038000000.0,
        "Normalized Income": NaN,
        "Net Income From Continuing And Discontinued Operation": NaN,
        "Total Expenses": NaN,
        "Total Operating Income As Reported": NaN,
        "Diluted Average Shares": NaN,
        "Basic Average Shares": NaN,
        "Diluted EPS": NaN,
        "Basic EPS": NaN,
        "Diluted NI Availto Com Stockholders": NaN,
        "Net Income Common Stockholders": NaN,
        "Net Income": NaN,
        "Minority Interests": NaN,
        "Net Income Including Noncontrolling Interests": NaN,
        "Net Income Continuous Operations": NaN,
        "Tax Provision": NaN,
        "Pretax Income": NaN,
        "Other Income Expense": NaN,
        "Special Income Charges": -1382745000000.0,
        "Gain On Sale Of Ppe": -125263000000.0,
        "Other Special Charges": 826694000000.0,
        "Write Off": 150397000000.0,
        "Impairment Of Capital Assets": 280391000000.0,
        "Earnings From Equity Interest": NaN,
        "Gain On Sale Of Security": 286069000000.0,
        "Net Non Operating Interest Income Expense": NaN,
        "Total Other Finance Cost": NaN,
        "Interest Expense Non Operating": 2075649000000.0,
        "Interest Income Non Operating": 353038000000.0,
        "Operating Income": NaN,
        "Operating Expense": NaN,
        "Other Operating Expenses": NaN,
        "Other Taxes": 225044000000.0,
        "Depreciation Amortization Depletion Income Statement": 330354000000.0,
        "Depreciation And Amortization In Income Statement": 330354000000.0,
        "Depreciation Income Statement": 330354000000.0,
        "Selling General And Administration": 1749167000000.0,
        "Selling And Marketing Expense": 430071000000.0,
        "General And Administrative Expense": 1319096000000.0,
        "Other Gand A": 770800000000.0,
        "Salaries And Wages": 548296000000.0,
        "Gross Profit": NaN,
        "Cost Of Revenue": NaN,
        "Total Revenue": NaN,
        "Operating Revenue": NaN
    },
    "2022-09-30": {
        "Tax Effect Of Unusual Items": NaN,
        "Tax Rate For Calcs": NaN,
        "Normalized EBITDA": NaN,
        "Total Unusual Items": 167940000000.0,
        "Total Unusual Items Excluding Goodwill": 167940000000.0,
        "Net Income From Continuing Operation Net Minority Interest": NaN,
        "Reconciled Depreciation": 3191826000000.0,
        "Reconciled Cost Of Revenue": NaN,
        "EBITDA": NaN,
        "EBIT": NaN,
        "Net Interest Income": NaN,
        "Interest Expense": NaN,
        "Interest Income": NaN,
        "Normalized Income": NaN,
        "Net Income From Continuing And Discontinued Operation": NaN,
        "Total Expenses": NaN,
        "Total Operating Income As Reported": NaN,
        "Diluted Average Shares": NaN,
        "Basic Average Shares": NaN,
        "Diluted EPS": NaN,
        "Basic EPS": NaN,
        "Diluted NI Availto Com Stockholders": NaN,
        "Net Income Common Stockholders": NaN,
        "Net Income": NaN,
        "Minority Interests": NaN,
        "Net Income Including Noncontrolling Interests": NaN,
        "Net Income Continuous Operations": NaN,
        "Tax Provision": NaN,
        "Pretax Income": NaN,
        "Other Income Expense": NaN,
        "Special Income Charges": 395633000000.0,
        "Gain On Sale Of Ppe": NaN,
        "Other Special Charges": NaN,
        "Write Off": NaN,
        "Impairment Of Capital Assets": -484000000.0,
        "Earnings From Equity Interest": NaN,
        "Gain On Sale Of Security": -227693000000.0,
        "Net Non Operating Interest Income Expense": NaN,
        "Total Other Finance Cost": NaN,
        "Interest Expense Non Operating": NaN,
        "Interest Income Non Operating": NaN,
        "Operating Income": NaN,
        "Operating Expense": NaN,
        "Other Operating Expenses": NaN,
        "Other Taxes": NaN,
        "Depreciation Amortization Depletion Income Statement": NaN,
        "Depreciation And Amortization In Income Statement": NaN,
        "Depreciation Income Statement": NaN,
        "Selling General And Administration": -912021000000.0,
        "Selling And Marketing Expense": NaN,
        "General And Administrative Expense": -912021000000.0,
        "Other Gand A": -2391027000000.0,
        "Salaries And Wages": NaN,
        "Gross Profit": NaN,
        "Cost Of Revenue": NaN,
        "Total Revenue": NaN,
        "Operating Revenue": NaN
    },
    "2022-06-30": {
        "Tax Effect Of Unusual Items": -59220000000.0,
        "Tax Rate For Calcs": 0.315,
        "Normalized EBITDA": 21654000000000.0,
        "Total Unusual Items": -188000000000.0,
        "Total Unusual Items Excluding Goodwill": -188000000000.0,
        "Net Income From Continuing Operation Net Minority Interest": 10470000000000.0,
        "Reconciled Depreciation": 2856000000000.0,
        "Reconciled Cost Of Revenue": 23078000000000.0,
        "EBITDA": 21466000000000.0,
        "EBIT": 18610000000000.0,
        "Net Interest Income": -1805000000000.0,
        "Interest Expense": NaN,
        "Interest Income": NaN,
        "Normalized Income": 10598780000000.0,
        "Net Income From Continuing And Discontinued Operation": 10470000000000.0,
        "Total Expenses": 25275000000000.0,
        "Total Operating Income As Reported": 18608000000000.0,
        "Diluted Average Shares": 2055834734.0,
        "Basic Average Shares": 2055834734.0,
        "Diluted EPS": 5092.821824,
        "Basic EPS": 5092.821824,
        "Diluted NI Availto Com Stockholders": 10470000000000.0,
        "Net Income Common Stockholders": 10470000000000.0,
        "Net Income": 10470000000000.0,
        "Minority Interests": -1075000000000.0,
        "Net Income Including Noncontrolling Interests": 11545000000000.0,
        "Net Income Extraordinary": NaN,
        "Net Income Continuous Operations": 11545000000000.0,
        "Tax Provision": 5309000000000.0,
        "Pretax Income": 16854000000000.0,
        "Other Income Expense": 49000000000.0,
        "Special Income Charges": -2000000000.0,
        "Gain On Sale Of Ppe": NaN,
        "Other Special Charges": NaN,
        "Write Off": NaN,
        "Impairment Of Capital Assets": 2000000000.0,
        "Earnings From Equity Interest": 237000000000.0,
        "Gain On Sale Of Security": -186000000000.0,
        "Net Non Operating Interest Income Expense": -1805000000000.0,
        "Total Other Finance Cost": 1805000000000.0,
        "Interest Expense Non Operating": NaN,
        "Interest Income Non Operating": NaN,
        "Operating Income": 18610000000000.0,
        "Operating Expense": 2197000000000.0,
        "Other Operating Expenses": 445000000000.0,
        "Other Taxes": NaN,
        "Depreciation Amortization Depletion Income Statement": NaN,
        "Depreciation And Amortization In Income Statement": NaN,
        "Depreciation Income Statement": NaN,
        "Selling General And Administration": 1752000000000.0,
        "General And Administrative Expense": 1752000000000.0,
        "Other Gand A": 1752000000000.0,
        "Salaries And Wages": NaN,
        "Gross Profit": 20807000000000.0,
        "Cost Of Revenue": 23078000000000.0,
        "Total Revenue": 43885000000000.0,
        "Operating Revenue": 43885000000000.0
    },
    "2023-09-30": {
        "Tax Effect Of Unusual Items": 0.0,
        "Tax Rate For Calcs": 0.35,
        "Normalized EBITDA": 11816000000000.0,
        "Total Unusual Items": NaN,
        "Total Unusual Items Excluding Goodwill": NaN,
        "Net Income From Continuing Operation Net Minority Interest": 5086000000000.0,
        "Reconciled Depreciation": NaN,
        "Reconciled Cost Of Revenue": 20605000000000.0,
        "EBITDA": 11816000000000.0,
        "EBIT": 11816000000000.0,
        "Net Interest Income": -630000000000.0,
        "Interest Expense": NaN,
        "Interest Income": NaN,
        "Normalized Income": 5086000000000.0,
        "Net Income From Continuing And Discontinued Operation": 5086000000000.0,
        "Total Expenses": 23314000000000.0,
        "Total Operating Income As Reported": 11816000000000.0,
        "Diluted Average Shares": 2055834735.0,
        "Basic Average Shares": 2055834735.0,
        "Diluted EPS": 2473.934268,
        "Basic EPS": 2473.934268,
        "Diluted NI Availto Com Stockholders": 5086000000000.0,
        "Net Income Common Stockholders": 5086000000000.0,
        "Net Income": 5086000000000.0,
        "Minority Interests": -902000000000.0,
        "Net Income Including Noncontrolling Interests": 5988000000000.0,
        "Net Income Continuous Operations": 5988000000000.0,
        "Tax Provision": 5307000000000.0,
        "Pretax Income": 11295000000000.0,
        "Other Income Expense": 109000000000.0,
        "Special Income Charges": NaN,
        "Gain On Sale Of Ppe": NaN,
        "Other Special Charges": NaN,
        "Write Off": NaN,
        "Impairment Of Capital Assets": NaN,
        "Earnings From Equity Interest": 109000000000.0,
        "Gain On Sale Of Security": NaN,
        "Net Non Operating Interest Income Expense": -630000000000.0,
        "Total Other Finance Cost": 630000000000.0,
        "Interest Expense Non Operating": NaN,
        "Interest Income Non Operating": NaN,
        "Operating Income": 11816000000000.0,
        "Operating Expense": 2709000000000.0,
        "Other Operating Expenses": 2709000000000.0,
        "Other Taxes": NaN,
        "Depreciation Amortization Depletion Income Statement": NaN,
        "Depreciation And Amortization In Income Statement": NaN,
        "Selling General And Administration": NaN,
        "Selling And Marketing Expense": NaN,
        "General And Administrative Expense": NaN,
        "Other Gand A": NaN,
        "Salaries And Wages": NaN,
        "Gross Profit": 14525000000000.0,
        "Cost Of Revenue": 20605000000000.0,
        "Total Revenue": 35130000000000.0,
        "Operating Revenue": 35130000000000.0
    },
    "2023-12-31": {
        "Tax Effect Of Unusual Items": NaN,
        "Tax Rate For Calcs": NaN,
        "Normalized EBITDA": NaN,
        "Total Unusual Items": -1942755000000.0,
        "Total Unusual Items Excluding Goodwill": -1942755000000.0,
        "Net Income From Continuing Operation Net Minority Interest": NaN,
        "Reconciled Depreciation": 209368000000.0,
        "Reconciled Cost Of Revenue": NaN,
        "EBITDA": NaN,
        "EBIT": NaN,
        "Net Interest Income": NaN,
        "Interest Expense": 2311858000000.0,
        "Interest Income": 506300000000.0,
        "Normalized Income": NaN,
        "Net Income From Continuing And Discontinued Operation": NaN,
        "Total Expenses": NaN,
        "Total Operating Income As Reported": NaN,
        "Diluted Average Shares": NaN,
        "Basic Average Shares": NaN,
        "Diluted EPS": NaN,
        "Basic EPS": NaN,
        "Diluted NI Availto Com Stockholders": NaN,
        "Net Income Common Stockholders": NaN,
        "Net Income": NaN,
        "Minority Interests": NaN,
        "Net Income Including Noncontrolling Interests": NaN,
        "Net Income Continuous Operations": NaN,
        "Tax Provision": NaN,
        "Pretax Income": NaN,
        "Other Income Expense": NaN,
        "Special Income Charges": -2548586000000.0,
        "Gain On Sale Of Ppe": -106582000000.0,
        "Other Special Charges": 318362000000.0,
        "Write Off": 160952000000.0,
        "Impairment Of Capital Assets": 1962690000000.0,
        "Earnings From Equity Interest": NaN,
        "Gain On Sale Of Security": 605831000000.0,
        "Net Non Operating Interest Income Expense": NaN,
        "Total Other Finance Cost": NaN,
        "Interest Expense Non Operating": 2311858000000.0,
        "Interest Income Non Operating": 506300000000.0,
        "Operating Income": NaN,
        "Operating Expense": NaN,
        "Other Operating Expenses": NaN,
        "Other Taxes": 227312000000.0,
        "Depreciation Amortization Depletion Income Statement": 209368000000.0,
        "Depreciation And Amortization In Income Statement": 209368000000.0,
        "Selling General And Administration": 2008870000000.0,
        "Selling And Marketing Expense": 450513000000.0,
        "General And Administrative Expense": 1558357000000.0,
        "Other Gand A": 836060000000.0,
        "Salaries And Wages": 722297000000.0,
        "Gross Profit": NaN,
        "Cost Of Revenue": NaN,
        "Total Revenue": NaN,
        "Operating Revenue": NaN
    },
    "2024-03-31": {
        "Tax Effect Of Unusual Items": 0.0,
        "Tax Rate For Calcs": 0.365262,
        "Normalized EBITDA": 9802000000000.0,
        "Total Unusual Items": NaN,
        "Total Unusual Items Excluding Goodwill": NaN,
        "Net Income From Continuing Operation Net Minority Interest": 4012000000000.0,
        "Reconciled Depreciation": NaN,
        "Reconciled Cost Of Revenue": 19063000000000.0,
        "EBITDA": 9802000000000.0,
        "EBIT": 9802000000000.0,
        "Net Interest Income": -2002000000000.0,
        "Interest Expense": NaN,
        "Interest Income": NaN,
        "Normalized Income": 4012000000000.0,
        "Net Income From Continuing And Discontinued Operation": 4012000000000.0,
        "Total Expenses": 21500000000000.0,
        "Total Operating Income As Reported": 9802000000000.0,
        "Diluted Average Shares": 2055834735.0,
        "Basic Average Shares": 2055834735.0,
        "Diluted EPS": 1951.518734,
        "Basic EPS": 1951.518734,
        "Diluted NI Availto Com Stockholders": 4012000000000.0,
        "Net Income Common Stockholders": 4012000000000.0,
        "Net Income": 4012000000000.0,
        "Minority Interests": -1064000000000.0,
        "Net Income Including Noncontrolling Interests": 5076000000000.0,
        "Net Income Continuous Operations": 5076000000000.0,
        "Tax Provision": 2921000000000.0,
        "Pretax Income": 7997000000000.0,
        "Other Income Expense": 197000000000.0,
        "Special Income Charges": NaN,
        "Gain On Sale Of Ppe": NaN,
        "Other Special Charges": NaN,
        "Write Off": NaN,
        "Impairment Of Capital Assets": NaN,
        "Earnings From Equity Interest": 197000000000.0,
        "Gain On Sale Of Security": NaN,
        "Net Non Operating Interest Income Expense": -2002000000000.0,
        "Total Other Finance Cost": 2002000000000.0,
        "Interest Expense Non Operating": NaN,
        "Interest Income Non Operating": NaN,
        "Operating Income": 9802000000000.0,
        "Operating Expense": 2437000000000.0,
        "Other Operating Expenses": 2437000000000.0,
        "Other Taxes": NaN,
        "Depreciation Amortization Depletion Income Statement": NaN,
        "Depreciation And Amortization In Income Statement": NaN,
        "Selling General And Administration": NaN,
        "Selling And Marketing Expense": NaN,
        "General And Administrative Expense": NaN,
        "Other Gand A": NaN,
        "Salaries And Wages": NaN,
        "Gross Profit": 12239000000000.0,
        "Cost Of Revenue": 19063000000000.0,
        "Total Revenue": 31302000000000.0,
        "Operating Revenue": 31302000000000.0
    },
    "2024-06-30": {
        "Tax Effect Of Unusual Items": -3150000000.0,
        "Tax Rate For Calcs": 0.35,
        "Normalized EBITDA": 13258000000000.0,
        "Total Unusual Items": -9000000000.0,
        "Total Unusual Items Excluding Goodwill": -9000000000.0,
        "Net Income From Continuing Operation Net Minority Interest": 3376000000000.0,
        "Reconciled Depreciation": 3714000000000.0,
        "Reconciled Cost Of Revenue": 20580000000000.0,
        "EBITDA": 13249000000000.0,
        "EBIT": 9535000000000.0,
        "Net Interest Income": -2081000000000.0,
        "Interest Expense": NaN,
        "Interest Income": NaN,
        "Normalized Income": 3381850000000.0,
        "Net Income From Continuing And Discontinued Operation": 3376000000000.0,
        "Total Expenses": 23092000000000.0,
        "Total Operating Income As Reported": 9535000000000.0,
        "Diluted Average Shares": 2055834735.0,
        "Basic Average Shares": 2055834735.0,
        "Diluted EPS": 1642.155346,
        "Basic EPS": 1642.155346,
        "Diluted NI Availto Com Stockholders": 3376000000000.0,
        "Net Income Common Stockholders": 3376000000000.0,
        "Net Income": 3376000000000.0,
        "Minority Interests": -1024000000000.0,
        "Net Income Including Noncontrolling Interests": 4400000000000.0,
        "Net Income Continuous Operations": 4400000000000.0,
        "Tax Provision": 3234000000000.0,
        "Pretax Income": 7634000000000.0,
        "Other Income Expense": 180000000000.0,
        "Special Income Charges": NaN,
        "Gain On Sale Of Ppe": NaN,
        "Other Special Charges": NaN,
        "Write Off": NaN,
        "Impairment Of Capital Assets": NaN,
        "Earnings From Equity Interest": 189000000000.0,
        "Gain On Sale Of Security": -9000000000.0,
        "Net Non Operating Interest Income Expense": -2081000000000.0,
        "Total Other Finance Cost": 2081000000000.0,
        "Interest Expense Non Operating": NaN,
        "Interest Income Non Operating": NaN,
        "Operating Income": 9535000000000.0,
        "Operating Expense": 2512000000000.0,
        "Other Operating Expenses": 468000000000.0,
        "Other Taxes": NaN,
        "Depreciation Amortization Depletion Income Statement": NaN,
        "Depreciation And Amortization In Income Statement": NaN,
        "Selling General And Administration": 2044000000000.0,
        "Selling And Marketing Expense": NaN,
        "General And Administrative Expense": 2044000000000.0,
        "Other Gand A": 2044000000000.0,
        "Salaries And Wages": NaN,
        "Gross Profit": 12047000000000.0,
        "Cost Of Revenue": 20580000000000.0,
        "Total Revenue": 32627000000000.0,
        "Operating Revenue": 32627000000000.0
    },
    "2023-06-30": {
        "Tax Effect Of Unusual Items": NaN,
        "Tax Rate For Calcs": NaN,
        "Normalized EBITDA": NaN,
        "Total Unusual Items": NaN,
        "Total Unusual Items Excluding Goodwill": NaN,
        "Net Income From Continuing Operation Net Minority Interest": NaN,
        "Reconciled Depreciation": 3361531000000.0,
        "Reconciled Cost Of Revenue": NaN,
        "EBITDA": NaN,
        "EBIT": NaN,
        "Net Interest Income": NaN,
        "Interest Expense": NaN,
        "Interest Income": NaN,
        "Normalized Income": NaN,
        "Net Income From Continuing And Discontinued Operation": NaN,
        "Total Expenses": NaN,
        "Total Operating Income As Reported": NaN,
        "Diluted Average Shares": NaN,
        "Basic Average Shares": NaN,
        "Diluted EPS": NaN,
        "Basic EPS": NaN,
        "Diluted NI Availto Com Stockholders": NaN,
        "Net Income Common Stockholders": NaN,
        "Net Income": NaN,
        "Minority Interests": NaN,
        "Net Income Including Noncontrolling Interests": NaN,
        "Net Income Continuous Operations": NaN,
        "Tax Provision": NaN,
        "Pretax Income": NaN,
        "Other Income Expense": NaN,
        "Special Income Charges": NaN,
        "Gain On Sale Of Ppe": NaN,
        "Other Special Charges": NaN,
        "Write Off": NaN,
        "Impairment Of Capital Assets": NaN,
        "Earnings From Equity Interest": NaN,
        "Gain On Sale Of Security": NaN,
        "Net Non Operating Interest Income Expense": NaN,
        "Total Other Finance Cost": NaN,
        "Interest Expense Non Operating": NaN,
        "Interest Income Non Operating": NaN,
        "Operating Income": NaN,
        "Operating Expense": NaN,
        "Other Operating Expenses": NaN,
        "Other Taxes": NaN,
        "Depreciation Amortization Depletion Income Statement": NaN,
        "Depreciation And Amortization In Income Statement": NaN,
        "Selling General And Administration": NaN,
        "Selling And Marketing Expense": NaN,
        "General And Administrative Expense": NaN,
        "Other Gand A": NaN,
        "Salaries And Wages": NaN,
        "Gross Profit": NaN,
        "Cost Of Revenue": NaN,
        "Total Revenue": NaN,
        "Operating Revenue": NaN
    },
    "2024-09-30": {
        "Tax Effect Of Unusual Items": 0.0,
        "Tax Rate For Calcs": 0.30715,
        "Normalized EBITDA": 9306000000000.0,
        "Total Unusual Items": NaN,
        "Total Unusual Items Excluding Goodwill": NaN,
        "Net Income From Continuing Operation Net Minority Interest": 3649000000000.0,
        "Reconciled Depreciation": NaN,
        "Reconciled Cost Of Revenue": 22644000000000.0,
        "EBITDA": 9306000000000.0,
        "EBIT": 9306000000000.0,
        "Net Interest Income": -2051000000000.0,
        "Interest Expense": NaN,
        "Interest Income": NaN,
        "Normalized Income": 3649000000000.0,
        "Net Income From Continuing And Discontinued Operation": 3649000000000.0,
        "Total Expenses": 25301000000000.0,
        "Total Operating Income As Reported": 9306000000000.0,
        "Diluted Average Shares": 2055834735.0,
        "Basic Average Shares": 2055834735.0,
        "Diluted EPS": 1774.948121,
        "Basic EPS": 1774.948121,
        "Diluted NI Availto Com Stockholders": 3649000000000.0,
        "Net Income Common Stockholders": 3649000000000.0,
        "Net Income": 3649000000000.0,
        "Minority Interests": -1458000000000.0,
        "Net Income Including Noncontrolling Interests": 5107000000000.0,
        "Net Income Continuous Operations": 5107000000000.0,
        "Tax Provision": 2264000000000.0,
        "Pretax Income": 7371000000000.0,
        "Other Income Expense": 116000000000.0,
        "Special Income Charges": NaN,
        "Gain On Sale Of Ppe": NaN,
        "Other Special Charges": NaN,
        "Write Off": NaN,
        "Impairment Of Capital Assets": NaN,
        "Earnings From Equity Interest": 116000000000.0,
        "Gain On Sale Of Security": NaN,
        "Net Non Operating Interest Income Expense": -2051000000000.0,
        "Total Other Finance Cost": 2051000000000.0,
        "Interest Expense Non Operating": NaN,
        "Interest Income Non Operating": NaN,
        "Operating Income": 9306000000000.0,
        "Operating Expense": 2657000000000.0,
        "Other Operating Expenses": 2657000000000.0,
        "Other Taxes": NaN,
        "Depreciation Amortization Depletion Income Statement": NaN,
        "Depreciation And Amortization In Income Statement": NaN,
        "Selling General And Administration": NaN,
        "Selling And Marketing Expense": NaN,
        "General And Administrative Expense": NaN,
        "Other Gand A": NaN,
        "Salaries And Wages": NaN,
        "Gross Profit": 11963000000000.0,
        "Cost Of Revenue": 22644000000000.0,
        "Total Revenue": 34607000000000.0,
        "Operating Revenue": 34607000000000.0
    },
    "2024-12-31": {
        "Tax Effect Of Unusual Items": 0.0,
        "Tax Rate For Calcs": 0.35,
        "Normalized EBITDA": 11907101000000.0,
        "Total Unusual Items": NaN,
        "Total Unusual Items Excluding Goodwill": NaN,
        "Net Income From Continuing Operation Net Minority Interest": 2804153000000.0,
        "Reconciled Depreciation": NaN,
        "Reconciled Cost Of Revenue": 24193154000000.0,
        "EBITDA": 11907101000000.0,
        "EBIT": 11907101000000.0,
        "Net Interest Income": -2476553000000.0,
        "Interest Expense": NaN,
        "Interest Income": NaN,
        "Normalized Income": 2804153000000.0,
        "Net Income From Continuing And Discontinued Operation": 2804153000000.0,
        "Total Expenses": 27091860000000.0,
        "Total Operating Income As Reported": 9819997000000.0,
        "Diluted Average Shares": 2055834735.0,
        "Basic Average Shares": 2055834735.0,
        "Diluted EPS": 1896.066806,
        "Basic EPS": 1896.066806,
        "Diluted NI Availto Com Stockholders": 2804153000000.0,
        "Net Income Common Stockholders": 2804153000000.0,
        "Net Income": 2804153000000.0,
        "Minority Interests": -1110722000000.0,
        "Net Income Including Noncontrolling Interests": 3914875000000.0,
        "Net Income Continuous Operations": 3914875000000.0,
        "Tax Provision": 3790540000000.0,
        "Pretax Income": 7705415000000.0,
        "Other Income Expense": 2479400000000.0,
        "Special Income Charges": NaN,
        "Gain On Sale Of Ppe": NaN,
        "Other Special Charges": NaN,
        "Write Off": NaN,
        "Impairment Of Capital Assets": NaN,
        "Earnings From Equity Interest": 262366000000.0,
        "Gain On Sale Of Security": NaN,
        "Net Non Operating Interest Income Expense": -2476553000000.0,
        "Total Other Finance Cost": -5738998000000.0,
        "Interest Expense Non Operating": NaN,
        "Interest Income Non Operating": NaN,
        "Operating Income": 7702568000000.0,
        "Operating Expense": 2898706000000.0,
        "Other Operating Expenses": -5448001000000.0,
        "Other Taxes": NaN,
        "Depreciation Amortization Depletion Income Statement": NaN,
        "Depreciation And Amortization In Income Statement": NaN,
        "Selling General And Administration": NaN,
        "Selling And Marketing Expense": NaN,
        "General And Administrative Expense": NaN,
        "Other Gand A": NaN,
        "Salaries And Wages": NaN,
        "Gross Profit": 10601274000000.0,
        "Cost Of Revenue": 24193154000000.0,
        "Total Revenue": 34794428000000.0,
        "Operating Revenue": 34794428000000.0
    },
    "2025-03-31": {
        "Tax Effect Of Unusual Items": 0.0,
        "Tax Rate For Calcs": 0.314212,
        "Normalized EBITDA": 8380000000000.0,
        "Total Unusual Items": NaN,
        "Total Unusual Items Excluding Goodwill": NaN,
        "Net Income From Continuing Operation Net Minority Interest": 3127000000000.0,
        "Reconciled Depreciation": NaN,
        "Reconciled Cost Of Revenue": 20705000000000.0,
        "EBITDA": 8380000000000.0,
        "EBIT": 8380000000000.0,
        "Net Interest Income": -2418000000000.0,
        "Interest Expense": NaN,
        "Interest Income": NaN,
        "Normalized Income": 3127000000000.0,
        "Net Income From Continuing And Discontinued Operation": 3127000000000.0,
        "Total Expenses": 22985000000000.0,
        "Total Operating Income As Reported": 8380000000000.0,
        "Diluted Average Shares": 2055834735.0,
        "Basic Average Shares": 2055834735.0,
        "Diluted EPS": 1521.036661,
        "Basic EPS": 1521.036661,
        "Diluted NI Availto Com Stockholders": 3127000000000.0,
        "Net Income Common Stockholders": 3127000000000.0,
        "Net Income": 3127000000000.0,
        "Minority Interests": -1105000000000.0,
        "Net Income Including Noncontrolling Interests": 4232000000000.0,
        "Net Income Continuous Operations": 4232000000000.0,
        "Tax Provision": 1939000000000.0,
        "Pretax Income": 6171000000000.0,
        "Other Income Expense": 209000000000.0,
        "Special Income Charges": NaN,
        "Gain On Sale Of Ppe": NaN,
        "Other Special Charges": NaN,
        "Write Off": NaN,
        "Impairment Of Capital Assets": NaN,
        "Earnings From Equity Interest": 209000000000.0,
        "Gain On Sale Of Security": NaN,
        "Net Non Operating Interest Income Expense": -2418000000000.0,
        "Total Other Finance Cost": 2418000000000.0,
        "Interest Expense Non Operating": NaN,
        "Interest Income Non Operating": NaN,
        "Operating Income": 8380000000000.0,
        "Operating Expense": 2280000000000.0,
        "Other Operating Expenses": 2280000000000.0,
        "Other Taxes": NaN,
        "Depreciation Amortization Depletion Income Statement": NaN,
        "Depreciation And Amortization In Income Statement": NaN,
        "Selling General And Administration": NaN,
        "Selling And Marketing Expense": NaN,
        "General And Administrative Expense": NaN,
        "Other Gand A": NaN,
        "Salaries And Wages": NaN,
        "Gross Profit": 10660000000000.0,
        "Cost Of Revenue": 20705000000000.0,
        "Total Revenue": 31365000000000.0,
        "Operating Revenue": 31365000000000.0
    },
    "2025-06-30": {
        "Tax Effect Of Unusual Items": 73163592622.2935,
        "Tax Rate For Calcs": 0.343491,
        "Normalized EBITDA": 9918000000000.0,
        "Total Unusual Items": 213000000000.0,
        "Total Unusual Items Excluding Goodwill": 213000000000.0,
        "Net Income From Continuing Operation Net Minority Interest": 1811000000000.0,
        "Reconciled Depreciation": 4494000000000.0,
        "Reconciled Cost Of Revenue": 21161000000000.0,
        "EBITDA": 10131000000000.0,
        "EBIT": 5637000000000.0,
        "Net Interest Income": -2298000000000.0,
        "Interest Expense": NaN,
        "Interest Income": NaN,
        "Normalized Income": 1671163592622.2935,
        "Net Income From Continuing And Discontinued Operation": 1811000000000.0,
        "Total Expenses": 24032000000000.0,
        "Total Operating Income As Reported": 5637000000000.0,
        "Diluted Average Shares": 2055834735.0,
        "Basic Average Shares": 2055834735.0,
        "Diluted EPS": 880.907385,
        "Basic EPS": 880.907385,
        "Diluted NI Availto Com Stockholders": 1811000000000.0,
        "Net Income Common Stockholders": 1811000000000.0,
        "Net Income": 1811000000000.0,
        "Minority Interests": -645000000000.0,
        "Net Income Including Noncontrolling Interests": 2456000000000.0,
        "Net Income Continuous Operations": 2456000000000.0,
        "Tax Provision": 1285000000000.0,
        "Pretax Income": 3741000000000.0,
        "Other Income Expense": 402000000000.0,
        "Special Income Charges": NaN,
        "Gain On Sale Of Ppe": NaN,
        "Other Special Charges": NaN,
        "Write Off": NaN,
        "Impairment Of Capital Assets": NaN,
        "Earnings From Equity Interest": 189000000000.0,
        "Gain On Sale Of Security": 213000000000.0,
        "Net Non Operating Interest Income Expense": -2298000000000.0,
        "Total Other Finance Cost": 2298000000000.0,
        "Interest Expense Non Operating": NaN,
        "Interest Income Non Operating": NaN,
        "Operating Income": 5637000000000.0,
        "Operating Expense": 2871000000000.0,
        "Other Operating Expenses": 287000000000.0,
        "Other Taxes": NaN,
        "Depreciation Amortization Depletion Income Statement": NaN,
        "Depreciation And Amortization In Income Statement": NaN,
        "Selling General And Administration": 2584000000000.0,
        "Selling And Marketing Expense": NaN,
        "General And Administrative Expense": 2584000000000.0,
        "Other Gand A": 2584000000000.0,
        "Salaries And Wages": NaN,
        "Gross Profit": 8508000000000.0,
        "Cost Of Revenue": 21161000000000.0,
        "Total Revenue": 29669000000000.0,
        "Operating Revenue": 29669000000000.0
    }
}