{
    "2023-03-31": {
        "Tax Effect Of Unusual Items": -4410000.0,
        "Tax Rate For Calcs": 0.18,
        "Normalized EBITDA": 629400000.0,
        "Total Unusual Items": -24500000.0,
        "Total Unusual Items Excluding Goodwill": -24500000.0,
        "Net Income From Continuing Operation Net Minority Interest": 233400000.0,
        "Reconciled Depreciation": 234300000.0,
        "Reconciled Cost Of Revenue": 2205200000.0,
        "EBITDA": 604900000.0,
        "EBIT": 370600000.0,
        "Net Interest Income": -74200000.0,
        "Interest Expense": 80100000.0,
        "Interest Income": 5900000.0,
        "Normalized Income": 253490000.0,
        "Net Income From Continuing And Discontinued Operation": 233400000.0,
        "Total Expenses": 3195500000.0,
        "Total Operating Income As Reported": 351600000.0,
        "Diluted Average Shares": 285900000.0,
        "Basic Average Shares": 284600000.0,
        "Diluted EPS": 0.82,
        "Basic EPS": 0.82,
        "Diluted NI Availto Com Stockholders": 233400000.0,
        "Net Income Common Stockholders": 233400000.0,
        "Net Income": 233400000.0,
        "Minority Interests": -4700000.0,
        "Net Income Including Noncontrolling Interests": 238100000.0,
        "Net Income Continuous Operations": 238100000.0,
        "Tax Provision": 52400000.0,
        "Pretax Income": 290500000.0,
        "Other Income Expense": -11400000.0,
        "Other Non Operating Income Expenses": 13100000.0,
        "Special Income Charges": -24500000.0,
        "Other Special Charges": 6900000.0,
        "Restructuring And Mergern Acquisition": 17600000.0,
        "Net Non Operating Interest Income Expense": -74200000.0,
        "Interest Expense Non Operating": 80100000.0,
        "Interest Income Non Operating": 5900000.0,
        "Operating Income": 376100000.0,
        "Operating Expense": 990300000.0,
        "Selling General And Administration": 990300000.0,
        "Gross Profit": 1366400000.0,
        "Cost Of Revenue": 2205200000.0,
        "Total Revenue": 3571600000.0,
        "Operating Revenue": 3571600000.0
    },
    "2022-12-31": {
        "Tax Effect Of Unusual Items": -15390236.318408,
        "Tax Rate For Calcs": 0.162002,
        "Normalized EBITDA": 726100000.0,
        "Total Unusual Items": -95000000.0,
        "Total Unusual Items Excluding Goodwill": -95000000.0,
        "Net Income From Continuing Operation Net Minority Interest": 264400000.0,
        "Reconciled Depreciation": 236500000.0,
        "Reconciled Cost Of Revenue": 2254900000.0,
        "EBITDA": 631100000.0,
        "EBIT": 394600000.0,
        "Net Interest Income": -69500000.0,
        "Interest Expense": 73000000.0,
        "Interest Income": 3500000.0,
        "Normalized Income": 344009763.681592,
        "Net Income From Continuing And Discontinued Operation": 264400000.0,
        "Total Expenses": 3177000000.0,
        "Total Operating Income As Reported": 399200000.0,
        "Diluted Average Shares": 285800000.0,
        "Basic Average Shares": 284600000.0,
        "Diluted EPS": 0.93,
        "Basic EPS": 0.93,
        "Diluted NI Availto Com Stockholders": 264400000.0,
        "Net Income Common Stockholders": 264400000.0,
        "Net Income": 264400000.0,
        "Minority Interests": -5100000.0,
        "Net Income Including Noncontrolling Interests": 269500000.0,
        "Net Income Continuous Operations": 269500000.0,
        "Tax Provision": 52100000.0,
        "Pretax Income": 321600000.0,
        "Other Income Expense": -103100000.0,
        "Other Non Operating Income Expenses": -8100000.0,
        "Special Income Charges": -95000000.0,
        "Other Special Charges": 10500000.0,
        "Restructuring And Mergern Acquisition": 84500000.0,
        "Net Non Operating Interest Income Expense": -69500000.0,
        "Interest Expense Non Operating": 73000000.0,
        "Interest Income Non Operating": 3500000.0,
        "Operating Income": 494200000.0,
        "Operating Expense": 922100000.0,
        "Selling General And Administration": 922100000.0,
        "Gross Profit": 1416300000.0,
        "Cost Of Revenue": 2254900000.0,
        "Total Revenue": 3671200000.0,
        "Operating Revenue": 3671200000.0
    },
    "2022-09-30": {
        "Tax Effect Of Unusual Items": -2598800.0,
        "Tax Rate For Calcs": 0.146,
        "Normalized EBITDA": 495100000.0,
        "Total Unusual Items": -17800000.0,
        "Total Unusual Items Excluding Goodwill": -17800000.0,
        "Net Income From Continuing Operation Net Minority Interest": 347100000.0,
        "Reconciled Depreciation": 232800000.0,
        "Reconciled Cost Of Revenue": 2291600000.0,
        "EBITDA": 477300000.0,
        "EBIT": 477300000.0,
        "Net Interest Income": -65100000.0,
        "Interest Expense": 65100000.0,
        "Interest Income": 1600000.0,
        "Normalized Income": 362301200.0,
        "Net Income From Continuing And Discontinued Operation": 347100000.0,
        "Total Expenses": 3168500000.0,
        "Total Operating Income As Reported": 483000000.0,
        "Diluted Average Shares": 286300000.0,
        "Basic Average Shares": 284900000.0,
        "Diluted EPS": 1.21,
        "Basic EPS": 1.22,
        "Diluted NI Availto Com Stockholders": 347100000.0,
        "Net Income Common Stockholders": 347100000.0,
        "Net Income": 347100000.0,
        "Minority Interests": -4900000.0,
        "Net Income Including Noncontrolling Interests": 352000000.0,
        "Net Income Continuous Operations": 352000000.0,
        "Tax Provision": 60200000.0,
        "Pretax Income": 412200000.0,
        "Other Income Expense": -23500000.0,
        "Other Non Operating Income Expenses": -5700000.0,
        "Special Income Charges": -17800000.0,
        "Other Special Charges": 14000000.0,
        "Restructuring And Mergern Acquisition": 3800000.0,
        "Net Non Operating Interest Income Expense": -65100000.0,
        "Interest Expense Non Operating": 65100000.0,
        "Interest Income Non Operating": 1600000.0,
        "Operating Income": 500800000.0,
        "Operating Expense": 876900000.0,
        "Selling General And Administration": 876900000.0,
        "Gross Profit": 1377700000.0,
        "Cost Of Revenue": 2291600000.0,
        "Total Revenue": 3669300000.0,
        "Operating Revenue": 3669300000.0
    },
    "2022-06-30": {
        "Tax Effect Of Unusual Items": -691200.0,
        "Tax Rate For Calcs": 0.192,
        "Normalized EBITDA": 448900000.0,
        "Total Unusual Items": -3600000.0,
        "Total Unusual Items Excluding Goodwill": -3600000.0,
        "Net Income From Continuing Operation Net Minority Interest": 308300000.0,
        "Reconciled Depreciation": 234700000.0,
        "Reconciled Cost Of Revenue": 2211100000.0,
        "EBITDA": 445300000.0,
        "EBIT": 445300000.0,
        "Net Interest Income": -56000000.0,
        "Interest Expense": 56000000.0,
        "Interest Income": 1300000.0,
        "Normalized Income": 311208800.0,
        "Net Income From Continuing And Discontinued Operation": 308300000.0,
        "Total Expenses": 3151200000.0,
        "Total Operating Income As Reported": 425800000.0,
        "Diluted Average Shares": 286600000.0,
        "Basic Average Shares": 285100000.0,
        "Diluted EPS": 1.08,
        "Basic EPS": 1.08,
        "Diluted NI Availto Com Stockholders": 308300000.0,
        "Net Income Common Stockholders": 308300000.0,
        "Net Income": 308300000.0,
        "Minority Interests": -4400000.0,
        "Net Income Including Noncontrolling Interests": 312700000.0,
        "Net Income Continuous Operations": 312700000.0,
        "Tax Provision": 76600000.0,
        "Pretax Income": 389300000.0,
        "Other Income Expense": 15900000.0,
        "Other Non Operating Income Expenses": 19500000.0,
        "Special Income Charges": -3600000.0,
        "Other Special Charges": -100000.0,
        "Restructuring And Mergern Acquisition": 3700000.0,
        "Net Non Operating Interest Income Expense": -56000000.0,
        "Interest Expense Non Operating": 56000000.0,
        "Interest Income Non Operating": 1300000.0,
        "Operating Income": 429400000.0,
        "Operating Expense": 940100000.0,
        "Selling General And Administration": 940100000.0,
        "Gross Profit": 1369500000.0,
        "Cost Of Revenue": 2211100000.0,
        "Total Revenue": 3580600000.0,
        "Operating Revenue": 3580600000.0
    },
    "2023-06-30": {
        "Tax Effect Of Unusual Items": NaN,
        "Tax Rate For Calcs": NaN,
        "Normalized EBITDA": NaN,
        "Total Unusual Items": NaN,
        "Total Unusual Items Excluding Goodwill": NaN,
        "Net Income From Continuing Operation Net Minority Interest": NaN,
        "Reconciled Depreciation": NaN,
        "Reconciled Cost Of Revenue": NaN,
        "EBITDA": NaN,
        "EBIT": NaN,
        "Net Interest Income": NaN,
        "Interest Expense": NaN,
        "Interest Income": NaN,
        "Normalized Income": NaN,
        "Net Income From Continuing And Discontinued Operation": NaN,
        "Total Expenses": NaN,
        "Total Operating Income As Reported": NaN,
        "Diluted Average Shares": NaN,
        "Basic Average Shares": NaN,
        "Diluted EPS": NaN,
        "Basic EPS": NaN,
        "Diluted NI Availto Com Stockholders": NaN,
        "Net Income Common Stockholders": NaN,
        "Net Income": NaN,
        "Minority Interests": NaN,
        "Net Income Including Noncontrolling Interests": NaN,
        "Net Income Continuous Operations": NaN,
        "Tax Provision": NaN,
        "Pretax Income": NaN,
        "Other Income Expense": NaN,
        "Other Non Operating Income Expenses": NaN,
        "Special Income Charges": NaN,
        "Gain On Sale Of Business": 0.0,
        "Other Special Charges": NaN,
        "Restructuring And Mergern Acquisition": NaN,
        "Net Non Operating Interest Income Expense": NaN,
        "Interest Expense Non Operating": NaN,
        "Interest Income Non Operating": NaN,
        "Operating Income": NaN,
        "Operating Expense": NaN,
        "Selling General And Administration": NaN,
        "Gross Profit": NaN,
        "Cost Of Revenue": NaN,
        "Total Revenue": NaN,
        "Operating Revenue": NaN
    },
    "2022-03-31": {
        "Diluted EPS": 0.6,
        "Total Revenue": NaN,
        "Gross Profit": NaN,
        "Operating Income": 255,
        "EBIT": 489,
        "Net Income": 172
    },
    "2021-12-31": {
        "Diluted EPS": 1.04,
        "Total Revenue": NaN,
        "Gross Profit": NaN,
        "Operating Income": 388,
        "EBIT": 603,
        "Net Income": 301
    },
    "2021-09-30": {
        "Diluted EPS": 1.12,
        "Total Revenue": NaN,
        "Gross Profit": NaN,
        "Operating Income": 466,
        "EBIT": 673,
        "Net Income": 325
    },
    "2021-06-30": {
        "Diluted EPS": 1.08,
        "Total Revenue": NaN,
        "Gross Profit": NaN,
        "Operating Income": 448,
        "EBIT": 653,
        "Net Income": 311
    },
    "2021-03-31": {
        "Diluted EPS": 0.67,
        "Total Revenue": NaN,
        "Gross Profit": NaN,
        "Operating Income": 297,
        "EBIT": 513,
        "Net Income": 194
    },
    "2020-12-31": {
        "Diluted EPS": 1.01,
        "Total Revenue": NaN,
        "Gross Profit": NaN,
        "Operating Income": 416,
        "EBIT": 624,
        "Net Income": 300
    },
    "2020-09-30": {
        "Diluted EPS": 0.85,
        "Total Revenue": NaN,
        "Gross Profit": NaN,
        "Operating Income": 411,
        "EBIT": 620,
        "Net Income": 246
    },
    "2020-06-30": {
        "Diluted EPS": -6.98,
        "Total Revenue": NaN,
        "Gross Profit": NaN,
        "Operating Income": 192,
        "EBIT": 390,
        "Net Income": NaN
    },
    "2020-03-31": {
        "Diluted EPS": 0.97,
        "Total Revenue": NaN,
        "Gross Profit": NaN,
        "Operating Income": 376,
        "EBIT": 575,
        "Net Income": 283
    },
    "2019-12-31": {
        "Diluted EPS": 1.47,
        "Total Revenue": NaN,
        "Gross Profit": NaN,
        "Operating Income": 465,
        "EBIT": 661,
        "Net Income": 430
    },
    "2019-09-30": {
        "Diluted EPS": 1.59,
        "Total Revenue": NaN,
        "Gross Profit": NaN,
        "Operating Income": 549,
        "EBIT": 743,
        "Net Income": 464
    },
    "2019-06-30": {
        "Diluted EPS": 1.26,
        "Total Revenue": NaN,
        "Gross Profit": NaN,
        "Operating Income": 464,
        "EBIT": 610,
        "Net Income": 369
    },
    "2019-03-31": {
        "Diluted EPS": 1.01,
        "Total Revenue": NaN,
        "Gross Profit": NaN,
        "Operating Income": 367,
        "EBIT": 606,
        "Net Income": 297
    },
    "2018-12-31": {
        "Diluted EPS": 1.36,
        "Total Revenue": NaN,
        "Gross Profit": 848,
        "Operating Income": 363,
        "EBIT": 393,
        "Net Income": 395
    },
    "2018-09-30": {
        "Diluted EPS": 1.48,
        "Total Revenue": NaN,
        "Gross Profit": NaN,
        "Operating Income": 516,
        "EBIT": 751,
        "Net Income": 435
    },
    "2018-06-30": {
        "Diluted EPS": 1.2,
        "Total Revenue": NaN,
        "Gross Profit": NaN,
        "Operating Income": 495,
        "EBIT": 729,
        "Net Income": 351
    },
    "2018-03-31": {
        "Diluted EPS": 0.84,
        "Total Revenue": NaN,
        "Gross Profit": NaN,
        "Operating Income": 354,
        "EBIT": 585,
        "Net Income": 247
    },
    "2017-12-31": {
        "Diluted EPS": 1.92,
        "Total Revenue": NaN,
        "Gross Profit": NaN,
        "Operating Income": 609,
        "EBIT": 837,
        "Net Income": 563
    },
    "2017-09-30": {
        "Diluted EPS": 1.34,
        "Total Revenue": NaN,
        "Gross Profit": NaN,
        "Operating Income": 564,
        "EBIT": 792,
        "Net Income": 393
    },
    "2017-06-30": {
        "Diluted EPS": 1.0,
        "Total Revenue": NaN,
        "Gross Profit": NaN,
        "Operating Income": 420,
        "EBIT": 641,
        "Net Income": 295
    },
    "2017-03-31": {
        "Diluted EPS": 0.86,
        "Total Revenue": NaN,
        "Gross Profit": NaN,
        "Operating Income": 357,
        "EBIT": 573,
        "Net Income": 254
    },
    "2016-12-31": {
        "Diluted EPS": 1.23,
        "Total Revenue": NaN,
        "Gross Profit": 971,
        "Operating Income": 512,
        "EBIT": 725,
        "Net Income": 366
    },
    "2016-09-30": {
        "Diluted EPS": 1.27,
        "Total Revenue": NaN,
        "Gross Profit": NaN,
        "Operating Income": 574,
        "EBIT": 791,
        "Net Income": 374
    },
    "2016-06-30": {
        "Diluted EPS": 0.87,
        "Total Revenue": NaN,
        "Gross Profit": NaN,
        "Operating Income": 413,
        "EBIT": 622,
        "Net Income": 258
    },
    "2016-03-31": {
        "Diluted EPS": 0.77,
        "Total Revenue": NaN,
        "Gross Profit": NaN,
        "Operating Income": 372,
        "EBIT": 584,
        "Net Income": 231
    },
    "2015-12-31": {
        "Diluted EPS": 0.69,
        "Total Revenue": NaN,
        "Gross Profit": NaN,
        "Operating Income": 323,
        "EBIT": 535,
        "Net Income": 209
    },
    "2015-09-30": {
        "Diluted EPS": 0.86,
        "Total Revenue": NaN,
        "Gross Profit": NaN,
        "Operating Income": 413,
        "EBIT": 624,
        "Net Income": 258
    },
    "2015-06-30": {
        "Diluted EPS": 1.0,
        "Total Revenue": NaN,
        "Gross Profit": NaN,
        "Operating Income": 438,
        "EBIT": 656,
        "Net Income": 302
    },
    "2015-03-31": {
        "Diluted EPS": 0.77,
        "Total Revenue": NaN,
        "Gross Profit": NaN,
        "Operating Income": 388,
        "EBIT": 605,
        "Net Income": 233
    },
    "2014-12-31": {
        "Diluted EPS": 1.1,
        "Total Revenue": NaN,
        "Gross Profit": NaN,
        "Operating Income": 521,
        "EBIT": 739,
        "Net Income": 336
    },
    "2014-09-30": {
        "Diluted EPS": 1.19,
        "Total Revenue": NaN,
        "Gross Profit": NaN,
        "Operating Income": 571,
        "EBIT": 790,
        "Net Income": 365
    },
    "2014-06-30": {
        "Diluted EPS": 1.02,
        "Total Revenue": NaN,
        "Gross Profit": NaN,
        "Operating Income": 512,
        "EBIT": 731,
        "Net Income": 311
    },
    "2014-03-31": {
        "Diluted EPS": 0.62,
        "Total Revenue": NaN,
        "Gross Profit": NaN,
        "Operating Income": 351,
        "EBIT": 568,
        "Net Income": 191
    },
    "2013-12-31": {
        "Diluted EPS": 0.94,
        "Total Revenue": NaN,
        "Gross Profit": NaN,
        "Operating Income": 471,
        "EBIT": 685,
        "Net Income": 287
    },
    "2013-09-30": {
        "Diluted EPS": 1.0,
        "Total Revenue": NaN,
        "Gross Profit": NaN,
        "Operating Income": 476,
        "EBIT": 688,
        "Net Income": 308
    },
    "2013-06-30": {
        "Diluted EPS": 0.69,
        "Total Revenue": NaN,
        "Gross Profit": NaN,
        "Operating Income": 352,
        "EBIT": 557,
        "Net Income": 213
    },
    "2013-03-31": {
        "Diluted EPS": 0.53,
        "Total Revenue": NaN,
        "Gross Profit": NaN,
        "Operating Income": 262,
        "EBIT": 447,
        "Net Income": 160
    },
    "2012-12-31": {
        "Diluted EPS": 0.76,
        "Total Revenue": NaN,
        "Gross Profit": NaN,
        "Operating Income": 396,
        "EBIT": 577,
        "Net Income": 231
    },
    "2012-09-30": {
        "Diluted EPS": 0.8,
        "Total Revenue": NaN,
        "Gross Profit": NaN,
        "Operating Income": 401,
        "EBIT": 579,
        "Net Income": 238
    },
    "2012-06-30": {
        "Diluted EPS": 0.62,
        "Total Revenue": NaN,
        "Gross Profit": NaN,
        "Operating Income": 327,
        "EBIT": 505,
        "Net Income": 185
    },
    "2012-03-31": {
        "Diluted EPS": 0.17,
        "Total Revenue": NaN,
        "Gross Profit": NaN,
        "Operating Income": 166,
        "EBIT": 343,
        "Net Income": 50
    },
    "2011-12-31": {
        "Diluted EPS": 0.33,
        "Total Revenue": NaN,
        "Gross Profit": 879,
        "Operating Income": 164,
        "EBIT": 275,
        "Net Income": 89
    },
    "2011-09-30": {
        "Diluted EPS": 0.65,
        "Total Revenue": NaN,
        "Gross Profit": 858,
        "Operating Income": 240,
        "EBIT": 337,
        "Net Income": 154
    },
    "2011-06-30": {
        "Diluted EPS": 0.53,
        "Total Revenue": NaN,
        "Gross Profit": 838,
        "Operating Income": 198,
        "EBIT": 295,
        "Net Income": 126
    },
    "2011-03-31": {
        "Diluted EPS": 0.4,
        "Total Revenue": NaN,
        "Gross Profit": 748,
        "Operating Income": 152,
        "EBIT": 243,
        "Net Income": 94
    },
    "2010-12-31": {
        "Diluted EPS": 0.55,
        "Total Revenue": NaN,
        "Gross Profit": 792,
        "Operating Income": 204,
        "EBIT": 292,
        "Net Income": 131
    },
    "2010-09-30": {
        "Diluted EPS": 0.74,
        "Total Revenue": NaN,
        "Gross Profit": 799,
        "Operating Income": 245,
        "EBIT": 327,
        "Net Income": 174
    },
    "2010-06-30": {
        "Diluted EPS": 0.54,
        "Total Revenue": NaN,
        "Gross Profit": 770,
        "Operating Income": 204,
        "EBIT": 296,
        "Net Income": 129
    },
    "2010-03-31": {
        "Diluted EPS": 0.4,
        "Total Revenue": NaN,
        "Gross Profit": 715,
        "Operating Income": 154,
        "EBIT": 240,
        "Net Income": 96
    },
    "2009-12-31": {
        "Diluted EPS": 0.49,
        "Total Revenue": NaN,
        "Gross Profit": 783,
        "Operating Income": 196,
        "EBIT": 282,
        "Net Income": 116
    },
    "2009-09-30": {
        "Diluted EPS": 0.6,
        "Total Revenue": NaN,
        "Gross Profit": 783,
        "Operating Income": 223,
        "EBIT": 307,
        "Net Income": 145
    },
    "2009-06-30": {
        "Diluted EPS": 0.41,
        "Total Revenue": NaN,
        "Gross Profit": 716,
        "Operating Income": 165,
        "EBIT": 250,
        "Net Income": 99
    },
    "2009-03-31": {
        "Diluted EPS": 0.24,
        "Total Revenue": NaN,
        "Gross Profit": 640,
        "Operating Income": 98,
        "EBIT": 178,
        "Net Income": 57
    },
    "2023-09-30": {
        "Tax Effect Of Unusual Items": NaN,
        "Tax Rate For Calcs": NaN,
        "Normalized EBITDA": NaN,
        "Total Unusual Items": NaN,
        "Total Unusual Items Excluding Goodwill": NaN,
        "Net Income From Continuing Operation Net Minority Interest": NaN,
        "Reconciled Depreciation": NaN,
        "Reconciled Cost Of Revenue": NaN,
        "EBITDA": NaN,
        "EBIT": NaN,
        "Net Interest Income": NaN,
        "Interest Expense": NaN,
        "Interest Income": NaN,
        "Normalized Income": NaN,
        "Net Income From Continuing And Discontinued Operation": NaN,
        "Total Expenses": NaN,
        "Total Operating Income As Reported": NaN,
        "Diluted Average Shares": 286900000.0,
        "Basic Average Shares": 285100000.0,
        "Diluted EPS": 1.41,
        "Basic EPS": 1.42,
        "Diluted NI Availto Com Stockholders": NaN,
        "Net Income Common Stockholders": NaN,
        "Net Income": NaN,
        "Minority Interests": NaN,
        "Net Income Including Noncontrolling Interests": NaN,
        "Net Income Continuous Operations": NaN,
        "Tax Provision": NaN,
        "Pretax Income": NaN,
        "Other Income Expense": NaN,
        "Other Non Operating Income Expenses": NaN,
        "Special Income Charges": NaN,
        "Gain On Sale Of Business": -4800000.0,
        "Other Special Charges": NaN,
        "Restructuring And Mergern Acquisition": NaN,
        "Net Non Operating Interest Income Expense": NaN,
        "Interest Expense Non Operating": NaN,
        "Interest Income Non Operating": NaN,
        "Operating Income": NaN,
        "Operating Expense": NaN,
        "Selling General And Administration": NaN,
        "Gross Profit": NaN,
        "Cost Of Revenue": NaN,
        "Total Revenue": NaN,
        "Operating Revenue": NaN
    },
    "2023-12-31": {
        "Tax Effect Of Unusual Items": -6883051.162791,
        "Tax Rate For Calcs": 0.235721,
        "Normalized EBITDA": 892000000.0,
        "Total Unusual Items": -29200000.0,
        "Total Unusual Items Excluding Goodwill": -29200000.0,
        "Net Income From Continuing Operation Net Minority Interest": 405200000.0,
        "Reconciled Depreciation": 230500000.0,
        "Reconciled Cost Of Revenue": 2284400000.0,
        "EBITDA": 862800000.0,
        "EBIT": 632300000.0,
        "Net Interest Income": -70400000.0,
        "Interest Expense": 94800000.0,
        "Interest Income": 24400000.0,
        "Normalized Income": 427516948.837209,
        "Net Income From Continuing And Discontinued Operation": 405200000.0,
        "Total Expenses": 3319200000.0,
        "Total Operating Income As Reported": 590000000.0,
        "Diluted Average Shares": 287100000.0,
        "Basic Average Shares": 285300000.0,
        "Diluted EPS": 1.41,
        "Basic EPS": 1.42,
        "Diluted NI Availto Com Stockholders": 405200000.0,
        "Net Income Common Stockholders": 405200000.0,
        "Net Income": 405200000.0,
        "Minority Interests": -5600000.0,
        "Net Income Including Noncontrolling Interests": 410800000.0,
        "Net Income Continuous Operations": 410800000.0,
        "Tax Provision": 126700000.0,
        "Pretax Income": 537500000.0,
        "Other Income Expense": -11300000.0,
        "Other Non Operating Income Expenses": 17900000.0,
        "Special Income Charges": -29200000.0,
        "Gain On Sale Of Business": NaN,
        "Other Special Charges": 7700000.0,
        "Restructuring And Mergern Acquisition": 21500000.0,
        "Net Non Operating Interest Income Expense": -70400000.0,
        "Interest Expense Non Operating": 94800000.0,
        "Interest Income Non Operating": 24400000.0,
        "Operating Income": 619200000.0,
        "Operating Expense": 1034800000.0,
        "Selling General And Administration": 1034800000.0,
        "Gross Profit": 1654000000.0,
        "Cost Of Revenue": 2284400000.0,
        "Total Revenue": 3938400000.0,
        "Operating Revenue": 3938400000.0
    },
    "2024-03-31": {
        "Tax Effect Of Unusual Items": -2594400.0,
        "Tax Rate For Calcs": 0.092,
        "Normalized EBITDA": 816400000.0,
        "Total Unusual Items": -28200000.0,
        "Total Unusual Items Excluding Goodwill": -28200000.0,
        "Net Income From Continuing Operation Net Minority Interest": 412100000.0,
        "Reconciled Depreciation": 234800000.0,
        "Reconciled Cost Of Revenue": 2128100000.0,
        "EBITDA": 788200000.0,
        "EBIT": 553400000.0,
        "Net Interest Income": -71600000.0,
        "Interest Expense": 94500000.0,
        "Interest Income": 22900000.0,
        "Normalized Income": 437705600.0,
        "Net Income From Continuing And Discontinued Operation": 412100000.0,
        "Total Expenses": 3205800000.0,
        "Total Operating Income As Reported": 517900000.0,
        "Diluted Average Shares": 287800000.0,
        "Basic Average Shares": 285700000.0,
        "Diluted EPS": 1.43,
        "Basic EPS": 1.44,
        "Diluted NI Availto Com Stockholders": 412100000.0,
        "Net Income Common Stockholders": 412100000.0,
        "Net Income": 412100000.0,
        "Minority Interests": -4500000.0,
        "Net Income Including Noncontrolling Interests": 416600000.0,
        "Net Income Continuous Operations": 416600000.0,
        "Tax Provision": 42300000.0,
        "Pretax Income": 458900000.0,
        "Other Income Expense": -15600000.0,
        "Other Non Operating Income Expenses": 12600000.0,
        "Special Income Charges": -28200000.0,
        "Gain On Sale Of Business": -6000000.0,
        "Other Special Charges": 1600000.0,
        "Restructuring And Mergern Acquisition": 20600000.0,
        "Net Non Operating Interest Income Expense": -71600000.0,
        "Interest Expense Non Operating": 94500000.0,
        "Interest Income Non Operating": 22900000.0,
        "Operating Income": 546100000.0,
        "Operating Expense": 1077700000.0,
        "Selling General And Administration": 1077700000.0,
        "Gross Profit": 1623800000.0,
        "Cost Of Revenue": 2128100000.0,
        "Total Revenue": 3751900000.0,
        "Operating Revenue": 3751900000.0
    },
    "2024-06-30": {
        "Tax Effect Of Unusual Items": -1976536.312849,
        "Tax Rate For Calcs": 0.162011,
        "Normalized EBITDA": 918100000.0,
        "Total Unusual Items": -12200000.0,
        "Total Unusual Items Excluding Goodwill": -12200000.0,
        "Net Income From Continuing Operation Net Minority Interest": 490900000.0,
        "Reconciled Depreciation": 235000000.0,
        "Reconciled Cost Of Revenue": 2241000000.0,
        "EBITDA": 905900000.0,
        "EBIT": 670900000.0,
        "Net Interest Income": -78800000.0,
        "Interest Expense": 80200000.0,
        "Interest Income": 1400000.0,
        "Normalized Income": 501123463.687151,
        "Net Income From Continuing And Discontinued Operation": 490900000.0,
        "Total Expenses": 3316700000.0,
        "Total Operating Income As Reported": 656900000.0,
        "Diluted Average Shares": 287000000.0,
        "Basic Average Shares": 284600000.0,
        "Diluted EPS": 1.71,
        "Basic EPS": 1.72,
        "Diluted NI Availto Com Stockholders": 490900000.0,
        "Net Income Common Stockholders": 490900000.0,
        "Net Income": 490900000.0,
        "Minority Interests": -4100000.0,
        "Net Income Including Noncontrolling Interests": 495000000.0,
        "Net Income Continuous Operations": 495000000.0,
        "Tax Provision": 95700000.0,
        "Pretax Income": 590700000.0,
        "Other Income Expense": 400000.0,
        "Other Non Operating Income Expenses": 12600000.0,
        "Special Income Charges": -12200000.0,
        "Gain On Sale Of Business": -7300000.0,
        "Other Special Charges": -4300000.0,
        "Restructuring And Mergern Acquisition": 9200000.0,
        "Net Non Operating Interest Income Expense": -78800000.0,
        "Interest Expense Non Operating": 80200000.0,
        "Interest Income Non Operating": 1400000.0,
        "Operating Income": 669100000.0,
        "Operating Expense": 1075700000.0,
        "Selling General And Administration": 1075700000.0,
        "Gross Profit": 1744800000.0,
        "Cost Of Revenue": 2241000000.0,
        "Total Revenue": 3985800000.0,
        "Operating Revenue": 3985800000.0
    },
    "2024-09-30": {
        "Tax Effect Of Unusual Items": 83040514.534589,
        "Tax Rate For Calcs": 0.249671,
        "Normalized EBITDA": 971200000.0,
        "Total Unusual Items": 332600000.0,
        "Total Unusual Items Excluding Goodwill": 332600000.0,
        "Net Income From Continuing Operation Net Minority Interest": 736500000.0,
        "Reconciled Depreciation": 230100000.0,
        "Reconciled Cost Of Revenue": 2261500000.0,
        "EBITDA": 1303800000.0,
        "EBIT": 1073700000.0,
        "Net Interest Income": -70400000.0,
        "Interest Expense": 86400000.0,
        "Interest Income": 16000000.0,
        "Normalized Income": 486940514.534589,
        "Net Income From Continuing And Discontinued Operation": 736500000.0,
        "Total Expenses": 3286300000.0,
        "Total Operating Income As Reported": 1044800000.0,
        "Diluted Average Shares": 286000000.0,
        "Basic Average Shares": 283600000.0,
        "Diluted EPS": 2.58,
        "Basic EPS": 2.6,
        "Diluted NI Availto Com Stockholders": 736500000.0,
        "Net Income Common Stockholders": 736500000.0,
        "Net Income": 736500000.0,
        "Minority Interests": -4300000.0,
        "Net Income Including Noncontrolling Interests": 740800000.0,
        "Net Income Continuous Operations": 740800000.0,
        "Tax Provision": 246500000.0,
        "Pretax Income": 987300000.0,
        "Other Income Expense": 345500000.0,
        "Other Non Operating Income Expenses": 12900000.0,
        "Special Income Charges": 332600000.0,
        "Gain On Sale Of Business": 364000000.0,
        "Other Special Charges": 27500000.0,
        "Restructuring And Mergern Acquisition": 3900000.0,
        "Net Non Operating Interest Income Expense": -70400000.0,
        "Interest Expense Non Operating": 86400000.0,
        "Interest Income Non Operating": 16000000.0,
        "Operating Income": 712200000.0,
        "Operating Expense": 1024800000.0,
        "Selling General And Administration": 1024800000.0,
        "Gross Profit": 1737000000.0,
        "Cost Of Revenue": 2261500000.0,
        "Total Revenue": 3998500000.0,
        "Operating Revenue": 3998500000.0
    },
    "2024-12-31": {
        "Tax Effect Of Unusual Items": -10594871.794872,
        "Tax Rate For Calcs": 0.102564,
        "Normalized EBITDA": 952300000.0,
        "Total Unusual Items": -103300000.0,
        "Total Unusual Items Excluding Goodwill": -103300000.0,
        "Net Income From Continuing Operation Net Minority Interest": 472900000.0,
        "Reconciled Depreciation": 235500000.0,
        "Reconciled Cost Of Revenue": 2269100000.0,
        "EBITDA": 849000000.0,
        "EBIT": 613500000.0,
        "Net Interest Income": -61700000.0,
        "Interest Expense": 79200000.0,
        "Interest Income": 17500000.0,
        "Normalized Income": 565605128.205128,
        "Net Income From Continuing And Discontinued Operation": 472900000.0,
        "Total Expenses": 3319100000.0,
        "Total Operating Income As Reported": 582800000.0,
        "Diluted Average Shares": 285700000.0,
        "Basic Average Shares": 283300000.0,
        "Diluted EPS": 1.66,
        "Basic EPS": 1.67,
        "Diluted NI Availto Com Stockholders": 472900000.0,
        "Net Income Common Stockholders": 472900000.0,
        "Net Income": 472900000.0,
        "Minority Interests": -6600000.0,
        "Net Income Including Noncontrolling Interests": 479500000.0,
        "Net Income Continuous Operations": 479500000.0,
        "Tax Provision": 54800000.0,
        "Pretax Income": 534300000.0,
        "Other Income Expense": -90100000.0,
        "Other Non Operating Income Expenses": 13200000.0,
        "Special Income Charges": -103300000.0,
        "Gain On Sale Of Business": -10400000.0,
        "Other Special Charges": 86900000.0,
        "Restructuring And Mergern Acquisition": 6000000.0,
        "Net Non Operating Interest Income Expense": -61700000.0,
        "Interest Expense Non Operating": 79200000.0,
        "Interest Income Non Operating": 17500000.0,
        "Operating Income": 686100000.0,
        "Operating Expense": 1050000000.0,
        "Selling General And Administration": 1050000000.0,
        "Gross Profit": 1736100000.0,
        "Cost Of Revenue": 2269100000.0,
        "Total Revenue": 4005200000.0,
        "Operating Revenue": 4005200000.0
    },
    "2025-03-31": {
        "Tax Effect Of Unusual Items": -5988500.0,
        "Tax Rate For Calcs": 0.203,
        "Normalized EBITDA": 848200000.0,
        "Total Unusual Items": -29500000.0,
        "Total Unusual Items Excluding Goodwill": -29500000.0,
        "Net Income From Continuing Operation Net Minority Interest": 402500000.0,
        "Reconciled Depreciation": 236100000.0,
        "Reconciled Cost Of Revenue": 2060200000.0,
        "EBITDA": 818700000.0,
        "EBIT": 582600000.0,
        "Net Interest Income": -58300000.0,
        "Interest Expense": 72600000.0,
        "Interest Income": 14300000.0,
        "Normalized Income": 426011500.0,
        "Net Income From Continuing And Discontinued Operation": 402500000.0,
        "Total Expenses": 3110200000.0,
        "Total Operating Income As Reported": 555300000.0,
        "Diluted Average Shares": 285300000.0,
        "Basic Average Shares": 283400000.0,
        "Diluted EPS": 1.41,
        "Basic EPS": 1.42,
        "Diluted NI Availto Com Stockholders": 402500000.0,
        "Net Income Common Stockholders": 402500000.0,
        "Net Income": 402500000.0,
        "Minority Interests": -4000000.0,
        "Net Income Including Noncontrolling Interests": 406500000.0,
        "Net Income Continuous Operations": 406500000.0,
        "Tax Provision": 103500000.0,
        "Pretax Income": 510000000.0,
        "Other Income Expense": -16500000.0,
        "Other Non Operating Income Expenses": 13000000.0,
        "Special Income Charges": -29500000.0,
        "Gain On Sale Of Business": -1600000.0,
        "Other Special Charges": 26400000.0,
        "Restructuring And Mergern Acquisition": 1500000.0,
        "Net Non Operating Interest Income Expense": -58300000.0,
        "Interest Expense Non Operating": 72600000.0,
        "Interest Income Non Operating": 14300000.0,
        "Operating Income": 584800000.0,
        "Operating Expense": 1050000000.0,
        "Selling General And Administration": 1050000000.0,
        "Gross Profit": 1634800000.0,
        "Cost Of Revenue": 2060200000.0,
        "Total Revenue": 3695000000.0,
        "Operating Revenue": 3695000000.0
    },
    "2025-06-30": {
        "Tax Effect Of Unusual Items": -4898378.542203,
        "Tax Rate For Calcs": 0.199121,
        "Normalized EBITDA": 1002400000.0,
        "Total Unusual Items": -24600000.0,
        "Total Unusual Items Excluding Goodwill": -24600000.0,
        "Net Income From Continuing Operation Net Minority Interest": 524200000.0,
        "Reconciled Depreciation": 241700000.0,
        "Reconciled Cost Of Revenue": 2222800000.0,
        "EBITDA": 977800000.0,
        "EBIT": 736100000.0,
        "Net Interest Income": -63200000.0,
        "Interest Expense": 76200000.0,
        "Interest Income": 13000000.0,
        "Normalized Income": 543901621.457797,
        "Net Income From Continuing And Discontinued Operation": 524200000.0,
        "Total Expenses": 3290500000.0,
        "Total Operating Income As Reported": 710100000.0,
        "Diluted Average Shares": 285400000.0,
        "Basic Average Shares": 283500000.0,
        "Diluted EPS": 1.84,
        "Basic EPS": 1.85,
        "Diluted NI Availto Com Stockholders": 524200000.0,
        "Net Income Common Stockholders": 524200000.0,
        "Net Income": 524200000.0,
        "Minority Interests": -4300000.0,
        "Net Income Including Noncontrolling Interests": 528500000.0,
        "Net Income Continuous Operations": 528500000.0,
        "Tax Provision": 131400000.0,
        "Pretax Income": 659900000.0,
        "Other Income Expense": -11600000.0,
        "Other Non Operating Income Expenses": 13000000.0,
        "Special Income Charges": -24600000.0,
        "Gain On Sale Of Business": -800000.0,
        "Other Special Charges": 28500000.0,
        "Restructuring And Mergern Acquisition": -4700000.0,
        "Net Non Operating Interest Income Expense": -63200000.0,
        "Interest Expense Non Operating": 76200000.0,
        "Interest Income Non Operating": 13000000.0,
        "Operating Income": 734700000.0,
        "Operating Expense": 1067700000.0,
        "Selling General And Administration": 1067700000.0,
        "Gross Profit": 1802400000.0,
        "Cost Of Revenue": 2222800000.0,
        "Total Revenue": 4025200000.0,
        "Operating Revenue": 4025200000.0
    },
    "2025-09-30": {
        "Tax Effect Of Unusual Items": -4672704.472621,
        "Tax Rate For Calcs": 0.178347,
        "Normalized EBITDA": 1061000000.0,
        "Total Unusual Items": -26200000.0,
        "Total Unusual Items Excluding Goodwill": -26200000.0,
        "Net Income From Continuing Operation Net Minority Interest": 585000000.0,
        "Reconciled Depreciation": 242500000.0,
        "Reconciled Cost Of Revenue": 2299400000.0,
        "EBITDA": 1034800000.0,
        "EBIT": 792300000.0,
        "Net Interest Income": -55300000.0,
        "Interest Expense": 74600000.0,
        "Interest Income": 19300000.0,
        "Normalized Income": 606527295.527379,
        "Net Income From Continuing And Discontinued Operation": 585000000.0,
        "Total Expenses": 3378600000.0,
        "Total Operating Income As Reported": 760200000.0,
        "Diluted Average Shares": 285400000.0,
        "Basic Average Shares": 283500000.0,
        "Diluted EPS": 2.05,
        "Basic EPS": 2.06,
        "Diluted NI Availto Com Stockholders": 585000000.0,
        "Net Income Common Stockholders": 585000000.0,
        "Net Income": 585000000.0,
        "Minority Interests": -4700000.0,
        "Net Income Including Noncontrolling Interests": 589700000.0,
        "Net Income Continuous Operations": 589700000.0,
        "Tax Provision": 128000000.0,
        "Pretax Income": 717700000.0,
        "Other Income Expense": -13400000.0,
        "Other Non Operating Income Expenses": 12800000.0,
        "Special Income Charges": -26200000.0,
        "Gain On Sale Of Business": 0.0,
        "Other Special Charges": 15200000.0,
        "Restructuring And Mergern Acquisition": 11000000.0,
        "Net Non Operating Interest Income Expense": -55300000.0,
        "Interest Expense Non Operating": 74600000.0,
        "Interest Income Non Operating": 19300000.0,
        "Operating Income": 786400000.0,
        "Operating Expense": 1079200000.0,
        "Selling General And Administration": 1079200000.0,
        "Gross Profit": 1865600000.0,
        "Cost Of Revenue": 2299400000.0,
        "Total Revenue": 4165000000.0,
        "Operating Revenue": 4165000000.0
    }
}