{
    "2023-03-31": {
        "Tax Effect Of Unusual Items": NaN,
        "Tax Rate For Calcs": NaN,
        "Normalized EBITDA": NaN,
        "Total Unusual Items": NaN,
        "Total Unusual Items Excluding Goodwill": NaN,
        "Net Income From Continuing Operation Net Minority Interest": NaN,
        "Reconciled Cost Of Revenue": NaN,
        "EBITDA": NaN,
        "EBIT": NaN,
        "Net Interest Income": NaN,
        "Interest Expense": NaN,
        "Interest Income": NaN,
        "Normalized Income": NaN,
        "Net Income From Continuing And Discontinued Operation": NaN,
        "Total Expenses": NaN,
        "Total Operating Income As Reported": NaN,
        "Diluted Average Shares": NaN,
        "Basic Average Shares": NaN,
        "Diluted EPS": NaN,
        "Basic EPS": NaN,
        "Diluted NI Availto Com Stockholders": NaN,
        "Net Income Common Stockholders": NaN,
        "Otherunder Preferred Stock Dividend": NaN,
        "Net Income": NaN,
        "Minority Interests": NaN,
        "Net Income Including Noncontrolling Interests": NaN,
        "Net Income Continuous Operations": NaN,
        "Tax Provision": NaN,
        "Pretax Income": NaN,
        "Other Income Expense": NaN,
        "Other Non Operating Income Expenses": NaN,
        "Special Income Charges": 0.0,
        "Gain On Sale Of Business": 0.0,
        "Earnings From Equity Interest": NaN,
        "Gain On Sale Of Security": NaN,
        "Net Non Operating Interest Income Expense": NaN,
        "Interest Expense Non Operating": NaN,
        "Interest Income Non Operating": NaN,
        "Operating Income": NaN,
        "Operating Expense": NaN,
        "Other Operating Expenses": -900000.0,
        "Research And Development": NaN,
        "Selling General And Administration": NaN,
        "General And Administrative Expense": 173200000.0,
        "Other Gand A": 173200000.0,
        "Gross Profit": NaN,
        "Cost Of Revenue": NaN,
        "Total Revenue": NaN,
        "Operating Revenue": NaN
    },
    "2022-12-31": {
        "Tax Effect Of Unusual Items": NaN,
        "Tax Rate For Calcs": NaN,
        "Normalized EBITDA": NaN,
        "Total Unusual Items": NaN,
        "Total Unusual Items Excluding Goodwill": NaN,
        "Net Income From Continuing Operation Net Minority Interest": NaN,
        "Reconciled Cost Of Revenue": NaN,
        "EBITDA": NaN,
        "EBIT": NaN,
        "Net Interest Income": NaN,
        "Interest Expense": NaN,
        "Interest Income": NaN,
        "Normalized Income": NaN,
        "Net Income From Continuing And Discontinued Operation": NaN,
        "Total Expenses": NaN,
        "Total Operating Income As Reported": NaN,
        "Diluted Average Shares": NaN,
        "Basic Average Shares": NaN,
        "Diluted EPS": NaN,
        "Basic EPS": NaN,
        "Diluted NI Availto Com Stockholders": NaN,
        "Net Income Common Stockholders": NaN,
        "Otherunder Preferred Stock Dividend": 78092000.0,
        "Net Income": NaN,
        "Minority Interests": NaN,
        "Net Income Including Noncontrolling Interests": NaN,
        "Net Income Continuous Operations": NaN,
        "Tax Provision": NaN,
        "Pretax Income": NaN,
        "Other Income Expense": NaN,
        "Other Non Operating Income Expenses": NaN,
        "Special Income Charges": -26000.0,
        "Gain On Sale Of Business": -26000.0,
        "Earnings From Equity Interest": NaN,
        "Gain On Sale Of Security": NaN,
        "Net Non Operating Interest Income Expense": NaN,
        "Interest Expense Non Operating": NaN,
        "Interest Income Non Operating": NaN,
        "Operating Income": NaN,
        "Operating Expense": NaN,
        "Other Operating Expenses": NaN,
        "Research And Development": NaN,
        "Selling General And Administration": NaN,
        "General And Administrative Expense": 534918000.0,
        "Other Gand A": 534918000.0,
        "Gross Profit": NaN,
        "Cost Of Revenue": NaN,
        "Total Revenue": NaN,
        "Operating Revenue": NaN
    },
    "2022-09-30": {
        "Tax Effect Of Unusual Items": NaN,
        "Tax Rate For Calcs": NaN,
        "Normalized EBITDA": NaN,
        "Total Unusual Items": NaN,
        "Total Unusual Items Excluding Goodwill": NaN,
        "Net Income From Continuing Operation Net Minority Interest": NaN,
        "Reconciled Cost Of Revenue": NaN,
        "EBITDA": NaN,
        "EBIT": NaN,
        "Net Interest Income": NaN,
        "Interest Expense": NaN,
        "Interest Income": NaN,
        "Normalized Income": NaN,
        "Net Income From Continuing And Discontinued Operation": NaN,
        "Total Expenses": NaN,
        "Total Operating Income As Reported": NaN,
        "Diluted Average Shares": NaN,
        "Basic Average Shares": NaN,
        "Diluted EPS": NaN,
        "Basic EPS": NaN,
        "Diluted NI Availto Com Stockholders": NaN,
        "Net Income Common Stockholders": NaN,
        "Otherunder Preferred Stock Dividend": 99000000.0,
        "Net Income": NaN,
        "Minority Interests": NaN,
        "Net Income Including Noncontrolling Interests": NaN,
        "Net Income Continuous Operations": NaN,
        "Tax Provision": NaN,
        "Pretax Income": NaN,
        "Other Income Expense": NaN,
        "Other Non Operating Income Expenses": NaN,
        "Special Income Charges": 0.0,
        "Gain On Sale Of Business": 0.0,
        "Earnings From Equity Interest": NaN,
        "Gain On Sale Of Security": NaN,
        "Net Non Operating Interest Income Expense": NaN,
        "Interest Expense Non Operating": NaN,
        "Interest Income Non Operating": NaN,
        "Operating Income": NaN,
        "Operating Expense": NaN,
        "Other Operating Expenses": NaN,
        "Research And Development": NaN,
        "Selling General And Administration": NaN,
        "General And Administrative Expense": 183700000.0,
        "Other Gand A": 183700000.0,
        "Gross Profit": NaN,
        "Cost Of Revenue": NaN,
        "Total Revenue": NaN,
        "Operating Revenue": NaN
    },
    "2022-06-30": {
        "Tax Effect Of Unusual Items": -3200000.0,
        "Tax Rate For Calcs": 0.4,
        "Normalized EBITDA": -256500000.0,
        "Total Unusual Items": -8000000.0,
        "Total Unusual Items Excluding Goodwill": -8000000.0,
        "Net Income From Continuing Operation Net Minority Interest": -277600000.0,
        "Reconciled Cost Of Revenue": 369000000.0,
        "EBITDA": -264500000.0,
        "EBIT": -264500000.0,
        "Net Interest Income": -4200000.0,
        "Interest Expense": 7600000.0,
        "Interest Income": 3400000.0,
        "Normalized Income": -272800000.0,
        "Net Income From Continuing And Discontinued Operation": -277600000.0,
        "Total Expenses": 994100000.0,
        "Total Operating Income As Reported": -336300000.0,
        "Diluted Average Shares": 337395390.0,
        "Basic Average Shares": 337395390.0,
        "Diluted EPS": -1.094858,
        "Basic EPS": -1.094858,
        "Diluted NI Availto Com Stockholders": -369400000.0,
        "Net Income Common Stockholders": -369400000.0,
        "Otherunder Preferred Stock Dividend": 91800000.0,
        "Net Income": -277600000.0,
        "Minority Interests": 2100000.0,
        "Net Income Including Noncontrolling Interests": -279700000.0,
        "Net Income Continuous Operations": -279700000.0,
        "Tax Provision": 7600000.0,
        "Pretax Income": -272100000.0,
        "Other Income Expense": 68400000.0,
        "Other Non Operating Income Expenses": 91200000.0,
        "Special Income Charges": 0.0,
        "Gain On Sale Of Business": 0.0,
        "Earnings From Equity Interest": -14800000.0,
        "Gain On Sale Of Security": -8000000.0,
        "Net Non Operating Interest Income Expense": -4200000.0,
        "Interest Expense Non Operating": 7600000.0,
        "Interest Income Non Operating": 3400000.0,
        "Operating Income": -336300000.0,
        "Operating Expense": 625100000.0,
        "Other Operating Expenses": NaN,
        "Research And Development": 309100000.0,
        "Selling General And Administration": 316000000.0,
        "Selling And Marketing Expense": NaN,
        "General And Administrative Expense": 316000000.0,
        "Other Gand A": 316000000.0,
        "Gross Profit": 288800000.0,
        "Cost Of Revenue": 369000000.0,
        "Total Revenue": 657800000.0,
        "Operating Revenue": 657800000.0
    },
    "2022-03-31": {
        "Diluted EPS": 0.18,
        "Total Revenue": NaN,
        "Gross Profit": NaN,
        "Operating Income": -1,
        "EBIT": -1,
        "Net Income": 7
    },
    "2021-12-31": {
        "Diluted EPS": 0.11,
        "Total Revenue": NaN,
        "Gross Profit": NaN,
        "Operating Income": -1,
        "EBIT": -1,
        "Net Income": 1
    },
    "2021-09-30": {
        "Diluted EPS": 0.19,
        "Total Revenue": NaN,
        "Gross Profit": NaN,
        "Operating Income": 0,
        "EBIT": 0,
        "Net Income": 7
    },
    "2021-06-30": {
        "Diluted EPS": 0.18,
        "Total Revenue": NaN,
        "Gross Profit": NaN,
        "Operating Income": 0,
        "EBIT": 0,
        "Net Income": 7
    },
    "2021-03-31": {
        "Diluted EPS": -0.14,
        "Total Revenue": NaN,
        "Gross Profit": NaN,
        "Operating Income": 0,
        "EBIT": 0,
        "Net Income": -3
    },
    "2020-12-31": {
        "Diluted EPS": 0.0,
        "Total Revenue": NaN,
        "Gross Profit": NaN,
        "Operating Income": NaN,
        "EBIT": NaN,
        "Net Income": NaN
    },
    "2023-06-30": {
        "Tax Effect Of Unusual Items": NaN,
        "Tax Rate For Calcs": NaN,
        "Normalized EBITDA": NaN,
        "Total Unusual Items": NaN,
        "Total Unusual Items Excluding Goodwill": NaN,
        "Net Income From Continuing Operation Net Minority Interest": NaN,
        "Reconciled Cost Of Revenue": NaN,
        "EBITDA": NaN,
        "EBIT": NaN,
        "Net Interest Income": NaN,
        "Interest Expense": NaN,
        "Interest Income": NaN,
        "Normalized Income": NaN,
        "Net Income From Continuing And Discontinued Operation": NaN,
        "Total Expenses": NaN,
        "Total Operating Income As Reported": NaN,
        "Diluted Average Shares": NaN,
        "Basic Average Shares": NaN,
        "Diluted EPS": NaN,
        "Basic EPS": NaN,
        "Diluted NI Availto Com Stockholders": NaN,
        "Net Income Common Stockholders": NaN,
        "Otherunder Preferred Stock Dividend": 0.0,
        "Net Income": NaN,
        "Minority Interests": NaN,
        "Net Income Including Noncontrolling Interests": NaN,
        "Net Income Continuous Operations": NaN,
        "Tax Provision": NaN,
        "Pretax Income": NaN,
        "Other Income Expense": NaN,
        "Other Non Operating Income Expenses": NaN,
        "Special Income Charges": 0.0,
        "Gain On Sale Of Business": 0.0,
        "Earnings From Equity Interest": NaN,
        "Gain On Sale Of Security": NaN,
        "Net Non Operating Interest Income Expense": NaN,
        "Interest Expense Non Operating": NaN,
        "Interest Income Non Operating": NaN,
        "Operating Income": NaN,
        "Operating Expense": NaN,
        "Research And Development": NaN,
        "Selling General And Administration": NaN,
        "General And Administrative Expense": 221800000.0,
        "Other Gand A": 221800000.0,
        "Gross Profit": NaN,
        "Cost Of Revenue": NaN,
        "Total Revenue": NaN,
        "Operating Revenue": NaN
    },
    "2023-09-30": {
        "Tax Effect Of Unusual Items": NaN,
        "Tax Rate For Calcs": NaN,
        "Normalized EBITDA": NaN,
        "Total Unusual Items": NaN,
        "Total Unusual Items Excluding Goodwill": NaN,
        "Net Income From Continuing Operation Net Minority Interest": NaN,
        "Reconciled Cost Of Revenue": NaN,
        "EBITDA": NaN,
        "EBIT": NaN,
        "Net Interest Income": NaN,
        "Interest Expense": NaN,
        "Interest Income": NaN,
        "Normalized Income": NaN,
        "Net Income From Continuing And Discontinued Operation": NaN,
        "Total Expenses": NaN,
        "Total Operating Income As Reported": NaN,
        "Diluted Average Shares": NaN,
        "Basic Average Shares": NaN,
        "Diluted EPS": NaN,
        "Basic EPS": NaN,
        "Diluted NI Availto Com Stockholders": NaN,
        "Net Income Common Stockholders": NaN,
        "Otherunder Preferred Stock Dividend": 0.0,
        "Net Income": NaN,
        "Minority Interests": NaN,
        "Net Income Including Noncontrolling Interests": NaN,
        "Net Income Continuous Operations": NaN,
        "Tax Provision": NaN,
        "Pretax Income": NaN,
        "Other Income Expense": NaN,
        "Other Non Operating Income Expenses": NaN,
        "Special Income Charges": 0.0,
        "Gain On Sale Of Business": 0.0,
        "Earnings From Equity Interest": NaN,
        "Gain On Sale Of Security": NaN,
        "Net Non Operating Interest Income Expense": NaN,
        "Interest Expense Non Operating": NaN,
        "Interest Income Non Operating": NaN,
        "Operating Income": NaN,
        "Operating Expense": NaN,
        "Research And Development": NaN,
        "Selling General And Administration": NaN,
        "General And Administrative Expense": 260200000.0,
        "Other Gand A": 260200000.0,
        "Gross Profit": NaN,
        "Cost Of Revenue": NaN,
        "Total Revenue": NaN,
        "Operating Revenue": NaN
    },
    "2023-12-31": {
        "Tax Effect Of Unusual Items": NaN,
        "Tax Rate For Calcs": NaN,
        "Normalized EBITDA": NaN,
        "Total Unusual Items": NaN,
        "Total Unusual Items Excluding Goodwill": NaN,
        "Net Income From Continuing Operation Net Minority Interest": NaN,
        "Reconciled Cost Of Revenue": NaN,
        "EBITDA": NaN,
        "EBIT": NaN,
        "Net Interest Income": NaN,
        "Interest Expense": NaN,
        "Interest Income": NaN,
        "Normalized Income": NaN,
        "Net Income From Continuing And Discontinued Operation": NaN,
        "Total Expenses": NaN,
        "Total Operating Income As Reported": NaN,
        "Diluted Average Shares": NaN,
        "Basic Average Shares": NaN,
        "Diluted EPS": NaN,
        "Basic EPS": NaN,
        "Diluted NI Availto Com Stockholders": NaN,
        "Net Income Common Stockholders": NaN,
        "Otherunder Preferred Stock Dividend": 0.0,
        "Net Income": NaN,
        "Minority Interests": NaN,
        "Net Income Including Noncontrolling Interests": NaN,
        "Net Income Continuous Operations": NaN,
        "Tax Provision": NaN,
        "Pretax Income": NaN,
        "Other Income Expense": NaN,
        "Other Non Operating Income Expenses": NaN,
        "Earnings From Equity Interest": NaN,
        "Gain On Sale Of Security": NaN,
        "Net Non Operating Interest Income Expense": NaN,
        "Interest Expense Non Operating": NaN,
        "Interest Income Non Operating": NaN,
        "Operating Income": NaN,
        "Operating Expense": NaN,
        "Research And Development": NaN,
        "Selling General And Administration": NaN,
        "Gross Profit": NaN,
        "Cost Of Revenue": NaN,
        "Total Revenue": NaN,
        "Operating Revenue": NaN
    },
    "2024-03-31": {
        "Tax Effect Of Unusual Items": -198.150594,
        "Tax Rate For Calcs": 0.001982,
        "Normalized EBITDA": -281400000.0,
        "Total Unusual Items": -100000.0,
        "Total Unusual Items Excluding Goodwill": -100000.0,
        "Net Income From Continuing Operation Net Minority Interest": -284700000.0,
        "Reconciled Cost Of Revenue": 722600000.0,
        "EBITDA": -281500000.0,
        "EBIT": -281500000.0,
        "Net Interest Income": -15200000.0,
        "Interest Expense": 21300000.0,
        "Interest Income": 6100000.0,
        "Normalized Income": -284600198.150594,
        "Net Income From Continuing And Discontinued Operation": -284700000.0,
        "Total Expenses": 1182500000.0,
        "Total Operating Income As Reported": -254600000.0,
        "Diluted Average Shares": 337897291.0,
        "Basic Average Shares": 337897291.0,
        "Diluted EPS": -0.85,
        "Basic EPS": -0.85,
        "Diluted NI Availto Com Stockholders": -284700000.0,
        "Net Income Common Stockholders": -284700000.0,
        "Otherunder Preferred Stock Dividend": NaN,
        "Net Income": -284700000.0,
        "Minority Interests": 17500000.0,
        "Net Income Including Noncontrolling Interests": -302200000.0,
        "Net Income Continuous Operations": -302200000.0,
        "Tax Provision": -600000.0,
        "Pretax Income": -302800000.0,
        "Other Income Expense": -33000000.0,
        "Other Non Operating Income Expenses": -13700000.0,
        "Earnings From Equity Interest": -19200000.0,
        "Gain On Sale Of Security": -100000.0,
        "Net Non Operating Interest Income Expense": -15200000.0,
        "Interest Expense Non Operating": 21300000.0,
        "Interest Income Non Operating": 6100000.0,
        "Operating Income": -254600000.0,
        "Operating Expense": 459900000.0,
        "Research And Development": 269400000.0,
        "Selling General And Administration": 190500000.0,
        "Gross Profit": 205300000.0,
        "Cost Of Revenue": 722600000.0,
        "Total Revenue": 927900000.0,
        "Operating Revenue": 927900000.0
    },
    "2024-06-30": {
        "Tax Effect Of Unusual Items": -150000.0,
        "Tax Rate For Calcs": 0.25,
        "Normalized EBITDA": -38100000.0,
        "Total Unusual Items": -600000.0,
        "Total Unusual Items Excluding Goodwill": -600000.0,
        "Net Income From Continuing Operation Net Minority Interest": -39000000.0,
        "Reconciled Cost Of Revenue": 133100000.0,
        "EBITDA": -38700000.0,
        "EBIT": -38700000.0,
        "Net Interest Income": -2600000.0,
        "Interest Expense": 3300000.0,
        "Interest Income": 700000.0,
        "Normalized Income": -38550000.0,
        "Net Income From Continuing And Discontinued Operation": -39000000.0,
        "Total Expenses": 204800000.0,
        "Total Operating Income As Reported": -31500000.0,
        "Diluted Average Shares": 337973311.0,
        "Basic Average Shares": 337973311.0,
        "Diluted EPS": -0.12,
        "Basic EPS": -0.12,
        "Diluted NI Availto Com Stockholders": -39000000.0,
        "Net Income Common Stockholders": -39000000.0,
        "Net Income": -39000000.0,
        "Minority Interests": 3100000.0,
        "Net Income Including Noncontrolling Interests": -42100000.0,
        "Net Income Continuous Operations": -42100000.0,
        "Tax Provision": 100000.0,
        "Pretax Income": -42000000.0,
        "Other Income Expense": -7900000.0,
        "Other Non Operating Income Expenses": -600000.0,
        "Earnings From Equity Interest": -6700000.0,
        "Gain On Sale Of Security": -600000.0,
        "Net Non Operating Interest Income Expense": -2600000.0,
        "Interest Expense Non Operating": 3300000.0,
        "Interest Income Non Operating": 700000.0,
        "Operating Income": -31500000.0,
        "Operating Expense": 71700000.0,
        "Research And Development": 41800000.0,
        "Selling General And Administration": 29900000.0,
        "Gross Profit": 40200000.0,
        "Cost Of Revenue": 133100000.0,
        "Total Revenue": 173300000.0,
        "Operating Revenue": 173300000.0
    },
    "2024-09-30": {
        "Tax Effect Of Unusual Items": 25000.0,
        "Tax Rate For Calcs": 0.25,
        "Normalized EBITDA": -43300000.0,
        "Total Unusual Items": 100000.0,
        "Total Unusual Items Excluding Goodwill": 100000.0,
        "Net Income From Continuing Operation Net Minority Interest": -45200000.0,
        "Reconciled Cost Of Revenue": 164000000.0,
        "EBITDA": -43200000.0,
        "EBIT": -43200000.0,
        "Net Interest Income": -3200000.0,
        "Interest Expense": 3900000.0,
        "Interest Income": 700000.0,
        "Normalized Income": -45275000.0,
        "Net Income From Continuing And Discontinued Operation": -45200000.0,
        "Total Expenses": 240800000.0,
        "Total Operating Income As Reported": -42600000.0,
        "Diluted Average Shares": 334158093.0,
        "Basic Average Shares": 334158093.0,
        "Diluted EPS": -0.14,
        "Basic EPS": -0.14,
        "Diluted NI Availto Com Stockholders": -45200000.0,
        "Net Income Common Stockholders": -45200000.0,
        "Net Income": -45200000.0,
        "Minority Interests": 2000000.0,
        "Net Income Including Noncontrolling Interests": -47200000.0,
        "Net Income Continuous Operations": -47200000.0,
        "Tax Provision": 100000.0,
        "Pretax Income": -47100000.0,
        "Other Income Expense": -1300000.0,
        "Other Non Operating Income Expenses": -200000.0,
        "Earnings From Equity Interest": -1200000.0,
        "Gain On Sale Of Security": 100000.0,
        "Net Non Operating Interest Income Expense": -3200000.0,
        "Interest Expense Non Operating": 3900000.0,
        "Interest Income Non Operating": 700000.0,
        "Operating Income": -42600000.0,
        "Operating Expense": 76800000.0,
        "Research And Development": 47800000.0,
        "Selling General And Administration": 29000000.0,
        "Gross Profit": 34200000.0,
        "Cost Of Revenue": 164000000.0,
        "Total Revenue": 198200000.0,
        "Operating Revenue": 198200000.0
    },
    "2024-12-31": {
        "Tax Effect Of Unusual Items": -1757347.440188,
        "Tax Rate For Calcs": 0.25,
        "Normalized EBITDA": 14896411.315411,
        "Total Unusual Items": -7029389.760751,
        "Total Unusual Items Excluding Goodwill": -7029389.760751,
        "Net Income From Continuing Operation Net Minority Interest": 62846.154094,
        "Reconciled Cost Of Revenue": 193378908.210176,
        "EBITDA": 7867021.554659,
        "EBIT": 7867021.554659,
        "Net Interest Income": -7170819.659665,
        "Interest Expense": 7855851.94901,
        "Interest Income": 685032.289345,
        "Normalized Income": 5334888.474658,
        "Net Income From Continuing And Discontinued Operation": 62846.154094,
        "Total Expenses": 250409753.536174,
        "Total Operating Income As Reported": -7623391.186981,
        "Diluted Average Shares": 333819732.0,
        "Basic Average Shares": 333819732.0,
        "Diluted EPS": -0.015068,
        "Basic EPS": -0.015068,
        "Diluted NI Availto Com Stockholders": 7820643.167913,
        "Net Income Common Stockholders": 7820643.167913,
        "Net Income": 62846.154094,
        "Minority Interests": 126341.559626,
        "Net Income Including Noncontrolling Interests": -63495.405531,
        "Net Income Continuous Operations": -63495.405531,
        "Tax Provision": 74665.01118,
        "Pretax Income": 11169.605649,
        "Other Income Expense": 12106239.344639,
        "Other Non Operating Income Expenses": 2744564.152916,
        "Earnings From Equity Interest": 16391064.952474,
        "Gain On Sale Of Security": -7029389.760751,
        "Net Non Operating Interest Income Expense": -7170819.659665,
        "Interest Expense Non Operating": 7855851.94901,
        "Interest Income Non Operating": 685032.289345,
        "Operating Income": -4924250.079325,
        "Operating Expense": 57030845.325998,
        "Research And Development": 41705552.793149,
        "Selling General And Administration": 18087994.413645,
        "Gross Profit": 52106595.246674,
        "Cost Of Revenue": 193378908.210176,
        "Total Revenue": 245485503.45685,
        "Operating Revenue": 245485503.45685
    },
    "2025-03-31": {
        "Tax Effect Of Unusual Items": -96368.292079,
        "Tax Rate For Calcs": 0.25,
        "Normalized EBITDA": -21751700.21201,
        "Total Unusual Items": -385473.168314,
        "Total Unusual Items Excluding Goodwill": -385473.168314,
        "Net Income From Continuing Operation Net Minority Interest": -25895536.771387,
        "Reconciled Cost Of Revenue": 134901842.011069,
        "EBITDA": -22137173.380324,
        "EBIT": -22137173.380324,
        "Net Interest Income": -3992400.671825,
        "Interest Expense": 4722046.311848,
        "Interest Income": 729645.640023,
        "Normalized Income": -25606431.895151,
        "Net Income From Continuing And Discontinued Operation": -25895536.771387,
        "Total Expenses": 192915553.842341,
        "Total Operating Income As Reported": -24628982.075498,
        "Diluted Average Shares": 332595882.0,
        "Basic Average Shares": 332595882.0,
        "Diluted EPS": -0.078471,
        "Basic EPS": -0.078471,
        "Diluted NI Availto Com Stockholders": -25895536.771387,
        "Net Income Common Stockholders": -25895536.771387,
        "Net Income": -25895536.771387,
        "Minority Interests": 1211487.100416,
        "Net Income Including Noncontrolling Interests": -27107023.871803,
        "Net Income Continuous Operations": -27107023.871803,
        "Tax Provision": 247804.17963,
        "Pretax Income": -26859219.692172,
        "Other Income Expense": 1762163.05515,
        "Other Non Operating Income Expenses": 2078801.729122,
        "Earnings From Equity Interest": 68834.494342,
        "Gain On Sale Of Security": -385473.168314,
        "Net Non Operating Interest Income Expense": -3992400.671825,
        "Interest Expense Non Operating": 4722046.311848,
        "Interest Income Non Operating": 729645.640023,
        "Operating Income": -24628982.075498,
        "Operating Expense": 58013711.831273,
        "Research And Development": 34582449.957323,
        "Selling General And Administration": 23431261.87395,
        "Gross Profit": 33384729.755775,
        "Cost Of Revenue": 134901842.011069,
        "Total Revenue": 168286571.766844,
        "Operating Revenue": 168286571.766844
    },
    "2025-06-30": {
        "Tax Effect Of Unusual Items": -164631.707921,
        "Tax Rate For Calcs": 0.25,
        "Normalized EBITDA": -37552299.78799,
        "Total Unusual Items": -658526.831686,
        "Total Unusual Items Excluding Goodwill": -658526.831686,
        "Net Income From Continuing Operation Net Minority Interest": -43160463.228613,
        "Reconciled Cost Of Revenue": 138378157.988931,
        "EBITDA": -38210826.619676,
        "EBIT": -38210826.619676,
        "Net Interest Income": -4692599.328175,
        "Interest Expense": 5516953.688152,
        "Interest Income": 824354.359977,
        "Normalized Income": -42666568.104849,
        "Net Income From Continuing And Discontinued Operation": -43160463.228613,
        "Total Expenses": 192270446.157659,
        "Total Operating Income As Reported": -40523017.924502,
        "Diluted Average Shares": 341773717.0,
        "Basic Average Shares": 341773717.0,
        "Diluted EPS": -0.13,
        "Basic EPS": -0.13,
        "Diluted NI Availto Com Stockholders": -43160463.228613,
        "Net Income Common Stockholders": -43160463.228613,
        "Net Income": -43160463.228613,
        "Minority Interests": 2371512.899584,
        "Net Income Including Noncontrolling Interests": -45531976.128197,
        "Net Income Continuous Operations": -45531976.128197,
        "Tax Provision": 1804195.82037,
        "Pretax Income": -43727780.307828,
        "Other Income Expense": -1759163.05515,
        "Other Non Operating Income Expenses": -1144801.729122,
        "Earnings From Equity Interest": 44165.505658,
        "Gain On Sale Of Security": -658526.831686,
        "Net Non Operating Interest Income Expense": -4692599.328175,
        "Interest Expense Non Operating": 5516953.688152,
        "Interest Income Non Operating": 824354.359977,
        "Operating Income": -37276017.924502,
        "Operating Expense": 53892288.168727,
        "Research And Development": 33746550.042677,
        "Selling General And Administration": 24186738.12605,
        "Gross Profit": 16616270.244225,
        "Cost Of Revenue": 138378157.988931,
        "Total Revenue": 154994428.233156,
        "Operating Revenue": 154994428.233156
    },
    "2025-09-30": {
        "Tax Effect Of Unusual Items": -200000.0,
        "Tax Rate For Calcs": 0.25,
        "Normalized EBITDA": 5300000.0,
        "Total Unusual Items": -800000.0,
        "Total Unusual Items Excluding Goodwill": -800000.0,
        "Net Income From Continuing Operation Net Minority Interest": 400000.0,
        "Reconciled Cost Of Revenue": 172300000.0,
        "EBITDA": 4500000.0,
        "EBIT": 4500000.0,
        "Net Interest Income": -2200000.0,
        "Interest Expense": 3700000.0,
        "Interest Income": 1500000.0,
        "Normalized Income": 1000000.0,
        "Net Income From Continuing And Discontinued Operation": 400000.0,
        "Total Expenses": 216600000.0,
        "Total Operating Income As Reported": 3300000.0,
        "Diluted Average Shares": 340627996.0,
        "Basic Average Shares": 339033301.0,
        "Diluted EPS": 0.0,
        "Basic EPS": 0.0,
        "Diluted NI Availto Com Stockholders": 400000.0,
        "Net Income Common Stockholders": 400000.0,
        "Net Income": 400000.0,
        "Minority Interests": -500000.0,
        "Net Income Including Noncontrolling Interests": 900000.0,
        "Net Income Continuous Operations": 900000.0,
        "Tax Provision": -100000.0,
        "Pretax Income": 800000.0,
        "Other Income Expense": -300000.0,
        "Other Non Operating Income Expenses": 200000.0,
        "Earnings From Equity Interest": 300000.0,
        "Gain On Sale Of Security": -800000.0,
        "Net Non Operating Interest Income Expense": -2200000.0,
        "Interest Expense Non Operating": 3700000.0,
        "Interest Income Non Operating": 1500000.0,
        "Operating Income": 3300000.0,
        "Operating Expense": 44300000.0,
        "Research And Development": 25900000.0,
        "Selling General And Administration": 18400000.0,
        "Gross Profit": 47600000.0,
        "Cost Of Revenue": 172300000.0,
        "Total Revenue": 219900000.0,
        "Operating Revenue": 219900000.0
    }
}