{
    "2023-03-31": {
        "Tax Effect Of Unusual Items": NaN,
        "Tax Rate For Calcs": NaN,
        "Normalized EBITDA": NaN,
        "Total Unusual Items": NaN,
        "Total Unusual Items Excluding Goodwill": NaN,
        "Net Income From Continuing Operation Net Minority Interest": NaN,
        "Reconciled Depreciation": NaN,
        "Reconciled Cost Of Revenue": NaN,
        "EBITDA": NaN,
        "EBIT": NaN,
        "Net Interest Income": NaN,
        "Interest Expense": NaN,
        "Normalized Income": NaN,
        "Net Income From Continuing And Discontinued Operation": NaN,
        "Total Expenses": NaN,
        "Total Operating Income As Reported": NaN,
        "Diluted Average Shares": 354200000.0,
        "Basic Average Shares": 352900000.0,
        "Diluted EPS": 4.05,
        "Basic EPS": 4.06,
        "Diluted NI Availto Com Stockholders": NaN,
        "Net Income Common Stockholders": NaN,
        "Net Income": NaN,
        "Minority Interests": NaN,
        "Net Income Including Noncontrolling Interests": NaN,
        "Net Income Continuous Operations": NaN,
        "Tax Provision": NaN,
        "Pretax Income": NaN,
        "Other Income Expense": NaN,
        "Other Non Operating Income Expenses": NaN,
        "Special Income Charges": NaN,
        "Gain On Sale Of Business": NaN,
        "Other Special Charges": NaN,
        "Gain On Sale Of Security": NaN,
        "Net Non Operating Interest Income Expense": NaN,
        "Interest Expense Non Operating": NaN,
        "Operating Income": NaN,
        "Operating Expense": NaN,
        "Other Taxes": NaN,
        "Depreciation Amortization Depletion Income Statement": NaN,
        "Depreciation And Amortization In Income Statement": NaN,
        "Gross Profit": NaN,
        "Cost Of Revenue": NaN,
        "Total Revenue": NaN,
        "Operating Revenue": NaN
    },
    "2022-12-31": {
        "Tax Effect Of Unusual Items": NaN,
        "Tax Rate For Calcs": NaN,
        "Normalized EBITDA": NaN,
        "Total Unusual Items": NaN,
        "Total Unusual Items Excluding Goodwill": NaN,
        "Net Income From Continuing Operation Net Minority Interest": NaN,
        "Reconciled Depreciation": NaN,
        "Reconciled Cost Of Revenue": NaN,
        "EBITDA": NaN,
        "EBIT": NaN,
        "Net Interest Income": NaN,
        "Interest Expense": NaN,
        "Interest Income": -20000000.0,
        "Normalized Income": NaN,
        "Net Income From Continuing And Discontinued Operation": NaN,
        "Total Expenses": NaN,
        "Total Operating Income As Reported": NaN,
        "Diluted Average Shares": NaN,
        "Basic Average Shares": NaN,
        "Diluted EPS": NaN,
        "Basic EPS": NaN,
        "Diluted NI Availto Com Stockholders": NaN,
        "Net Income Common Stockholders": NaN,
        "Net Income": NaN,
        "Minority Interests": NaN,
        "Net Income Including Noncontrolling Interests": NaN,
        "Net Income Continuous Operations": NaN,
        "Tax Provision": NaN,
        "Pretax Income": NaN,
        "Other Income Expense": NaN,
        "Other Non Operating Income Expenses": NaN,
        "Special Income Charges": NaN,
        "Gain On Sale Of Business": NaN,
        "Other Special Charges": NaN,
        "Gain On Sale Of Security": NaN,
        "Net Non Operating Interest Income Expense": NaN,
        "Interest Expense Non Operating": NaN,
        "Interest Income Non Operating": -20000000.0,
        "Operating Income": NaN,
        "Operating Expense": NaN,
        "Other Taxes": NaN,
        "Depreciation Amortization Depletion Income Statement": NaN,
        "Depreciation And Amortization In Income Statement": NaN,
        "Gross Profit": NaN,
        "Cost Of Revenue": NaN,
        "Total Revenue": NaN,
        "Operating Revenue": NaN
    },
    "2022-09-30": {
        "Tax Effect Of Unusual Items": NaN,
        "Tax Rate For Calcs": NaN,
        "Normalized EBITDA": NaN,
        "Total Unusual Items": NaN,
        "Total Unusual Items Excluding Goodwill": NaN,
        "Net Income From Continuing Operation Net Minority Interest": NaN,
        "Reconciled Depreciation": NaN,
        "Reconciled Cost Of Revenue": NaN,
        "EBITDA": NaN,
        "EBIT": NaN,
        "Net Interest Income": NaN,
        "Interest Expense": NaN,
        "Interest Income": 32000000.0,
        "Normalized Income": NaN,
        "Net Income From Continuing And Discontinued Operation": NaN,
        "Total Expenses": NaN,
        "Total Operating Income As Reported": NaN,
        "Diluted Average Shares": NaN,
        "Basic Average Shares": NaN,
        "Diluted EPS": NaN,
        "Basic EPS": NaN,
        "Diluted NI Availto Com Stockholders": NaN,
        "Net Income Common Stockholders": NaN,
        "Net Income": NaN,
        "Minority Interests": NaN,
        "Net Income Including Noncontrolling Interests": NaN,
        "Net Income Continuous Operations": NaN,
        "Tax Provision": NaN,
        "Pretax Income": NaN,
        "Other Income Expense": NaN,
        "Other Non Operating Income Expenses": NaN,
        "Special Income Charges": NaN,
        "Gain On Sale Of Business": NaN,
        "Other Special Charges": NaN,
        "Gain On Sale Of Security": NaN,
        "Net Non Operating Interest Income Expense": NaN,
        "Interest Expense Non Operating": NaN,
        "Interest Income Non Operating": 32000000.0,
        "Operating Income": NaN,
        "Operating Expense": NaN,
        "Other Taxes": NaN,
        "Depreciation Amortization Depletion Income Statement": NaN,
        "Depreciation And Amortization In Income Statement": NaN,
        "Gross Profit": NaN,
        "Cost Of Revenue": NaN,
        "Total Revenue": NaN,
        "Operating Revenue": NaN
    },
    "2022-06-30": {
        "Tax Effect Of Unusual Items": 600000.0,
        "Tax Rate For Calcs": 0.06,
        "Normalized EBITDA": 1037000000.0,
        "Total Unusual Items": 10000000.0,
        "Total Unusual Items Excluding Goodwill": 10000000.0,
        "Net Income From Continuing Operation Net Minority Interest": 255000000.0,
        "Reconciled Depreciation": 539000000.0,
        "Reconciled Cost Of Revenue": 1771000000.0,
        "EBITDA": 1047000000.0,
        "EBIT": 508000000.0,
        "Net Interest Income": -205000000.0,
        "Interest Expense": 237000000.0,
        "Interest Income": 32000000.0,
        "Normalized Income": 245600000.0,
        "Net Income From Continuing And Discontinued Operation": 255000000.0,
        "Total Expenses": 3028000000.0,
        "Total Operating Income As Reported": 387000000.0,
        "Diluted Average Shares": 355500000.0,
        "Basic Average Shares": 354300000.0,
        "Diluted EPS": 0.72,
        "Basic EPS": 0.72,
        "Diluted NI Availto Com Stockholders": 255000000.0,
        "Net Income Common Stockholders": 255000000.0,
        "Net Income": 255000000.0,
        "Minority Interests": 1000000.0,
        "Net Income Including Noncontrolling Interests": 254000000.0,
        "Net Income Continuous Operations": 254000000.0,
        "Tax Provision": 17000000.0,
        "Pretax Income": 271000000.0,
        "Other Income Expense": 89000000.0,
        "Other Non Operating Income Expenses": 79000000.0,
        "Special Income Charges": 5000000.0,
        "Gain On Sale Of Business": NaN,
        "Other Special Charges": -5000000.0,
        "Gain On Sale Of Security": 5000000.0,
        "Net Non Operating Interest Income Expense": -205000000.0,
        "Interest Expense Non Operating": 237000000.0,
        "Interest Income Non Operating": 32000000.0,
        "Operating Income": 387000000.0,
        "Operating Expense": 1257000000.0,
        "Other Taxes": 718000000.0,
        "Depreciation Amortization Depletion Income Statement": 539000000.0,
        "Depreciation And Amortization In Income Statement": 539000000.0,
        "Gross Profit": 1644000000.0,
        "Cost Of Revenue": 1771000000.0,
        "Total Revenue": 3415000000.0,
        "Operating Revenue": 3415000000.0
    },
    "2023-06-30": {
        "Tax Effect Of Unusual Items": NaN,
        "Tax Rate For Calcs": NaN,
        "Normalized EBITDA": NaN,
        "Total Unusual Items": NaN,
        "Total Unusual Items Excluding Goodwill": NaN,
        "Net Income From Continuing Operation Net Minority Interest": NaN,
        "Reconciled Depreciation": NaN,
        "Reconciled Cost Of Revenue": NaN,
        "EBITDA": NaN,
        "EBIT": NaN,
        "Net Interest Income": NaN,
        "Interest Expense": NaN,
        "Normalized Income": NaN,
        "Net Income From Continuing And Discontinued Operation": NaN,
        "Total Expenses": NaN,
        "Total Operating Income As Reported": NaN,
        "Diluted Average Shares": 347400000.0,
        "Basic Average Shares": 345900000.0,
        "Diluted EPS": 0.65,
        "Basic EPS": 0.65,
        "Diluted NI Availto Com Stockholders": NaN,
        "Net Income Common Stockholders": NaN,
        "Net Income": NaN,
        "Minority Interests": NaN,
        "Net Income Including Noncontrolling Interests": NaN,
        "Net Income Continuous Operations": NaN,
        "Tax Provision": NaN,
        "Pretax Income": NaN,
        "Other Income Expense": NaN,
        "Other Non Operating Income Expenses": NaN,
        "Special Income Charges": NaN,
        "Gain On Sale Of Business": NaN,
        "Other Special Charges": NaN,
        "Gain On Sale Of Security": NaN,
        "Net Non Operating Interest Income Expense": NaN,
        "Interest Expense Non Operating": NaN,
        "Operating Income": NaN,
        "Operating Expense": NaN,
        "Other Taxes": NaN,
        "Depreciation Amortization Depletion Income Statement": NaN,
        "Depreciation And Amortization In Income Statement": NaN,
        "Gross Profit": NaN,
        "Cost Of Revenue": NaN,
        "Total Revenue": NaN,
        "Operating Revenue": NaN
    },
    "2023-09-30": {
        "Tax Effect Of Unusual Items": NaN,
        "Tax Rate For Calcs": NaN,
        "Normalized EBITDA": NaN,
        "Total Unusual Items": NaN,
        "Total Unusual Items Excluding Goodwill": NaN,
        "Net Income From Continuing Operation Net Minority Interest": NaN,
        "Reconciled Depreciation": NaN,
        "Reconciled Cost Of Revenue": NaN,
        "EBITDA": NaN,
        "EBIT": NaN,
        "Net Interest Income": NaN,
        "Interest Expense": NaN,
        "Normalized Income": NaN,
        "Net Income From Continuing And Discontinued Operation": NaN,
        "Total Expenses": NaN,
        "Total Operating Income As Reported": NaN,
        "Diluted Average Shares": 346500000.0,
        "Basic Average Shares": 345000000.0,
        "Diluted EPS": 1.52,
        "Basic EPS": 1.53,
        "Diluted NI Availto Com Stockholders": NaN,
        "Net Income Common Stockholders": NaN,
        "Net Income": NaN,
        "Minority Interests": NaN,
        "Net Income Including Noncontrolling Interests": NaN,
        "Net Income Continuous Operations": NaN,
        "Tax Provision": NaN,
        "Pretax Income": NaN,
        "Other Income Expense": NaN,
        "Other Non Operating Income Expenses": NaN,
        "Special Income Charges": NaN,
        "Gain On Sale Of Business": NaN,
        "Other Special Charges": NaN,
        "Gain On Sale Of Security": NaN,
        "Net Non Operating Interest Income Expense": NaN,
        "Interest Expense Non Operating": NaN,
        "Operating Income": NaN,
        "Operating Expense": NaN,
        "Other Taxes": NaN,
        "Depreciation Amortization Depletion Income Statement": NaN,
        "Depreciation And Amortization In Income Statement": NaN,
        "Gross Profit": NaN,
        "Cost Of Revenue": NaN,
        "Total Revenue": NaN,
        "Operating Revenue": NaN
    },
    "2023-12-31": {
        "Tax Effect Of Unusual Items": NaN,
        "Tax Rate For Calcs": NaN,
        "Normalized EBITDA": NaN,
        "Total Unusual Items": NaN,
        "Total Unusual Items Excluding Goodwill": NaN,
        "Net Income From Continuing Operation Net Minority Interest": NaN,
        "Reconciled Depreciation": NaN,
        "Reconciled Cost Of Revenue": NaN,
        "EBITDA": NaN,
        "EBIT": NaN,
        "Net Interest Income": NaN,
        "Interest Expense": NaN,
        "Normalized Income": NaN,
        "Net Income From Continuing And Discontinued Operation": NaN,
        "Total Expenses": NaN,
        "Total Operating Income As Reported": NaN,
        "Diluted Average Shares": NaN,
        "Basic Average Shares": NaN,
        "Diluted EPS": NaN,
        "Basic EPS": NaN,
        "Diluted NI Availto Com Stockholders": NaN,
        "Net Income Common Stockholders": NaN,
        "Net Income": NaN,
        "Minority Interests": 0.0,
        "Net Income Including Noncontrolling Interests": NaN,
        "Net Income Continuous Operations": NaN,
        "Tax Provision": NaN,
        "Pretax Income": NaN,
        "Other Income Expense": NaN,
        "Other Non Operating Income Expenses": NaN,
        "Special Income Charges": NaN,
        "Gain On Sale Of Business": NaN,
        "Other Special Charges": NaN,
        "Gain On Sale Of Security": NaN,
        "Net Non Operating Interest Income Expense": NaN,
        "Interest Expense Non Operating": NaN,
        "Operating Income": NaN,
        "Operating Expense": NaN,
        "Other Taxes": NaN,
        "Depreciation Amortization Depletion Income Statement": NaN,
        "Depreciation And Amortization In Income Statement": NaN,
        "Gross Profit": NaN,
        "Cost Of Revenue": NaN,
        "Total Revenue": NaN,
        "Operating Revenue": NaN
    },
    "2024-03-31": {
        "Tax Effect Of Unusual Items": NaN,
        "Tax Rate For Calcs": NaN,
        "Normalized EBITDA": NaN,
        "Total Unusual Items": NaN,
        "Total Unusual Items Excluding Goodwill": NaN,
        "Net Income From Continuing Operation Net Minority Interest": NaN,
        "Reconciled Depreciation": NaN,
        "Reconciled Cost Of Revenue": NaN,
        "EBITDA": NaN,
        "EBIT": NaN,
        "Net Interest Income": NaN,
        "Interest Expense": NaN,
        "Normalized Income": NaN,
        "Net Income From Continuing And Discontinued Operation": NaN,
        "Total Expenses": NaN,
        "Total Operating Income As Reported": NaN,
        "Diluted Average Shares": NaN,
        "Basic Average Shares": NaN,
        "Diluted EPS": NaN,
        "Basic EPS": NaN,
        "Diluted NI Availto Com Stockholders": NaN,
        "Net Income Common Stockholders": NaN,
        "Net Income": NaN,
        "Minority Interests": 0.0,
        "Net Income Including Noncontrolling Interests": NaN,
        "Net Income Continuous Operations": NaN,
        "Tax Provision": NaN,
        "Pretax Income": NaN,
        "Other Income Expense": NaN,
        "Other Non Operating Income Expenses": NaN,
        "Special Income Charges": NaN,
        "Gain On Sale Of Business": NaN,
        "Other Special Charges": NaN,
        "Gain On Sale Of Security": NaN,
        "Net Non Operating Interest Income Expense": NaN,
        "Interest Expense Non Operating": NaN,
        "Operating Income": NaN,
        "Operating Expense": NaN,
        "Other Operating Expenses": NaN,
        "Other Taxes": NaN,
        "Depreciation Amortization Depletion Income Statement": NaN,
        "Depreciation And Amortization In Income Statement": NaN,
        "Gross Profit": NaN,
        "Cost Of Revenue": NaN,
        "Total Revenue": NaN,
        "Operating Revenue": NaN
    },
    "2024-06-30": {
        "Tax Effect Of Unusual Items": NaN,
        "Tax Rate For Calcs": NaN,
        "Normalized EBITDA": NaN,
        "Total Unusual Items": NaN,
        "Total Unusual Items Excluding Goodwill": NaN,
        "Net Income From Continuing Operation Net Minority Interest": NaN,
        "Reconciled Depreciation": NaN,
        "Reconciled Cost Of Revenue": NaN,
        "EBITDA": NaN,
        "EBIT": NaN,
        "Net Interest Income": NaN,
        "Interest Expense": NaN,
        "Normalized Income": NaN,
        "Net Income From Continuing And Discontinued Operation": NaN,
        "Total Expenses": NaN,
        "Total Operating Income As Reported": NaN,
        "Diluted Average Shares": NaN,
        "Basic Average Shares": NaN,
        "Diluted EPS": NaN,
        "Basic EPS": NaN,
        "Diluted NI Availto Com Stockholders": NaN,
        "Net Income Common Stockholders": NaN,
        "Net Income": NaN,
        "Minority Interests": 0.0,
        "Net Income Including Noncontrolling Interests": NaN,
        "Net Income Continuous Operations": NaN,
        "Tax Provision": NaN,
        "Pretax Income": NaN,
        "Other Income Expense": NaN,
        "Other Non Operating Income Expenses": NaN,
        "Special Income Charges": NaN,
        "Gain On Sale Of Business": NaN,
        "Other Special Charges": -10000000.0,
        "Gain On Sale Of Security": NaN,
        "Net Non Operating Interest Income Expense": NaN,
        "Interest Expense Non Operating": NaN,
        "Operating Income": NaN,
        "Operating Expense": NaN,
        "Other Operating Expenses": NaN,
        "Other Taxes": NaN,
        "Depreciation Amortization Depletion Income Statement": NaN,
        "Depreciation And Amortization In Income Statement": NaN,
        "Gross Profit": NaN,
        "Cost Of Revenue": NaN,
        "Total Revenue": NaN,
        "Operating Revenue": NaN
    },
    "2024-09-30": {
        "Tax Effect Of Unusual Items": 4750000.0,
        "Tax Rate For Calcs": 0.19,
        "Normalized EBITDA": 1552000000.0,
        "Total Unusual Items": 25000000.0,
        "Total Unusual Items Excluding Goodwill": 25000000.0,
        "Net Income From Continuing Operation Net Minority Interest": 588000000.0,
        "Reconciled Depreciation": 550000000.0,
        "Reconciled Cost Of Revenue": 1823000000.0,
        "EBITDA": 1577000000.0,
        "EBIT": 1027000000.0,
        "Net Interest Income": -306000000.0,
        "Interest Expense": 306000000.0,
        "Normalized Income": 567750000.0,
        "Net Income From Continuing And Discontinued Operation": 588000000.0,
        "Total Expenses": 3230000000.0,
        "Total Operating Income As Reported": 862000000.0,
        "Diluted Average Shares": 347500000.0,
        "Basic Average Shares": 346200000.0,
        "Diluted EPS": 1.69,
        "Basic EPS": 1.7,
        "Diluted NI Availto Com Stockholders": 588000000.0,
        "Net Income Common Stockholders": 588000000.0,
        "Net Income": 588000000.0,
        "Minority Interests": 0.0,
        "Net Income Including Noncontrolling Interests": 588000000.0,
        "Net Income Continuous Operations": 588000000.0,
        "Tax Provision": 133000000.0,
        "Pretax Income": 721000000.0,
        "Other Income Expense": 165000000.0,
        "Other Non Operating Income Expenses": 140000000.0,
        "Special Income Charges": 8000000.0,
        "Gain On Sale Of Business": 0.0,
        "Other Special Charges": -8000000.0,
        "Gain On Sale Of Security": 17000000.0,
        "Net Non Operating Interest Income Expense": -306000000.0,
        "Interest Expense Non Operating": 306000000.0,
        "Operating Income": 862000000.0,
        "Operating Expense": 1407000000.0,
        "Other Operating Expenses": NaN,
        "Other Taxes": 857000000.0,
        "Depreciation Amortization Depletion Income Statement": 550000000.0,
        "Depreciation And Amortization In Income Statement": 550000000.0,
        "Gross Profit": 2269000000.0,
        "Cost Of Revenue": 1823000000.0,
        "Total Revenue": 4092000000.0,
        "Operating Revenue": 4092000000.0
    },
    "2024-12-31": {
        "Tax Effect Of Unusual Items": -239875.389408,
        "Tax Rate For Calcs": 0.034268,
        "Normalized EBITDA": 1186000000.0,
        "Total Unusual Items": -7000000.0,
        "Total Unusual Items Excluding Goodwill": -7000000.0,
        "Net Income From Continuing Operation Net Minority Interest": 310000000.0,
        "Reconciled Depreciation": 554000000.0,
        "Reconciled Cost Of Revenue": 1774000000.0,
        "EBITDA": 1179000000.0,
        "EBIT": 625000000.0,
        "Net Interest Income": -304000000.0,
        "Interest Expense": 304000000.0,
        "Normalized Income": 316760124.610592,
        "Net Income From Continuing And Discontinued Operation": 310000000.0,
        "Total Expenses": 3160000000.0,
        "Total Operating Income As Reported": 477000000.0,
        "Diluted Average Shares": 347800000.0,
        "Basic Average Shares": 346400000.0,
        "Diluted EPS": 0.89,
        "Basic EPS": 0.9,
        "Diluted NI Availto Com Stockholders": 310000000.0,
        "Net Income Common Stockholders": 310000000.0,
        "Net Income": 310000000.0,
        "Minority Interests": 0.0,
        "Net Income Including Noncontrolling Interests": 310000000.0,
        "Net Income Continuous Operations": 310000000.0,
        "Tax Provision": 11000000.0,
        "Pretax Income": 321000000.0,
        "Other Income Expense": 116000000.0,
        "Other Non Operating Income Expenses": 123000000.0,
        "Special Income Charges": -23000000.0,
        "Gain On Sale Of Business": -32000000.0,
        "Other Special Charges": -9000000.0,
        "Gain On Sale Of Security": 16000000.0,
        "Net Non Operating Interest Income Expense": -304000000.0,
        "Interest Expense Non Operating": 304000000.0,
        "Operating Income": 509000000.0,
        "Operating Expense": 1386000000.0,
        "Other Operating Expenses": NaN,
        "Other Taxes": 832000000.0,
        "Depreciation Amortization Depletion Income Statement": 554000000.0,
        "Depreciation And Amortization In Income Statement": 554000000.0,
        "Gross Profit": 1895000000.0,
        "Cost Of Revenue": 1774000000.0,
        "Total Revenue": 3669000000.0,
        "Operating Revenue": 3669000000.0
    },
    "2025-03-31": {
        "Tax Effect Of Unusual Items": 7990000.0,
        "Tax Rate For Calcs": 0.235,
        "Normalized EBITDA": 1876000000.0,
        "Total Unusual Items": 34000000.0,
        "Total Unusual Items Excluding Goodwill": 34000000.0,
        "Net Income From Continuing Operation Net Minority Interest": 791000000.0,
        "Reconciled Depreciation": 564000000.0,
        "Reconciled Cost Of Revenue": 2162000000.0,
        "EBITDA": 1910000000.0,
        "EBIT": 1346000000.0,
        "Net Interest Income": -313000000.0,
        "Interest Expense": 313000000.0,
        "Normalized Income": 764990000.0,
        "Net Income From Continuing And Discontinued Operation": 791000000.0,
        "Total Expenses": 3673000000.0,
        "Total Operating Income As Reported": 1125000000.0,
        "Diluted Average Shares": 351300000.0,
        "Basic Average Shares": 350100000.0,
        "Diluted EPS": 2.25,
        "Basic EPS": 2.26,
        "Diluted NI Availto Com Stockholders": 791000000.0,
        "Net Income Common Stockholders": 791000000.0,
        "Net Income": 791000000.0,
        "Minority Interests": NaN,
        "Net Income Including Noncontrolling Interests": 791000000.0,
        "Net Income Continuous Operations": 791000000.0,
        "Tax Provision": 242000000.0,
        "Pretax Income": 1033000000.0,
        "Other Income Expense": 221000000.0,
        "Other Non Operating Income Expenses": 187000000.0,
        "Special Income Charges": 18000000.0,
        "Gain On Sale Of Business": 0.0,
        "Other Special Charges": -18000000.0,
        "Gain On Sale Of Security": 16000000.0,
        "Net Non Operating Interest Income Expense": -313000000.0,
        "Interest Expense Non Operating": 313000000.0,
        "Operating Income": 1125000000.0,
        "Operating Expense": 1511000000.0,
        "Other Operating Expenses": NaN,
        "Other Taxes": 947000000.0,
        "Depreciation Amortization Depletion Income Statement": 564000000.0,
        "Depreciation And Amortization In Income Statement": 564000000.0,
        "Gross Profit": 2636000000.0,
        "Cost Of Revenue": 2162000000.0,
        "Total Revenue": 4798000000.0,
        "Operating Revenue": 4798000000.0
    },
    "2025-06-30": {
        "Tax Effect Of Unusual Items": 5915000.0,
        "Tax Rate For Calcs": 0.169,
        "Normalized EBITDA": 1137000000.0,
        "Total Unusual Items": 35000000.0,
        "Total Unusual Items Excluding Goodwill": 35000000.0,
        "Net Income From Continuing Operation Net Minority Interest": 246000000.0,
        "Reconciled Depreciation": 576000000.0,
        "Reconciled Cost Of Revenue": 1770000000.0,
        "EBITDA": 1172000000.0,
        "EBIT": 596000000.0,
        "Net Interest Income": -300000000.0,
        "Interest Expense": 300000000.0,
        "Normalized Income": 216915000.0,
        "Net Income From Continuing And Discontinued Operation": 246000000.0,
        "Total Expenses": 3240000000.0,
        "Total Operating Income As Reported": 355000000.0,
        "Diluted Average Shares": 361700000.0,
        "Basic Average Shares": 360400000.0,
        "Diluted EPS": 0.68,
        "Basic EPS": 0.68,
        "Diluted NI Availto Com Stockholders": 246000000.0,
        "Net Income Common Stockholders": 246000000.0,
        "Net Income": 246000000.0,
        "Minority Interests": NaN,
        "Net Income Including Noncontrolling Interests": 246000000.0,
        "Net Income Continuous Operations": 246000000.0,
        "Tax Provision": 50000000.0,
        "Pretax Income": 296000000.0,
        "Other Income Expense": 241000000.0,
        "Other Non Operating Income Expenses": 206000000.0,
        "Special Income Charges": 18000000.0,
        "Gain On Sale Of Business": 0.0,
        "Other Special Charges": -18000000.0,
        "Gain On Sale Of Security": 17000000.0,
        "Net Non Operating Interest Income Expense": -300000000.0,
        "Interest Expense Non Operating": 300000000.0,
        "Operating Income": 355000000.0,
        "Operating Expense": 1470000000.0,
        "Other Operating Expenses": NaN,
        "Other Taxes": 894000000.0,
        "Depreciation Amortization Depletion Income Statement": 576000000.0,
        "Depreciation And Amortization In Income Statement": 576000000.0,
        "Gross Profit": 1825000000.0,
        "Cost Of Revenue": 1770000000.0,
        "Total Revenue": 3595000000.0,
        "Operating Revenue": 3595000000.0
    },
    "2025-09-30": {
        "Tax Effect Of Unusual Items": 4086000.0,
        "Tax Rate For Calcs": 0.227,
        "Normalized EBITDA": 1767000000.0,
        "Total Unusual Items": 18000000.0,
        "Total Unusual Items Excluding Goodwill": 18000000.0,
        "Net Income From Continuing Operation Net Minority Interest": 688000000.0,
        "Reconciled Depreciation": 586000000.0,
        "Reconciled Cost Of Revenue": 2023000000.0,
        "EBITDA": 1785000000.0,
        "EBIT": 1199000000.0,
        "Net Interest Income": -309000000.0,
        "Interest Expense": 309000000.0,
        "Normalized Income": 674086000.0,
        "Net Income From Continuing And Discontinued Operation": 688000000.0,
        "Total Expenses": 3546000000.0,
        "Total Operating Income As Reported": 968000000.0,
        "Diluted Average Shares": 361900000.0,
        "Basic Average Shares": 360700000.0,
        "Diluted EPS": 1.9,
        "Basic EPS": 1.91,
        "Diluted NI Availto Com Stockholders": 688000000.0,
        "Net Income Common Stockholders": 688000000.0,
        "Net Income": 688000000.0,
        "Minority Interests": NaN,
        "Net Income Including Noncontrolling Interests": 688000000.0,
        "Net Income Continuous Operations": 688000000.0,
        "Tax Provision": 202000000.0,
        "Pretax Income": 890000000.0,
        "Other Income Expense": 215000000.0,
        "Other Non Operating Income Expenses": 197000000.0,
        "Special Income Charges": 0.0,
        "Gain On Sale Of Business": 0.0,
        "Other Special Charges": NaN,
        "Gain On Sale Of Security": 18000000.0,
        "Net Non Operating Interest Income Expense": -309000000.0,
        "Interest Expense Non Operating": 309000000.0,
        "Operating Income": 984000000.0,
        "Operating Expense": 1523000000.0,
        "Other Operating Expenses": -16000000.0,
        "Other Taxes": 953000000.0,
        "Depreciation Amortization Depletion Income Statement": 586000000.0,
        "Depreciation And Amortization In Income Statement": 586000000.0,
        "Gross Profit": 2507000000.0,
        "Cost Of Revenue": 2023000000.0,
        "Total Revenue": 4530000000.0,
        "Operating Revenue": 4530000000.0
    }
}