{
    "2023-03-31": {
        "Tax Effect Of Unusual Items": NaN,
        "Tax Rate For Calcs": NaN,
        "Normalized EBITDA": NaN,
        "Total Unusual Items": NaN,
        "Total Unusual Items Excluding Goodwill": NaN,
        "Net Income From Continuing Operation Net Minority Interest": NaN,
        "Reconciled Depreciation": NaN,
        "Reconciled Cost Of Revenue": NaN,
        "EBITDA": NaN,
        "EBIT": NaN,
        "Net Interest Income": NaN,
        "Interest Expense": NaN,
        "Normalized Income": NaN,
        "Net Income From Continuing And Discontinued Operation": NaN,
        "Total Expenses": NaN,
        "Total Operating Income As Reported": NaN,
        "Diluted Average Shares": NaN,
        "Basic Average Shares": NaN,
        "Diluted EPS": NaN,
        "Basic EPS": NaN,
        "Diluted NI Availto Com Stockholders": NaN,
        "Net Income Common Stockholders": NaN,
        "Net Income": NaN,
        "Net Income Including Noncontrolling Interests": NaN,
        "Net Income Continuous Operations": NaN,
        "Pretax Income": NaN,
        "Other Income Expense": NaN,
        "Other Non Operating Income Expenses": NaN,
        "Special Income Charges": NaN,
        "Other Special Charges": -70000.0,
        "Net Non Operating Interest Income Expense": NaN,
        "Interest Expense Non Operating": NaN,
        "Operating Income": NaN,
        "Operating Expense": NaN,
        "Selling General And Administration": NaN,
        "Gross Profit": NaN,
        "Cost Of Revenue": NaN,
        "Total Revenue": NaN,
        "Operating Revenue": NaN
    },
    "2022-12-31": {
        "Tax Effect Of Unusual Items": NaN,
        "Tax Rate For Calcs": NaN,
        "Normalized EBITDA": NaN,
        "Total Unusual Items": NaN,
        "Total Unusual Items Excluding Goodwill": NaN,
        "Net Income From Continuing Operation Net Minority Interest": NaN,
        "Reconciled Depreciation": NaN,
        "Reconciled Cost Of Revenue": NaN,
        "EBITDA": NaN,
        "EBIT": NaN,
        "Net Interest Income": NaN,
        "Interest Expense": NaN,
        "Normalized Income": NaN,
        "Net Income From Continuing And Discontinued Operation": NaN,
        "Total Expenses": NaN,
        "Total Operating Income As Reported": NaN,
        "Diluted Average Shares": NaN,
        "Basic Average Shares": NaN,
        "Diluted EPS": NaN,
        "Basic EPS": NaN,
        "Diluted NI Availto Com Stockholders": NaN,
        "Net Income Common Stockholders": NaN,
        "Net Income": NaN,
        "Net Income Including Noncontrolling Interests": NaN,
        "Net Income Continuous Operations": NaN,
        "Pretax Income": NaN,
        "Other Income Expense": NaN,
        "Other Non Operating Income Expenses": 235000.0,
        "Special Income Charges": NaN,
        "Other Special Charges": 0.0,
        "Net Non Operating Interest Income Expense": NaN,
        "Interest Expense Non Operating": NaN,
        "Operating Income": NaN,
        "Operating Expense": NaN,
        "Selling General And Administration": NaN,
        "Gross Profit": NaN,
        "Cost Of Revenue": NaN,
        "Total Revenue": NaN,
        "Operating Revenue": NaN
    },
    "2022-09-30": {
        "Tax Effect Of Unusual Items": NaN,
        "Tax Rate For Calcs": NaN,
        "Normalized EBITDA": NaN,
        "Total Unusual Items": NaN,
        "Total Unusual Items Excluding Goodwill": NaN,
        "Net Income From Continuing Operation Net Minority Interest": NaN,
        "Reconciled Depreciation": NaN,
        "Reconciled Cost Of Revenue": NaN,
        "EBITDA": NaN,
        "EBIT": NaN,
        "Net Interest Income": NaN,
        "Interest Expense": NaN,
        "Normalized Income": NaN,
        "Net Income From Continuing And Discontinued Operation": NaN,
        "Total Expenses": NaN,
        "Total Operating Income As Reported": NaN,
        "Diluted Average Shares": 290380.0,
        "Basic Average Shares": 290380.0,
        "Diluted EPS": -142.6,
        "Basic EPS": -142.6,
        "Diluted NI Availto Com Stockholders": NaN,
        "Net Income Common Stockholders": NaN,
        "Net Income": NaN,
        "Net Income Including Noncontrolling Interests": NaN,
        "Net Income Continuous Operations": NaN,
        "Pretax Income": NaN,
        "Other Income Expense": NaN,
        "Other Non Operating Income Expenses": -235000.0,
        "Special Income Charges": NaN,
        "Other Special Charges": NaN,
        "Net Non Operating Interest Income Expense": NaN,
        "Interest Expense Non Operating": NaN,
        "Operating Income": NaN,
        "Operating Expense": NaN,
        "Selling General And Administration": NaN,
        "Gross Profit": NaN,
        "Cost Of Revenue": NaN,
        "Total Revenue": NaN,
        "Operating Revenue": NaN
    },
    "2022-06-30": {
        "Tax Effect Of Unusual Items": 0.0,
        "Tax Rate For Calcs": 0.0,
        "Normalized EBITDA": -2504000.0,
        "Total Unusual Items": -826000.0,
        "Total Unusual Items Excluding Goodwill": -826000.0,
        "Net Income From Continuing Operation Net Minority Interest": -4776000.0,
        "Reconciled Depreciation": 212000.0,
        "Reconciled Cost Of Revenue": 2779000.0,
        "EBITDA": -3330000.0,
        "EBIT": -3542000.0,
        "Net Interest Income": -1234000.0,
        "Interest Expense": 1234000.0,
        "Normalized Income": -3950000.0,
        "Net Income From Continuing And Discontinued Operation": -4776000.0,
        "Total Expenses": 5512000.0,
        "Total Operating Income As Reported": -2527000.0,
        "Diluted Average Shares": 233617.0,
        "Basic Average Shares": 233617.0,
        "Diluted EPS": -20.44,
        "Basic EPS": -20.44,
        "Diluted NI Availto Com Stockholders": -4776000.0,
        "Net Income Common Stockholders": -4776000.0,
        "Net Income": -4776000.0,
        "Net Income Including Noncontrolling Interests": -4776000.0,
        "Net Income Continuous Operations": -4776000.0,
        "Pretax Income": -4776000.0,
        "Other Income Expense": -1015000.0,
        "Other Non Operating Income Expenses": -189000.0,
        "Special Income Charges": -826000.0,
        "Other Special Charges": 826000.0,
        "Net Non Operating Interest Income Expense": -1234000.0,
        "Interest Expense Non Operating": 1234000.0,
        "Operating Income": -2527000.0,
        "Operating Expense": 2733000.0,
        "Selling General And Administration": 2733000.0,
        "Gross Profit": 206000.0,
        "Cost Of Revenue": 2779000.0,
        "Total Revenue": 2985000.0,
        "Operating Revenue": 2985000.0
    },
    "2022-03-31": {
        "Diluted EPS": -15.4,
        "Total Revenue": 3,
        "Gross Profit": 0,
        "Operating Income": -2,
        "EBIT": -2,
        "Net Income": -3
    },
    "2021-12-31": {
        "Diluted EPS": -13.15,
        "Total Revenue": 3,
        "Gross Profit": 0,
        "Operating Income": -2,
        "EBIT": -1,
        "Net Income": -2
    },
    "2021-09-30": {
        "Diluted EPS": -8.41,
        "Total Revenue": 2,
        "Gross Profit": 0,
        "Operating Income": -1,
        "EBIT": -1,
        "Net Income": -1
    },
    "2021-06-30": {
        "Diluted EPS": -8.71,
        "Total Revenue": 3,
        "Gross Profit": 0,
        "Operating Income": -1,
        "EBIT": -1,
        "Net Income": -1
    },
    "2021-03-31": {
        "Diluted EPS": -9.01,
        "Total Revenue": 2,
        "Gross Profit": 0,
        "Operating Income": -1,
        "EBIT": -1,
        "Net Income": -1
    },
    "2023-06-30": {
        "Tax Effect Of Unusual Items": 0.0,
        "Tax Rate For Calcs": 0.0,
        "Normalized EBITDA": -1432000.0,
        "Total Unusual Items": 1233000.0,
        "Total Unusual Items Excluding Goodwill": 1233000.0,
        "Net Income From Continuing Operation Net Minority Interest": -638000.0,
        "Reconciled Depreciation": 395000.0,
        "Reconciled Cost Of Revenue": 3668000.0,
        "EBITDA": -199000.0,
        "EBIT": -594000.0,
        "Net Interest Income": -44000.0,
        "Interest Expense": 44000.0,
        "Normalized Income": -1871000.0,
        "Net Income From Continuing And Discontinued Operation": -638000.0,
        "Total Expenses": 6048000.0,
        "Total Operating Income As Reported": -1827000.0,
        "Diluted Average Shares": 2641485.0,
        "Basic Average Shares": 2641485.0,
        "Diluted EPS": -4.83,
        "Basic EPS": -4.83,
        "Diluted NI Availto Com Stockholders": -638000.0,
        "Net Income Common Stockholders": -638000.0,
        "Net Income": -638000.0,
        "Net Income Including Noncontrolling Interests": -638000.0,
        "Net Income Continuous Operations": -638000.0,
        "Pretax Income": -638000.0,
        "Other Income Expense": 1233000.0,
        "Other Non Operating Income Expenses": NaN,
        "Special Income Charges": 1233000.0,
        "Other Special Charges": -1233000.0,
        "Net Non Operating Interest Income Expense": -44000.0,
        "Interest Expense Non Operating": 44000.0,
        "Operating Income": -1827000.0,
        "Operating Expense": 2380000.0,
        "Selling General And Administration": 2380000.0,
        "Gross Profit": 553000.0,
        "Cost Of Revenue": 3668000.0,
        "Total Revenue": 4221000.0,
        "Operating Revenue": 4221000.0
    },
    "2023-09-30": {
        "Tax Effect Of Unusual Items": NaN,
        "Tax Rate For Calcs": NaN,
        "Normalized EBITDA": NaN,
        "Total Unusual Items": NaN,
        "Total Unusual Items Excluding Goodwill": NaN,
        "Net Income From Continuing Operation Net Minority Interest": NaN,
        "Reconciled Depreciation": NaN,
        "Reconciled Cost Of Revenue": NaN,
        "EBITDA": NaN,
        "EBIT": NaN,
        "Net Interest Income": NaN,
        "Interest Expense": NaN,
        "Normalized Income": NaN,
        "Net Income From Continuing And Discontinued Operation": NaN,
        "Total Expenses": NaN,
        "Total Operating Income As Reported": NaN,
        "Diluted Average Shares": NaN,
        "Basic Average Shares": NaN,
        "Diluted EPS": NaN,
        "Basic EPS": NaN,
        "Diluted NI Availto Com Stockholders": NaN,
        "Net Income Common Stockholders": NaN,
        "Net Income": NaN,
        "Net Income Including Noncontrolling Interests": NaN,
        "Net Income Continuous Operations": NaN,
        "Pretax Income": NaN,
        "Other Income Expense": NaN,
        "Other Non Operating Income Expenses": 1000.0,
        "Special Income Charges": NaN,
        "Gain On Sale Of Ppe": NaN,
        "Other Special Charges": NaN,
        "Net Non Operating Interest Income Expense": NaN,
        "Interest Expense Non Operating": NaN,
        "Operating Income": NaN,
        "Operating Expense": NaN,
        "Selling General And Administration": NaN,
        "Gross Profit": NaN,
        "Cost Of Revenue": NaN,
        "Total Revenue": NaN,
        "Operating Revenue": NaN
    },
    "2024-03-31": {
        "Tax Effect Of Unusual Items": NaN,
        "Tax Rate For Calcs": NaN,
        "Normalized EBITDA": NaN,
        "Total Unusual Items": NaN,
        "Total Unusual Items Excluding Goodwill": NaN,
        "Net Income From Continuing Operation Net Minority Interest": NaN,
        "Reconciled Depreciation": NaN,
        "Reconciled Cost Of Revenue": NaN,
        "EBITDA": NaN,
        "EBIT": NaN,
        "Net Interest Income": NaN,
        "Interest Expense": NaN,
        "Normalized Income": NaN,
        "Net Income From Continuing And Discontinued Operation": NaN,
        "Total Expenses": NaN,
        "Total Operating Income As Reported": NaN,
        "Diluted Average Shares": NaN,
        "Basic Average Shares": NaN,
        "Diluted EPS": NaN,
        "Basic EPS": NaN,
        "Diluted NI Availto Com Stockholders": NaN,
        "Net Income Common Stockholders": NaN,
        "Otherunder Preferred Stock Dividend": NaN,
        "Net Income": NaN,
        "Net Income Including Noncontrolling Interests": NaN,
        "Net Income Continuous Operations": NaN,
        "Pretax Income": NaN,
        "Other Income Expense": NaN,
        "Other Non Operating Income Expenses": 1000.0,
        "Special Income Charges": NaN,
        "Gain On Sale Of Ppe": NaN,
        "Other Special Charges": NaN,
        "Gain On Sale Of Security": NaN,
        "Net Non Operating Interest Income Expense": NaN,
        "Interest Expense Non Operating": NaN,
        "Operating Income": NaN,
        "Operating Expense": NaN,
        "Selling General And Administration": NaN,
        "Gross Profit": NaN,
        "Cost Of Revenue": NaN,
        "Total Revenue": NaN,
        "Operating Revenue": NaN
    },
    "2024-06-30": {
        "Tax Effect Of Unusual Items": NaN,
        "Tax Rate For Calcs": NaN,
        "Normalized EBITDA": NaN,
        "Total Unusual Items": NaN,
        "Total Unusual Items Excluding Goodwill": NaN,
        "Net Income From Continuing Operation Net Minority Interest": NaN,
        "Reconciled Depreciation": NaN,
        "Reconciled Cost Of Revenue": NaN,
        "EBITDA": NaN,
        "EBIT": NaN,
        "Net Interest Income": NaN,
        "Interest Expense": NaN,
        "Normalized Income": NaN,
        "Net Income From Continuing And Discontinued Operation": NaN,
        "Total Expenses": NaN,
        "Total Operating Income As Reported": NaN,
        "Diluted Average Shares": NaN,
        "Basic Average Shares": NaN,
        "Diluted EPS": NaN,
        "Basic EPS": NaN,
        "Diluted NI Availto Com Stockholders": NaN,
        "Net Income Common Stockholders": NaN,
        "Otherunder Preferred Stock Dividend": 0.0,
        "Net Income": NaN,
        "Net Income Including Noncontrolling Interests": NaN,
        "Net Income Continuous Operations": NaN,
        "Pretax Income": NaN,
        "Other Income Expense": NaN,
        "Other Non Operating Income Expenses": 4000.0,
        "Special Income Charges": NaN,
        "Gain On Sale Of Ppe": 0.0,
        "Other Special Charges": 335000.0,
        "Gain On Sale Of Security": NaN,
        "Net Non Operating Interest Income Expense": NaN,
        "Interest Expense Non Operating": NaN,
        "Operating Income": NaN,
        "Operating Expense": NaN,
        "Selling General And Administration": NaN,
        "Gross Profit": NaN,
        "Cost Of Revenue": NaN,
        "Total Revenue": NaN,
        "Operating Revenue": NaN
    },
    "2024-09-30": {
        "Tax Effect Of Unusual Items": 0.0,
        "Tax Rate For Calcs": 0.0,
        "Normalized EBITDA": -1234000.0,
        "Total Unusual Items": -164000.0,
        "Total Unusual Items Excluding Goodwill": -164000.0,
        "Net Income From Continuing Operation Net Minority Interest": -2063000.0,
        "Reconciled Depreciation": 256000.0,
        "Reconciled Cost Of Revenue": 1885000.0,
        "EBITDA": -1398000.0,
        "EBIT": -1654000.0,
        "Net Interest Income": -409000.0,
        "Interest Expense": 409000.0,
        "Normalized Income": -1899000.0,
        "Net Income From Continuing And Discontinued Operation": -2063000.0,
        "Total Expenses": 4074000.0,
        "Total Operating Income As Reported": -1490000.0,
        "Diluted Average Shares": 12641.0,
        "Basic Average Shares": 12641.0,
        "Diluted EPS": -162.5,
        "Basic EPS": -162.5,
        "Diluted NI Availto Com Stockholders": -2063000.0,
        "Net Income Common Stockholders": -2063000.0,
        "Otherunder Preferred Stock Dividend": 0.0,
        "Net Income": -2063000.0,
        "Net Income Including Noncontrolling Interests": -2063000.0,
        "Net Income Continuous Operations": -2063000.0,
        "Pretax Income": -2063000.0,
        "Other Income Expense": -164000.0,
        "Other Non Operating Income Expenses": NaN,
        "Special Income Charges": -164000.0,
        "Gain On Sale Of Ppe": 0.0,
        "Other Special Charges": 164000.0,
        "Gain On Sale Of Security": NaN,
        "Net Non Operating Interest Income Expense": -409000.0,
        "Interest Expense Non Operating": 409000.0,
        "Operating Income": -1490000.0,
        "Operating Expense": 2189000.0,
        "Selling General And Administration": 2189000.0,
        "Gross Profit": 699000.0,
        "Cost Of Revenue": 1885000.0,
        "Total Revenue": 2584000.0,
        "Operating Revenue": 2584000.0
    },
    "2024-12-31": {
        "Tax Effect Of Unusual Items": 0.0,
        "Tax Rate For Calcs": 0.0,
        "Normalized EBITDA": -2429000.0,
        "Total Unusual Items": -64000.0,
        "Total Unusual Items Excluding Goodwill": -64000.0,
        "Net Income From Continuing Operation Net Minority Interest": -3079000.0,
        "Reconciled Depreciation": 311000.0,
        "Reconciled Cost Of Revenue": 3849000.0,
        "EBITDA": -2493000.0,
        "EBIT": -2804000.0,
        "Net Interest Income": -275000.0,
        "Interest Expense": 275000.0,
        "Normalized Income": -3015000.0,
        "Net Income From Continuing And Discontinued Operation": -3079000.0,
        "Total Expenses": 6613000.0,
        "Total Operating Income As Reported": -2741000.0,
        "Diluted Average Shares": 67247.0,
        "Basic Average Shares": 67247.0,
        "Diluted EPS": -103.4,
        "Basic EPS": -103.4,
        "Diluted NI Availto Com Stockholders": -6952000.0,
        "Net Income Common Stockholders": -6952000.0,
        "Otherunder Preferred Stock Dividend": NaN,
        "Net Income": -3079000.0,
        "Net Income Including Noncontrolling Interests": -3079000.0,
        "Net Income Continuous Operations": -3079000.0,
        "Pretax Income": -3079000.0,
        "Other Income Expense": -63000.0,
        "Other Non Operating Income Expenses": 1000.0,
        "Special Income Charges": -64000.0,
        "Gain On Sale Of Ppe": NaN,
        "Other Special Charges": 64000.0,
        "Gain On Sale Of Security": NaN,
        "Net Non Operating Interest Income Expense": -275000.0,
        "Interest Expense Non Operating": 275000.0,
        "Operating Income": -2741000.0,
        "Operating Expense": 2764000.0,
        "Selling General And Administration": 2764000.0,
        "Gross Profit": 23000.0,
        "Cost Of Revenue": 3849000.0,
        "Total Revenue": 3872000.0,
        "Operating Revenue": 3872000.0
    },
    "2023-12-31": {
        "Tax Effect Of Unusual Items": NaN,
        "Tax Rate For Calcs": NaN,
        "Normalized EBITDA": NaN,
        "Total Unusual Items": NaN,
        "Total Unusual Items Excluding Goodwill": NaN,
        "Net Income From Continuing Operation Net Minority Interest": NaN,
        "Reconciled Depreciation": NaN,
        "Reconciled Cost Of Revenue": NaN,
        "EBITDA": NaN,
        "EBIT": NaN,
        "Net Interest Income": NaN,
        "Interest Expense": NaN,
        "Normalized Income": NaN,
        "Net Income From Continuing And Discontinued Operation": NaN,
        "Total Expenses": NaN,
        "Total Operating Income As Reported": NaN,
        "Diluted Average Shares": NaN,
        "Basic Average Shares": NaN,
        "Diluted EPS": NaN,
        "Basic EPS": NaN,
        "Diluted NI Availto Com Stockholders": NaN,
        "Net Income Common Stockholders": NaN,
        "Otherunder Preferred Stock Dividend": NaN,
        "Net Income": NaN,
        "Net Income Including Noncontrolling Interests": NaN,
        "Net Income Continuous Operations": NaN,
        "Pretax Income": NaN,
        "Other Income Expense": NaN,
        "Other Non Operating Income Expenses": NaN,
        "Special Income Charges": NaN,
        "Gain On Sale Of Ppe": NaN,
        "Other Special Charges": 1233000.0,
        "Net Non Operating Interest Income Expense": NaN,
        "Interest Expense Non Operating": NaN,
        "Operating Income": NaN,
        "Operating Expense": NaN,
        "Selling General And Administration": NaN,
        "Gross Profit": NaN,
        "Cost Of Revenue": NaN,
        "Total Revenue": NaN,
        "Operating Revenue": NaN
    },
    "2025-03-31": {
        "Tax Effect Of Unusual Items": 0.0,
        "Tax Rate For Calcs": 0.0,
        "Normalized EBITDA": -2584000.0,
        "Total Unusual Items": 1000.0,
        "Total Unusual Items Excluding Goodwill": 1000.0,
        "Net Income From Continuing Operation Net Minority Interest": -3324000.0,
        "Reconciled Depreciation": 301000.0,
        "Reconciled Cost Of Revenue": 2630000.0,
        "EBITDA": -2583000.0,
        "EBIT": -2884000.0,
        "Net Interest Income": -440000.0,
        "Interest Expense": 440000.0,
        "Normalized Income": -3325000.0,
        "Net Income From Continuing And Discontinued Operation": -3324000.0,
        "Total Expenses": 5645000.0,
        "Total Operating Income As Reported": -2926000.0,
        "Diluted Average Shares": 134332.0,
        "Basic Average Shares": 134332.0,
        "Diluted EPS": -24.7,
        "Basic EPS": -24.7,
        "Diluted NI Availto Com Stockholders": -3324000.0,
        "Net Income Common Stockholders": -3324000.0,
        "Otherunder Preferred Stock Dividend": NaN,
        "Net Income": -3324000.0,
        "Net Income Including Noncontrolling Interests": -3324000.0,
        "Net Income Continuous Operations": -3324000.0,
        "Pretax Income": -3324000.0,
        "Other Income Expense": 43000.0,
        "Other Non Operating Income Expenses": 42000.0,
        "Special Income Charges": 1000.0,
        "Gain On Sale Of Ppe": 1000.0,
        "Other Special Charges": NaN,
        "Gain On Sale Of Security": NaN,
        "Net Non Operating Interest Income Expense": -440000.0,
        "Interest Expense Non Operating": 440000.0,
        "Operating Income": -2927000.0,
        "Operating Expense": 3015000.0,
        "Selling General And Administration": 3015000.0,
        "Gross Profit": 88000.0,
        "Cost Of Revenue": 2630000.0,
        "Total Revenue": 2718000.0,
        "Operating Revenue": 2718000.0
    },
    "2025-06-30": {
        "Tax Effect Of Unusual Items": 0.0,
        "Tax Rate For Calcs": 0.0,
        "Normalized EBITDA": -3105000.0,
        "Total Unusual Items": -114000.0,
        "Total Unusual Items Excluding Goodwill": -114000.0,
        "Net Income From Continuing Operation Net Minority Interest": -4043000.0,
        "Reconciled Depreciation": 435000.0,
        "Reconciled Cost Of Revenue": 2512000.0,
        "EBITDA": -3219000.0,
        "EBIT": -3654000.0,
        "Net Interest Income": -389000.0,
        "Interest Expense": 389000.0,
        "Normalized Income": -3929000.0,
        "Net Income From Continuing And Discontinued Operation": -4043000.0,
        "Total Expenses": 6739000.0,
        "Total Operating Income As Reported": -3593000.0,
        "Diluted Average Shares": 210926.0,
        "Basic Average Shares": 210926.0,
        "Diluted EPS": -65.8,
        "Basic EPS": -65.8,
        "Diluted NI Availto Com Stockholders": -13876000.0,
        "Net Income Common Stockholders": -13876000.0,
        "Otherunder Preferred Stock Dividend": 9833000.0,
        "Net Income": -4043000.0,
        "Net Income Including Noncontrolling Interests": -4043000.0,
        "Net Income Continuous Operations": -4043000.0,
        "Pretax Income": -4043000.0,
        "Other Income Expense": -61000.0,
        "Other Non Operating Income Expenses": 53000.0,
        "Special Income Charges": -114000.0,
        "Gain On Sale Of Ppe": 0.0,
        "Other Special Charges": 114000.0,
        "Gain On Sale Of Security": NaN,
        "Net Non Operating Interest Income Expense": -389000.0,
        "Interest Expense Non Operating": 389000.0,
        "Operating Income": -3593000.0,
        "Operating Expense": 4227000.0,
        "Selling General And Administration": 4227000.0,
        "Gross Profit": 634000.0,
        "Cost Of Revenue": 2512000.0,
        "Total Revenue": 3146000.0,
        "Operating Revenue": 3146000.0
    },
    "2025-09-30": {
        "Tax Effect Of Unusual Items": 0.0,
        "Tax Rate For Calcs": 0.0,
        "Normalized EBITDA": -2497000.0,
        "Total Unusual Items": -100000.0,
        "Total Unusual Items Excluding Goodwill": -100000.0,
        "Net Income From Continuing Operation Net Minority Interest": -4045000.0,
        "Reconciled Depreciation": 1061000.0,
        "Reconciled Cost Of Revenue": 2544000.0,
        "EBITDA": -2597000.0,
        "EBIT": -3658000.0,
        "Net Interest Income": -387000.0,
        "Interest Expense": 387000.0,
        "Normalized Income": -3945000.0,
        "Net Income From Continuing And Discontinued Operation": -4045000.0,
        "Total Expenses": 6375000.0,
        "Total Operating Income As Reported": -3558000.0,
        "Diluted Average Shares": 293431.0,
        "Basic Average Shares": 293431.0,
        "Diluted EPS": -13.8,
        "Basic EPS": -13.8,
        "Diluted NI Availto Com Stockholders": -4045000.0,
        "Net Income Common Stockholders": -4045000.0,
        "Otherunder Preferred Stock Dividend": 0.0,
        "Net Income": -4045000.0,
        "Net Income Including Noncontrolling Interests": -4045000.0,
        "Net Income Continuous Operations": -4045000.0,
        "Pretax Income": -4045000.0,
        "Other Income Expense": -100000.0,
        "Other Non Operating Income Expenses": NaN,
        "Special Income Charges": -109000.0,
        "Gain On Sale Of Ppe": 0.0,
        "Other Special Charges": 109000.0,
        "Gain On Sale Of Security": 9000.0,
        "Net Non Operating Interest Income Expense": -387000.0,
        "Interest Expense Non Operating": 387000.0,
        "Operating Income": -3558000.0,
        "Operating Expense": 3831000.0,
        "Selling General And Administration": 3831000.0,
        "Gross Profit": 273000.0,
        "Cost Of Revenue": 2544000.0,
        "Total Revenue": 2817000.0,
        "Operating Revenue": 2817000.0
    }
}