{
    "2023-03-31": {
        "Tax Effect Of Unusual Items": NaN,
        "Tax Rate For Calcs": NaN,
        "Normalized EBITDA": NaN,
        "Net Income From Continuing Operation Net Minority Interest": NaN,
        "Reconciled Depreciation": NaN,
        "EBITDA": NaN,
        "EBIT": NaN,
        "Net Interest Income": NaN,
        "Interest Income": NaN,
        "Normalized Income": NaN,
        "Net Income From Continuing And Discontinued Operation": NaN,
        "Total Expenses": NaN,
        "Total Operating Income As Reported": NaN,
        "Diluted Average Shares": NaN,
        "Basic Average Shares": NaN,
        "Diluted EPS": NaN,
        "Basic EPS": NaN,
        "Diluted NI Availto Com Stockholders": NaN,
        "Net Income Common Stockholders": NaN,
        "Net Income": NaN,
        "Net Income Including Noncontrolling Interests": NaN,
        "Net Income Continuous Operations": NaN,
        "Pretax Income": NaN,
        "Other Income Expense": NaN,
        "Other Non Operating Income Expenses": NaN,
        "Net Non Operating Interest Income Expense": NaN,
        "Total Other Finance Cost": -3509000.0,
        "Interest Income Non Operating": NaN,
        "Operating Income": NaN,
        "Operating Expense": NaN,
        "Research And Development": NaN,
        "Selling General And Administration": NaN,
        "General And Administrative Expense": NaN,
        "Other Gand A": NaN,
        "Salaries And Wages": NaN,
        "Total Revenue": NaN,
        "Operating Revenue": NaN
    },
    "2022-12-31": {
        "Tax Effect Of Unusual Items": NaN,
        "Tax Rate For Calcs": NaN,
        "Normalized EBITDA": NaN,
        "Net Income From Continuing Operation Net Minority Interest": NaN,
        "Reconciled Depreciation": NaN,
        "EBITDA": NaN,
        "EBIT": NaN,
        "Net Interest Income": NaN,
        "Interest Income": NaN,
        "Normalized Income": NaN,
        "Net Income From Continuing And Discontinued Operation": NaN,
        "Total Expenses": NaN,
        "Total Operating Income As Reported": NaN,
        "Diluted Average Shares": NaN,
        "Basic Average Shares": NaN,
        "Diluted EPS": NaN,
        "Basic EPS": NaN,
        "Diluted NI Availto Com Stockholders": NaN,
        "Net Income Common Stockholders": NaN,
        "Net Income": NaN,
        "Net Income Including Noncontrolling Interests": NaN,
        "Net Income Continuous Operations": NaN,
        "Pretax Income": NaN,
        "Other Income Expense": 1289000.0,
        "Other Non Operating Income Expenses": 1289000.0,
        "Net Non Operating Interest Income Expense": NaN,
        "Total Other Finance Cost": NaN,
        "Interest Income Non Operating": NaN,
        "Operating Income": NaN,
        "Operating Expense": NaN,
        "Research And Development": NaN,
        "Selling General And Administration": NaN,
        "General And Administrative Expense": NaN,
        "Other Gand A": NaN,
        "Salaries And Wages": NaN,
        "Total Revenue": NaN,
        "Operating Revenue": NaN
    },
    "2022-09-30": {
        "Tax Effect Of Unusual Items": 0.0,
        "Tax Rate For Calcs": 0.0,
        "Normalized EBITDA": -55916000.0,
        "Net Income From Continuing Operation Net Minority Interest": -55726000.0,
        "Reconciled Depreciation": 1604000.0,
        "EBITDA": -55916000.0,
        "EBIT": -57520000.0,
        "Net Interest Income": 1793000.0,
        "Interest Income": 1793000.0,
        "Normalized Income": -55726000.0,
        "Net Income From Continuing And Discontinued Operation": -55726000.0,
        "Total Expenses": 57562000.0,
        "Total Operating Income As Reported": -57520000.0,
        "Diluted Average Shares": 68736125.0,
        "Basic Average Shares": 68736125.0,
        "Diluted EPS": -0.81,
        "Basic EPS": -0.81,
        "Diluted NI Availto Com Stockholders": -55726000.0,
        "Net Income Common Stockholders": -55726000.0,
        "Net Income": -55726000.0,
        "Net Income Including Noncontrolling Interests": -55726000.0,
        "Net Income Continuous Operations": -55726000.0,
        "Pretax Income": -55726000.0,
        "Other Income Expense": 1000.0,
        "Other Non Operating Income Expenses": 1000.0,
        "Net Non Operating Interest Income Expense": 1793000.0,
        "Total Other Finance Cost": NaN,
        "Interest Income Non Operating": 1793000.0,
        "Operating Income": -57520000.0,
        "Operating Expense": 57562000.0,
        "Research And Development": 41326000.0,
        "Selling General And Administration": 16236000.0,
        "General And Administrative Expense": 16236000.0,
        "Other Gand A": 8691000.0,
        "Salaries And Wages": 7545000.0,
        "Total Revenue": 42000.0,
        "Operating Revenue": 42000.0
    },
    "2022-06-30": {
        "Tax Effect Of Unusual Items": 0.0,
        "Tax Rate For Calcs": 0.0,
        "Normalized EBITDA": -52636000.0,
        "Net Income From Continuing Operation Net Minority Interest": -53453000.0,
        "Reconciled Depreciation": 1598000.0,
        "EBITDA": -52636000.0,
        "EBIT": -54234000.0,
        "Net Interest Income": 546000.0,
        "Interest Income": 546000.0,
        "Normalized Income": -53453000.0,
        "Net Income From Continuing And Discontinued Operation": -53453000.0,
        "Total Expenses": 60596000.0,
        "Total Operating Income As Reported": -54234000.0,
        "Diluted Average Shares": 68640858.0,
        "Basic Average Shares": 68640858.0,
        "Diluted EPS": -0.78,
        "Basic EPS": -0.78,
        "Diluted NI Availto Com Stockholders": -53453000.0,
        "Net Income Common Stockholders": -53453000.0,
        "Net Income": -53453000.0,
        "Net Income Including Noncontrolling Interests": -53453000.0,
        "Net Income Continuous Operations": -53453000.0,
        "Pretax Income": -53453000.0,
        "Other Income Expense": 235000.0,
        "Other Non Operating Income Expenses": 235000.0,
        "Net Non Operating Interest Income Expense": 546000.0,
        "Total Other Finance Cost": NaN,
        "Interest Income Non Operating": 546000.0,
        "Operating Income": -54234000.0,
        "Operating Expense": 60596000.0,
        "Research And Development": 43659000.0,
        "Selling General And Administration": 16937000.0,
        "General And Administrative Expense": 16937000.0,
        "Other Gand A": 9150000.0,
        "Salaries And Wages": 7787000.0,
        "Total Revenue": 6362000.0,
        "Operating Revenue": 6362000.0
    },
    "2023-06-30": {
        "Tax Effect Of Unusual Items": NaN,
        "Tax Rate For Calcs": NaN,
        "Normalized EBITDA": NaN,
        "Net Income From Continuing Operation Net Minority Interest": NaN,
        "Reconciled Depreciation": NaN,
        "EBITDA": NaN,
        "EBIT": NaN,
        "Net Interest Income": NaN,
        "Interest Income": NaN,
        "Normalized Income": NaN,
        "Net Income From Continuing And Discontinued Operation": NaN,
        "Total Expenses": NaN,
        "Total Operating Income As Reported": NaN,
        "Diluted Average Shares": NaN,
        "Basic Average Shares": NaN,
        "Diluted EPS": NaN,
        "Basic EPS": NaN,
        "Diluted NI Availto Com Stockholders": NaN,
        "Net Income Common Stockholders": NaN,
        "Net Income": NaN,
        "Net Income Including Noncontrolling Interests": NaN,
        "Net Income Continuous Operations": NaN,
        "Pretax Income": NaN,
        "Other Income Expense": -7000.0,
        "Other Non Operating Income Expenses": -7000.0,
        "Net Non Operating Interest Income Expense": NaN,
        "Interest Income Non Operating": NaN,
        "Operating Income": NaN,
        "Operating Expense": NaN,
        "Research And Development": NaN,
        "Selling General And Administration": NaN,
        "General And Administrative Expense": NaN,
        "Other Gand A": NaN,
        "Salaries And Wages": NaN,
        "Total Revenue": NaN,
        "Operating Revenue": NaN
    },
    "2022-03-31": {
        "Diluted EPS": -0.74,
        "Total Revenue": 7,
        "Gross Profit": 7,
        "Operating Income": -51,
        "EBIT": -49,
        "Net Income": -51
    },
    "2021-12-31": {
        "Diluted EPS": -0.61,
        "Total Revenue": 12,
        "Gross Profit": 12,
        "Operating Income": -42,
        "EBIT": -40,
        "Net Income": -41
    },
    "2021-09-30": {
        "Diluted EPS": -0.57,
        "Total Revenue": 6,
        "Gross Profit": 6,
        "Operating Income": -39,
        "EBIT": -38,
        "Net Income": -39
    },
    "2021-06-30": {
        "Diluted EPS": -0.81,
        "Total Revenue": 0,
        "Gross Profit": 0,
        "Operating Income": -55,
        "EBIT": -54,
        "Net Income": -55
    },
    "2021-03-31": {
        "Diluted EPS": -0.86,
        "Total Revenue": 6,
        "Gross Profit": 6,
        "Operating Income": -57,
        "EBIT": -56,
        "Net Income": -57
    },
    "2020-12-31": {
        "Diluted EPS": -0.98,
        "Total Revenue": 11,
        "Gross Profit": 11,
        "Operating Income": -66,
        "EBIT": -65,
        "Net Income": -62
    },
    "2020-09-30": {
        "Diluted EPS": 0.12,
        "Total Revenue": 63,
        "Gross Profit": 63,
        "Operating Income": 9,
        "EBIT": 10,
        "Net Income": 8
    },
    "2020-06-30": {
        "Diluted EPS": -0.43,
        "Total Revenue": 11,
        "Gross Profit": 11,
        "Operating Income": -31,
        "EBIT": -30,
        "Net Income": -24
    },
    "2020-03-31": {
        "Diluted EPS": -0.69,
        "Total Revenue": 6,
        "Gross Profit": 6,
        "Operating Income": -47,
        "EBIT": -46,
        "Net Income": -38
    },
    "2019-12-31": {
        "Diluted EPS": -0.73,
        "Total Revenue": 12,
        "Gross Profit": 12,
        "Operating Income": -39,
        "EBIT": -39,
        "Net Income": -38
    },
    "2019-09-30": {
        "Diluted EPS": -0.66,
        "Total Revenue": 4,
        "Gross Profit": 4,
        "Operating Income": -35,
        "EBIT": -34,
        "Net Income": -33
    },
    "2019-06-30": {
        "Diluted EPS": -0.69,
        "Total Revenue": 2,
        "Gross Profit": 2,
        "Operating Income": -36,
        "EBIT": -35,
        "Net Income": -34
    },
    "2019-03-31": {
        "Diluted EPS": -0.6,
        "Total Revenue": 2,
        "Gross Profit": 2,
        "Operating Income": -31,
        "EBIT": -31,
        "Net Income": -29
    },
    "2018-12-31": {
        "Diluted EPS": -0.52,
        "Total Revenue": 6,
        "Gross Profit": 6,
        "Operating Income": -26,
        "EBIT": -25,
        "Net Income": -25
    },
    "2018-09-30": {
        "Diluted EPS": -0.32,
        "Total Revenue": 15,
        "Gross Profit": 15,
        "Operating Income": -16,
        "EBIT": -15,
        "Net Income": -15
    },
    "2018-06-30": {
        "Diluted EPS": -0.82,
        "Total Revenue": 7,
        "Gross Profit": 7,
        "Operating Income": -40,
        "EBIT": -39,
        "Net Income": -39
    },
    "2018-03-31": {
        "Diluted EPS": -0.67,
        "Total Revenue": 4,
        "Gross Profit": 4,
        "Operating Income": -32,
        "EBIT": -31,
        "Net Income": -31
    },
    "2017-12-31": {
        "Diluted EPS": -0.84,
        "Total Revenue": 4,
        "Gross Profit": 4,
        "Operating Income": -36,
        "EBIT": -36,
        "Net Income": -36
    },
    "2017-09-30": {
        "Diluted EPS": -0.64,
        "Total Revenue": 6,
        "Gross Profit": 6,
        "Operating Income": -27,
        "EBIT": -26,
        "Net Income": -27
    },
    "2017-06-30": {
        "Diluted EPS": -0.65,
        "Total Revenue": 3,
        "Gross Profit": 3,
        "Operating Income": -26,
        "EBIT": -25,
        "Net Income": -26
    },
    "2017-03-31": {
        "Diluted EPS": -0.85,
        "Total Revenue": 1,
        "Gross Profit": 1,
        "Operating Income": -31,
        "EBIT": -30,
        "Net Income": -31
    },
    "2016-12-31": {
        "Diluted EPS": -1.09,
        "Total Revenue": 1,
        "Gross Profit": 1,
        "Operating Income": -39,
        "EBIT": -38,
        "Net Income": -39
    },
    "2016-09-30": {
        "Diluted EPS": -0.59,
        "Total Revenue": 1,
        "Gross Profit": 1,
        "Operating Income": -21,
        "EBIT": -21,
        "Net Income": -21
    },
    "2016-06-30": {
        "Diluted EPS": -0.54,
        "Total Revenue": 3,
        "Gross Profit": 3,
        "Operating Income": -19,
        "EBIT": -19,
        "Net Income": -19
    },
    "2016-03-31": {
        "Diluted EPS": -0.8,
        "Total Revenue": 1,
        "Gross Profit": 1,
        "Operating Income": -18,
        "EBIT": -18,
        "Net Income": -18
    },
    "2015-12-31": {
        "Diluted EPS": -4.05,
        "Total Revenue": 1,
        "Gross Profit": 1,
        "Operating Income": -12,
        "EBIT": -12,
        "Net Income": -13
    },
    "2015-09-30": {
        "Diluted EPS": -2.57,
        "Total Revenue": 1,
        "Gross Profit": 1,
        "Operating Income": -7,
        "EBIT": -7,
        "Net Income": -8
    },
    "2015-06-30": {
        "Diluted EPS": -21.45,
        "Total Revenue": 0,
        "Gross Profit": 0,
        "Operating Income": -10,
        "EBIT": -10,
        "Net Income": -48
    },
    "2015-03-31": {
        "Diluted EPS": -2.75,
        "Total Revenue": NaN,
        "Gross Profit": NaN,
        "Operating Income": -5,
        "EBIT": -5,
        "Net Income": -5
    },
    "2014-12-31": {
        "Diluted EPS": 0.0,
        "Total Revenue": NaN,
        "Gross Profit": NaN,
        "Operating Income": NaN,
        "EBIT": NaN,
        "Net Income": NaN
    },
    "2023-09-30": {
        "Tax Effect Of Unusual Items": 0.0,
        "Tax Rate For Calcs": 0.0,
        "Normalized EBITDA": -48649000.0,
        "Net Income From Continuing Operation Net Minority Interest": -45019000.0,
        "Reconciled Depreciation": 1514000.0,
        "EBITDA": -48649000.0,
        "EBIT": -50163000.0,
        "Net Interest Income": 5144000.0,
        "Interest Income": 5144000.0,
        "Normalized Income": -45019000.0,
        "Net Income From Continuing And Discontinued Operation": -45019000.0,
        "Total Expenses": 55499000.0,
        "Total Operating Income As Reported": -50163000.0,
        "Diluted Average Shares": 81648250.0,
        "Basic Average Shares": 81648250.0,
        "Diluted EPS": -0.55,
        "Basic EPS": -0.55,
        "Diluted NI Availto Com Stockholders": -45019000.0,
        "Net Income Common Stockholders": -45019000.0,
        "Net Income": -45019000.0,
        "Net Income Including Noncontrolling Interests": -45019000.0,
        "Net Income Continuous Operations": -45019000.0,
        "Pretax Income": -45019000.0,
        "Other Income Expense": NaN,
        "Other Non Operating Income Expenses": NaN,
        "Net Non Operating Interest Income Expense": 5144000.0,
        "Interest Income Non Operating": 5144000.0,
        "Operating Income": -50163000.0,
        "Operating Expense": 55499000.0,
        "Research And Development": 40512000.0,
        "Selling General And Administration": 14987000.0,
        "General And Administrative Expense": 14987000.0,
        "Other Gand A": 8917000.0,
        "Salaries And Wages": 6070000.0,
        "Total Revenue": 5336000.0,
        "Operating Revenue": 5336000.0
    },
    "2023-12-31": {
        "Tax Effect Of Unusual Items": NaN,
        "Tax Rate For Calcs": NaN,
        "Normalized EBITDA": NaN,
        "Total Unusual Items": NaN,
        "Total Unusual Items Excluding Goodwill": NaN,
        "Net Income From Continuing Operation Net Minority Interest": NaN,
        "Reconciled Depreciation": NaN,
        "EBITDA": NaN,
        "EBIT": NaN,
        "Net Interest Income": NaN,
        "Interest Expense": NaN,
        "Interest Income": NaN,
        "Normalized Income": NaN,
        "Net Income From Continuing And Discontinued Operation": NaN,
        "Total Expenses": NaN,
        "Total Operating Income As Reported": NaN,
        "Diluted Average Shares": NaN,
        "Basic Average Shares": NaN,
        "Diluted EPS": NaN,
        "Basic EPS": NaN,
        "Diluted NI Availto Com Stockholders": NaN,
        "Net Income Common Stockholders": NaN,
        "Net Income": NaN,
        "Net Income Including Noncontrolling Interests": NaN,
        "Net Income Continuous Operations": NaN,
        "Pretax Income": NaN,
        "Other Income Expense": -14000.0,
        "Other Non Operating Income Expenses": -14000.0,
        "Special Income Charges": NaN,
        "Write Off": NaN,
        "Restructuring And Mergern Acquisition": NaN,
        "Net Non Operating Interest Income Expense": NaN,
        "Interest Expense Non Operating": NaN,
        "Interest Income Non Operating": NaN,
        "Operating Income": NaN,
        "Operating Expense": NaN,
        "Research And Development": NaN,
        "Selling General And Administration": NaN,
        "General And Administrative Expense": NaN,
        "Other Gand A": NaN,
        "Salaries And Wages": NaN,
        "Total Revenue": NaN,
        "Operating Revenue": NaN
    },
    "2024-03-31": {
        "Tax Effect Of Unusual Items": NaN,
        "Tax Rate For Calcs": NaN,
        "Normalized EBITDA": NaN,
        "Total Unusual Items": NaN,
        "Total Unusual Items Excluding Goodwill": NaN,
        "Net Income From Continuing Operation Net Minority Interest": NaN,
        "Reconciled Depreciation": NaN,
        "EBITDA": NaN,
        "EBIT": NaN,
        "Net Interest Income": NaN,
        "Interest Expense": NaN,
        "Interest Income": NaN,
        "Normalized Income": NaN,
        "Net Income From Continuing And Discontinued Operation": NaN,
        "Total Expenses": NaN,
        "Total Operating Income As Reported": NaN,
        "Diluted Average Shares": NaN,
        "Basic Average Shares": NaN,
        "Diluted EPS": NaN,
        "Basic EPS": NaN,
        "Diluted NI Availto Com Stockholders": NaN,
        "Net Income Common Stockholders": NaN,
        "Net Income": NaN,
        "Net Income Including Noncontrolling Interests": NaN,
        "Net Income Continuous Operations": NaN,
        "Pretax Income": NaN,
        "Other Income Expense": NaN,
        "Other Non Operating Income Expenses": NaN,
        "Special Income Charges": NaN,
        "Other Special Charges": NaN,
        "Write Off": 0.0,
        "Restructuring And Mergern Acquisition": NaN,
        "Net Non Operating Interest Income Expense": NaN,
        "Interest Expense Non Operating": NaN,
        "Interest Income Non Operating": NaN,
        "Operating Income": NaN,
        "Operating Expense": NaN,
        "Research And Development": NaN,
        "Selling General And Administration": NaN,
        "General And Administrative Expense": NaN,
        "Other Gand A": NaN,
        "Salaries And Wages": NaN,
        "Total Revenue": NaN,
        "Operating Revenue": NaN
    },
    "2024-06-30": {
        "Tax Effect Of Unusual Items": NaN,
        "Tax Rate For Calcs": NaN,
        "Normalized EBITDA": NaN,
        "Total Unusual Items": 0.0,
        "Total Unusual Items Excluding Goodwill": 0.0,
        "Net Income From Continuing Operation Net Minority Interest": NaN,
        "Reconciled Depreciation": NaN,
        "EBITDA": NaN,
        "EBIT": NaN,
        "Net Interest Income": NaN,
        "Interest Expense": 0.0,
        "Interest Income": NaN,
        "Normalized Income": NaN,
        "Net Income From Continuing And Discontinued Operation": NaN,
        "Total Expenses": NaN,
        "Total Operating Income As Reported": NaN,
        "Diluted Average Shares": NaN,
        "Basic Average Shares": NaN,
        "Diluted EPS": NaN,
        "Basic EPS": NaN,
        "Diluted NI Availto Com Stockholders": NaN,
        "Net Income Common Stockholders": NaN,
        "Net Income": NaN,
        "Net Income Including Noncontrolling Interests": NaN,
        "Net Income Continuous Operations": NaN,
        "Pretax Income": NaN,
        "Other Income Expense": -1000.0,
        "Other Non Operating Income Expenses": -1000.0,
        "Special Income Charges": 0.0,
        "Other Special Charges": NaN,
        "Write Off": NaN,
        "Restructuring And Mergern Acquisition": 0.0,
        "Net Non Operating Interest Income Expense": NaN,
        "Interest Expense Non Operating": 0.0,
        "Interest Income Non Operating": NaN,
        "Operating Income": NaN,
        "Operating Expense": NaN,
        "Research And Development": NaN,
        "Selling General And Administration": NaN,
        "General And Administrative Expense": NaN,
        "Other Gand A": NaN,
        "Salaries And Wages": NaN,
        "Total Revenue": NaN,
        "Operating Revenue": NaN
    },
    "2024-09-30": {
        "Tax Effect Of Unusual Items": 0.0,
        "Tax Rate For Calcs": 0.0,
        "Normalized EBITDA": -60542000.0,
        "Total Unusual Items": 0.0,
        "Total Unusual Items Excluding Goodwill": 0.0,
        "Net Income From Continuing Operation Net Minority Interest": -62141000.0,
        "Reconciled Depreciation": 1599000.0,
        "EBITDA": -60542000.0,
        "EBIT": -62141000.0,
        "Net Interest Income": 3530000.0,
        "Interest Expense": 0.0,
        "Interest Income": 3530000.0,
        "Normalized Income": -62141000.0,
        "Net Income From Continuing And Discontinued Operation": -62141000.0,
        "Total Expenses": 65727000.0,
        "Total Operating Income As Reported": -65666000.0,
        "Diluted Average Shares": 82485199.0,
        "Basic Average Shares": 82485199.0,
        "Diluted EPS": -0.75,
        "Basic EPS": -0.75,
        "Diluted NI Availto Com Stockholders": -62141000.0,
        "Net Income Common Stockholders": -62141000.0,
        "Net Income": -62141000.0,
        "Net Income Including Noncontrolling Interests": -62141000.0,
        "Net Income Continuous Operations": -62141000.0,
        "Pretax Income": -62141000.0,
        "Other Income Expense": -5000.0,
        "Other Non Operating Income Expenses": -5000.0,
        "Special Income Charges": 0.0,
        "Other Special Charges": NaN,
        "Write Off": NaN,
        "Restructuring And Mergern Acquisition": 0.0,
        "Net Non Operating Interest Income Expense": 3530000.0,
        "Interest Expense Non Operating": 0.0,
        "Interest Income Non Operating": 3530000.0,
        "Operating Income": -65666000.0,
        "Operating Expense": 65727000.0,
        "Research And Development": 47639000.0,
        "Selling General And Administration": 18088000.0,
        "General And Administrative Expense": 18088000.0,
        "Other Gand A": 9432000.0,
        "Salaries And Wages": 8656000.0,
        "Total Revenue": 61000.0,
        "Operating Revenue": 61000.0
    },
    "2024-12-31": {
        "Tax Effect Of Unusual Items": 0.0,
        "Tax Rate For Calcs": 0.0,
        "Normalized EBITDA": -32980000.0,
        "Total Unusual Items": NaN,
        "Total Unusual Items Excluding Goodwill": NaN,
        "Net Income From Continuing Operation Net Minority Interest": -45395000.0,
        "Reconciled Depreciation": 1381000.0,
        "EBITDA": -32980000.0,
        "EBIT": -34361000.0,
        "Net Interest Income": 1201000.0,
        "Interest Expense": NaN,
        "Interest Income": 1201000.0,
        "Normalized Income": -45395000.0,
        "Net Income From Continuing And Discontinued Operation": -45395000.0,
        "Total Expenses": 64965000.0,
        "Total Operating Income As Reported": -46593000.0,
        "Diluted Average Shares": 82613831.0,
        "Basic Average Shares": 82613831.0,
        "Diluted EPS": -0.55,
        "Basic EPS": -0.55,
        "Diluted NI Availto Com Stockholders": -45395000.0,
        "Net Income Common Stockholders": -45395000.0,
        "Net Income": -45395000.0,
        "Net Income Including Noncontrolling Interests": -45395000.0,
        "Net Income Continuous Operations": -45395000.0,
        "Pretax Income": -45395000.0,
        "Other Income Expense": NaN,
        "Other Non Operating Income Expenses": NaN,
        "Special Income Charges": NaN,
        "Other Special Charges": NaN,
        "Write Off": NaN,
        "Restructuring And Mergern Acquisition": NaN,
        "Net Non Operating Interest Income Expense": 1201000.0,
        "Interest Expense Non Operating": NaN,
        "Interest Income Non Operating": 1201000.0,
        "Operating Income": -34361000.0,
        "Operating Expense": 64965000.0,
        "Research And Development": 48611000.0,
        "Selling General And Administration": 16354000.0,
        "General And Administrative Expense": 16354000.0,
        "Other Gand A": 8723000.0,
        "Salaries And Wages": 7631000.0,
        "Total Revenue": 30604000.0,
        "Operating Revenue": 30604000.0
    },
    "2025-03-31": {
        "Tax Effect Of Unusual Items": 0.0,
        "Tax Rate For Calcs": 0.0,
        "Normalized EBITDA": -31102000.0,
        "Total Unusual Items": -40853000.0,
        "Total Unusual Items Excluding Goodwill": -40853000.0,
        "Net Income From Continuing Operation Net Minority Interest": -76088000.0,
        "Reconciled Depreciation": 1917000.0,
        "EBITDA": -71955000.0,
        "EBIT": -73872000.0,
        "Net Interest Income": 500000.0,
        "Interest Expense": 2216000.0,
        "Interest Income": 2716000.0,
        "Normalized Income": -35235000.0,
        "Net Income From Continuing And Discontinued Operation": -76088000.0,
        "Total Expenses": 39968000.0,
        "Total Operating Income As Reported": -76163000.0,
        "Diluted Average Shares": 83055066.0,
        "Basic Average Shares": 83055066.0,
        "Diluted EPS": -0.92,
        "Basic EPS": -0.92,
        "Diluted NI Availto Com Stockholders": -76088000.0,
        "Net Income Common Stockholders": -76088000.0,
        "Net Income": -76088000.0,
        "Net Income Including Noncontrolling Interests": -76088000.0,
        "Net Income Continuous Operations": -76088000.0,
        "Pretax Income": -76088000.0,
        "Other Income Expense": -41278000.0,
        "Other Non Operating Income Expenses": -425000.0,
        "Special Income Charges": -40853000.0,
        "Other Special Charges": 4745000.0,
        "Write Off": 3724000.0,
        "Restructuring And Mergern Acquisition": 32384000.0,
        "Net Non Operating Interest Income Expense": 500000.0,
        "Interest Expense Non Operating": 2216000.0,
        "Interest Income Non Operating": 2716000.0,
        "Operating Income": -35310000.0,
        "Operating Expense": 39968000.0,
        "Research And Development": 26593000.0,
        "Selling General And Administration": 13375000.0,
        "General And Administrative Expense": 13375000.0,
        "Other Gand A": 6862000.0,
        "Salaries And Wages": 6513000.0,
        "Total Revenue": 4658000.0,
        "Operating Revenue": 4658000.0
    },
    "2025-06-30": {
        "Tax Effect Of Unusual Items": 0.0,
        "Tax Rate For Calcs": 0.0,
        "Normalized EBITDA": -23299000.0,
        "Total Unusual Items": -26082000.0,
        "Total Unusual Items Excluding Goodwill": -26082000.0,
        "Net Income From Continuing Operation Net Minority Interest": -53235000.0,
        "Reconciled Depreciation": 1834000.0,
        "EBITDA": -49381000.0,
        "EBIT": -51215000.0,
        "Net Interest Income": 67000.0,
        "Interest Expense": 2020000.0,
        "Interest Income": 2087000.0,
        "Normalized Income": -27153000.0,
        "Net Income From Continuing And Discontinued Operation": -53235000.0,
        "Total Expenses": 29040000.0,
        "Total Operating Income As Reported": -51544000.0,
        "Diluted Average Shares": 84412200.0,
        "Basic Average Shares": 84412200.0,
        "Diluted EPS": -0.63,
        "Basic EPS": -0.63,
        "Diluted NI Availto Com Stockholders": -53235000.0,
        "Net Income Common Stockholders": -53235000.0,
        "Net Income": -53235000.0,
        "Net Income Including Noncontrolling Interests": -53235000.0,
        "Net Income Continuous Operations": -53235000.0,
        "Pretax Income": -53235000.0,
        "Other Income Expense": -27840000.0,
        "Other Non Operating Income Expenses": -1758000.0,
        "Special Income Charges": -26082000.0,
        "Other Special Charges": 1803000.0,
        "Write Off": 0.0,
        "Restructuring And Mergern Acquisition": 24279000.0,
        "Net Non Operating Interest Income Expense": 67000.0,
        "Interest Expense Non Operating": 2020000.0,
        "Interest Income Non Operating": 2087000.0,
        "Operating Income": -25462000.0,
        "Operating Expense": 29040000.0,
        "Research And Development": 16181000.0,
        "Selling General And Administration": 12859000.0,
        "General And Administrative Expense": 12859000.0,
        "Other Gand A": 7926000.0,
        "Salaries And Wages": 4933000.0,
        "Total Revenue": 3578000.0,
        "Operating Revenue": 3578000.0
    },
    "2025-09-30": {
        "Tax Effect Of Unusual Items": 0.0,
        "Tax Rate For Calcs": 0.0,
        "Normalized EBITDA": -21997000.0,
        "Total Unusual Items": 0.0,
        "Total Unusual Items Excluding Goodwill": 0.0,
        "Net Income From Continuing Operation Net Minority Interest": -25117000.0,
        "Reconciled Depreciation": 721000.0,
        "EBITDA": -21997000.0,
        "EBIT": -22718000.0,
        "Net Interest Income": -568000.0,
        "Interest Expense": 2399000.0,
        "Interest Income": 1831000.0,
        "Normalized Income": -25117000.0,
        "Net Income From Continuing And Discontinued Operation": -25117000.0,
        "Total Expenses": 32091000.0,
        "Total Operating Income As Reported": -24548000.0,
        "Diluted Average Shares": 90090397.0,
        "Basic Average Shares": 90090397.0,
        "Diluted EPS": -0.28,
        "Basic EPS": -0.28,
        "Diluted NI Availto Com Stockholders": -25117000.0,
        "Net Income Common Stockholders": -25117000.0,
        "Net Income": -25117000.0,
        "Net Income Including Noncontrolling Interests": -25117000.0,
        "Net Income Continuous Operations": -25117000.0,
        "Pretax Income": -25117000.0,
        "Other Income Expense": -1000.0,
        "Other Non Operating Income Expenses": -1000.0,
        "Special Income Charges": 0.0,
        "Other Special Charges": NaN,
        "Write Off": 0.0,
        "Restructuring And Mergern Acquisition": 0.0,
        "Net Non Operating Interest Income Expense": -568000.0,
        "Interest Expense Non Operating": 2399000.0,
        "Interest Income Non Operating": 1831000.0,
        "Operating Income": -24548000.0,
        "Operating Expense": 32091000.0,
        "Research And Development": 19775000.0,
        "Selling General And Administration": 12316000.0,
        "General And Administrative Expense": 12316000.0,
        "Other Gand A": 8231000.0,
        "Salaries And Wages": 4085000.0,
        "Total Revenue": 7543000.0,
        "Operating Revenue": 7543000.0
    }
}