{
    "2023-03-31": {
        "Tax Effect Of Unusual Items": NaN,
        "Tax Rate For Calcs": NaN,
        "Normalized EBITDA": NaN,
        "Total Unusual Items": NaN,
        "Total Unusual Items Excluding Goodwill": NaN,
        "Net Income From Continuing Operation Net Minority Interest": NaN,
        "Reconciled Depreciation": NaN,
        "Reconciled Cost Of Revenue": NaN,
        "EBITDA": NaN,
        "EBIT": NaN,
        "Net Interest Income": NaN,
        "Interest Expense": NaN,
        "Interest Income": NaN,
        "Normalized Income": NaN,
        "Net Income From Continuing And Discontinued Operation": NaN,
        "Total Expenses": NaN,
        "Total Operating Income As Reported": NaN,
        "Diluted Average Shares": NaN,
        "Basic Average Shares": NaN,
        "Diluted EPS": NaN,
        "Basic EPS": NaN,
        "Diluted NI Availto Com Stockholders": NaN,
        "Net Income Common Stockholders": NaN,
        "Net Income": NaN,
        "Minority Interests": 0.0,
        "Net Income Including Noncontrolling Interests": NaN,
        "Net Income Continuous Operations": NaN,
        "Pretax Income": NaN,
        "Other Income Expense": NaN,
        "Gain On Sale Of Security": NaN,
        "Net Non Operating Interest Income Expense": NaN,
        "Interest Expense Non Operating": NaN,
        "Interest Income Non Operating": NaN,
        "Operating Income": NaN,
        "Operating Expense": NaN,
        "Other Operating Expenses": NaN,
        "Selling General And Administration": NaN,
        "General And Administrative Expense": NaN,
        "Other Gand A": NaN,
        "Gross Profit": NaN,
        "Cost Of Revenue": NaN,
        "Total Revenue": NaN,
        "Operating Revenue": NaN
    },
    "2022-12-31": {
        "Tax Effect Of Unusual Items": NaN,
        "Tax Rate For Calcs": NaN,
        "Normalized EBITDA": NaN,
        "Total Unusual Items": NaN,
        "Total Unusual Items Excluding Goodwill": NaN,
        "Net Income From Continuing Operation Net Minority Interest": NaN,
        "Reconciled Depreciation": NaN,
        "Reconciled Cost Of Revenue": NaN,
        "EBITDA": NaN,
        "EBIT": NaN,
        "Net Interest Income": NaN,
        "Interest Expense": NaN,
        "Interest Income": NaN,
        "Normalized Income": NaN,
        "Net Income From Continuing And Discontinued Operation": NaN,
        "Total Expenses": NaN,
        "Total Operating Income As Reported": NaN,
        "Diluted Average Shares": NaN,
        "Basic Average Shares": NaN,
        "Diluted EPS": NaN,
        "Basic EPS": NaN,
        "Diluted NI Availto Com Stockholders": NaN,
        "Net Income Common Stockholders": NaN,
        "Net Income": NaN,
        "Minority Interests": NaN,
        "Net Income Including Noncontrolling Interests": NaN,
        "Net Income Continuous Operations": NaN,
        "Pretax Income": NaN,
        "Other Income Expense": NaN,
        "Special Income Charges": 2856525.0,
        "Gain On Sale Of Security": NaN,
        "Net Non Operating Interest Income Expense": NaN,
        "Interest Expense Non Operating": NaN,
        "Interest Income Non Operating": NaN,
        "Operating Income": NaN,
        "Operating Expense": NaN,
        "Other Operating Expenses": NaN,
        "Selling General And Administration": NaN,
        "General And Administrative Expense": NaN,
        "Other Gand A": NaN,
        "Gross Profit": NaN,
        "Cost Of Revenue": NaN,
        "Total Revenue": NaN,
        "Operating Revenue": NaN
    },
    "2022-09-30": {
        "Tax Effect Of Unusual Items": NaN,
        "Tax Rate For Calcs": NaN,
        "Normalized EBITDA": NaN,
        "Total Unusual Items": NaN,
        "Total Unusual Items Excluding Goodwill": NaN,
        "Net Income From Continuing Operation Net Minority Interest": NaN,
        "Reconciled Depreciation": NaN,
        "Reconciled Cost Of Revenue": NaN,
        "EBITDA": NaN,
        "EBIT": NaN,
        "Net Interest Income": NaN,
        "Interest Expense": NaN,
        "Interest Income": NaN,
        "Normalized Income": NaN,
        "Net Income From Continuing And Discontinued Operation": NaN,
        "Total Expenses": NaN,
        "Total Operating Income As Reported": NaN,
        "Diluted Average Shares": NaN,
        "Basic Average Shares": NaN,
        "Diluted EPS": NaN,
        "Basic EPS": NaN,
        "Diluted NI Availto Com Stockholders": NaN,
        "Net Income Common Stockholders": NaN,
        "Net Income": NaN,
        "Minority Interests": NaN,
        "Net Income Including Noncontrolling Interests": NaN,
        "Net Income Continuous Operations": NaN,
        "Pretax Income": NaN,
        "Other Income Expense": NaN,
        "Special Income Charges": 0.0,
        "Gain On Sale Of Security": NaN,
        "Net Non Operating Interest Income Expense": NaN,
        "Interest Expense Non Operating": NaN,
        "Interest Income Non Operating": NaN,
        "Operating Income": NaN,
        "Operating Expense": NaN,
        "Other Operating Expenses": NaN,
        "Selling General And Administration": NaN,
        "General And Administrative Expense": NaN,
        "Other Gand A": NaN,
        "Gross Profit": NaN,
        "Cost Of Revenue": NaN,
        "Total Revenue": NaN,
        "Operating Revenue": NaN
    },
    "2022-06-30": {
        "Tax Effect Of Unusual Items": 241048.4,
        "Tax Rate For Calcs": 0.4,
        "Normalized EBITDA": 13639667.0,
        "Total Unusual Items": 602621.0,
        "Total Unusual Items Excluding Goodwill": 602621.0,
        "Net Income From Continuing Operation Net Minority Interest": 10617595.0,
        "Reconciled Depreciation": 2867388.0,
        "Reconciled Cost Of Revenue": 7970291.0,
        "EBITDA": 14242288.0,
        "EBIT": 11374900.0,
        "Net Interest Income": -757090.0,
        "Interest Expense": 757305.0,
        "Interest Income": 215.0,
        "Normalized Income": 10256022.4,
        "Net Income From Continuing And Discontinued Operation": 10617595.0,
        "Total Expenses": 10201613.0,
        "Total Operating Income As Reported": 10772064.0,
        "Diluted Average Shares": 2942123.0,
        "Basic Average Shares": 2898557.0,
        "Diluted EPS": 3.61,
        "Basic EPS": 3.66,
        "Diluted NI Availto Com Stockholders": 10617595.0,
        "Net Income Common Stockholders": 10617595.0,
        "Net Income": 10617595.0,
        "Net Income Including Noncontrolling Interests": 10617595.0,
        "Net Income Continuous Operations": 10617595.0,
        "Pretax Income": 10617595.0,
        "Other Income Expense": 602621.0,
        "Special Income Charges": 0.0,
        "Gain On Sale Of Ppe": NaN,
        "Gain On Sale Of Security": 602621.0,
        "Net Non Operating Interest Income Expense": -757090.0,
        "Interest Expense Non Operating": 757305.0,
        "Interest Income Non Operating": 215.0,
        "Operating Income": 10772064.0,
        "Operating Expense": 2231322.0,
        "Other Operating Expenses": 1548765.0,
        "Selling General And Administration": 2231322.0,
        "General And Administrative Expense": 2231322.0,
        "Other Gand A": 2231322.0,
        "Gross Profit": 13003386.0,
        "Cost Of Revenue": 7970291.0,
        "Total Revenue": 20973677.0,
        "Operating Revenue": 22266855.0
    },
    "2022-03-31": {
        "Diluted EPS": 3.64,
        "Total Revenue": 18,
        "Gross Profit": 15,
        "Operating Income": 10,
        "EBIT": 13,
        "Net Income": 10
    },
    "2021-12-31": {
        "Diluted EPS": 6.13,
        "Total Revenue": 22,
        "Gross Profit": 19,
        "Operating Income": 15,
        "EBIT": 17,
        "Net Income": 15
    },
    "2021-09-30": {
        "Diluted EPS": 4.41,
        "Total Revenue": 19,
        "Gross Profit": 16,
        "Operating Income": 13,
        "EBIT": 15,
        "Net Income": 12
    },
    "2021-06-30": {
        "Diluted EPS": 0.81,
        "Total Revenue": 14,
        "Gross Profit": 11,
        "Operating Income": 8,
        "EBIT": 10,
        "Net Income": 2
    },
    "2021-03-31": {
        "Diluted EPS": 0.19,
        "Total Revenue": 9,
        "Gross Profit": 6,
        "Operating Income": 3,
        "EBIT": 5,
        "Net Income": 0
    },
    "2020-12-31": {
        "Diluted EPS": -0.31,
        "Total Revenue": 6,
        "Gross Profit": 3,
        "Operating Income": 0,
        "EBIT": 2,
        "Net Income": -1
    },
    "2020-09-30": {
        "Diluted EPS": 0.06,
        "Total Revenue": 7,
        "Gross Profit": 4,
        "Operating Income": 1,
        "EBIT": 3,
        "Net Income": 0
    },
    "2020-06-30": {
        "Diluted EPS": -1.86,
        "Total Revenue": 4,
        "Gross Profit": 1,
        "Operating Income": -3,
        "EBIT": -1,
        "Net Income": -4
    },
    "2020-03-31": {
        "Diluted EPS": -1.17,
        "Total Revenue": 5,
        "Gross Profit": 2,
        "Operating Income": -1,
        "EBIT": 0,
        "Net Income": -3
    },
    "2019-12-31": {
        "Diluted EPS": 0.46,
        "Total Revenue": 8,
        "Gross Profit": 5,
        "Operating Income": 2,
        "EBIT": 4,
        "Net Income": 1
    },
    "2019-09-30": {
        "Diluted EPS": -0.35,
        "Total Revenue": 8,
        "Gross Profit": 4,
        "Operating Income": 1,
        "EBIT": 3,
        "Net Income": -1
    },
    "2019-06-30": {
        "Diluted EPS": -1.14,
        "Total Revenue": 6,
        "Gross Profit": 3,
        "Operating Income": 0,
        "EBIT": 1,
        "Net Income": -3
    },
    "2019-03-31": {
        "Diluted EPS": 0.18,
        "Total Revenue": 6,
        "Gross Profit": 3,
        "Operating Income": 0,
        "EBIT": 2,
        "Net Income": 0
    },
    "2018-12-31": {
        "Diluted EPS": 0.1,
        "Total Revenue": 7,
        "Gross Profit": 4,
        "Operating Income": 2,
        "EBIT": 3,
        "Net Income": 0
    },
    "2018-09-30": {
        "Diluted EPS": 0.63,
        "Total Revenue": 7,
        "Gross Profit": 5,
        "Operating Income": 2,
        "EBIT": 4,
        "Net Income": 1
    },
    "2018-06-30": {
        "Diluted EPS": 0.17,
        "Total Revenue": 6,
        "Gross Profit": 4,
        "Operating Income": 1,
        "EBIT": 2,
        "Net Income": 0
    },
    "2018-03-31": {
        "Diluted EPS": -0.65,
        "Total Revenue": 5,
        "Gross Profit": 2,
        "Operating Income": -1,
        "EBIT": 0,
        "Net Income": -1
    },
    "2017-12-31": {
        "Diluted EPS": 0.0,
        "Total Revenue": NaN,
        "Gross Profit": NaN,
        "Operating Income": NaN,
        "EBIT": NaN,
        "Net Income": NaN
    },
    "2017-09-30": {
        "Diluted EPS": 0.29,
        "Total Revenue": 5,
        "Gross Profit": 3,
        "Operating Income": 1,
        "EBIT": 2,
        "Net Income": 1
    },
    "2017-06-30": {
        "Diluted EPS": -0.13,
        "Total Revenue": 5,
        "Gross Profit": 2,
        "Operating Income": 0,
        "EBIT": 0,
        "Net Income": 0
    },
    "2016-12-31": {
        "Diluted EPS": 0.0,
        "Total Revenue": NaN,
        "Gross Profit": NaN,
        "Operating Income": NaN,
        "EBIT": NaN,
        "Net Income": NaN
    },
    "2023-06-30": {
        "Tax Effect Of Unusual Items": NaN,
        "Tax Rate For Calcs": NaN,
        "Normalized EBITDA": NaN,
        "Total Unusual Items": NaN,
        "Total Unusual Items Excluding Goodwill": NaN,
        "Net Income From Continuing Operation Net Minority Interest": NaN,
        "Reconciled Depreciation": NaN,
        "Reconciled Cost Of Revenue": NaN,
        "EBITDA": NaN,
        "EBIT": NaN,
        "Net Interest Income": NaN,
        "Interest Expense": NaN,
        "Interest Income": NaN,
        "Normalized Income": NaN,
        "Net Income From Continuing And Discontinued Operation": NaN,
        "Total Expenses": NaN,
        "Total Operating Income As Reported": NaN,
        "Diluted Average Shares": NaN,
        "Basic Average Shares": NaN,
        "Diluted EPS": NaN,
        "Basic EPS": NaN,
        "Diluted NI Availto Com Stockholders": NaN,
        "Net Income Common Stockholders": NaN,
        "Net Income": NaN,
        "Minority Interests": 0.0,
        "Net Income Including Noncontrolling Interests": NaN,
        "Net Income Continuous Operations": NaN,
        "Pretax Income": NaN,
        "Other Income Expense": NaN,
        "Gain On Sale Of Security": NaN,
        "Net Non Operating Interest Income Expense": NaN,
        "Interest Expense Non Operating": NaN,
        "Interest Income Non Operating": NaN,
        "Operating Income": NaN,
        "Operating Expense": NaN,
        "Other Operating Expenses": NaN,
        "Selling General And Administration": NaN,
        "General And Administrative Expense": NaN,
        "Other Gand A": NaN,
        "Gross Profit": NaN,
        "Cost Of Revenue": NaN,
        "Total Revenue": NaN,
        "Operating Revenue": NaN
    },
    "2023-09-30": {
        "Tax Effect Of Unusual Items": NaN,
        "Tax Rate For Calcs": NaN,
        "Normalized EBITDA": NaN,
        "Total Unusual Items": NaN,
        "Total Unusual Items Excluding Goodwill": NaN,
        "Net Income From Continuing Operation Net Minority Interest": NaN,
        "Reconciled Depreciation": NaN,
        "Reconciled Cost Of Revenue": NaN,
        "EBITDA": NaN,
        "EBIT": NaN,
        "Net Interest Income": NaN,
        "Interest Expense": NaN,
        "Interest Income": NaN,
        "Normalized Income": NaN,
        "Net Income From Continuing And Discontinued Operation": NaN,
        "Total Expenses": NaN,
        "Total Operating Income As Reported": NaN,
        "Diluted Average Shares": 2758013.0,
        "Basic Average Shares": 2758013.0,
        "Diluted EPS": -0.19,
        "Basic EPS": -0.19,
        "Diluted NI Availto Com Stockholders": NaN,
        "Net Income Common Stockholders": NaN,
        "Net Income": NaN,
        "Minority Interests": 0.0,
        "Net Income Including Noncontrolling Interests": NaN,
        "Net Income Continuous Operations": NaN,
        "Pretax Income": NaN,
        "Other Income Expense": NaN,
        "Gain On Sale Of Security": NaN,
        "Net Non Operating Interest Income Expense": NaN,
        "Interest Expense Non Operating": NaN,
        "Interest Income Non Operating": NaN,
        "Operating Income": NaN,
        "Operating Expense": NaN,
        "Other Operating Expenses": NaN,
        "Selling General And Administration": NaN,
        "General And Administrative Expense": NaN,
        "Other Gand A": NaN,
        "Gross Profit": NaN,
        "Cost Of Revenue": NaN,
        "Total Revenue": NaN,
        "Operating Revenue": NaN
    },
    "2023-12-31": {
        "Tax Effect Of Unusual Items": 0.0,
        "Tax Rate For Calcs": 0.0,
        "Normalized EBITDA": 6916533.0,
        "Total Unusual Items": -1668150.0,
        "Total Unusual Items Excluding Goodwill": -1668150.0,
        "Net Income From Continuing Operation Net Minority Interest": 347706.0,
        "Reconciled Depreciation": 3236161.0,
        "Reconciled Cost Of Revenue": 10190491.0,
        "EBITDA": 5248383.0,
        "EBIT": 2012222.0,
        "Net Interest Income": -1874548.0,
        "Interest Expense": 2038584.0,
        "Interest Income": 164036.0,
        "Normalized Income": 2015856.0,
        "Net Income From Continuing And Discontinued Operation": 347706.0,
        "Total Expenses": 12382448.0,
        "Total Operating Income As Reported": 3382042.0,
        "Diluted Average Shares": 2760685.0,
        "Basic Average Shares": 2731088.0,
        "Diluted EPS": 0.13,
        "Basic EPS": 0.13,
        "Diluted NI Availto Com Stockholders": 347706.0,
        "Net Income Common Stockholders": 347706.0,
        "Net Income": 347706.0,
        "Minority Interests": NaN,
        "Net Income Including Noncontrolling Interests": -26362.0,
        "Net Income Continuous Operations": -26362.0,
        "Pretax Income": -26362.0,
        "Other Income Expense": -1668150.0,
        "Gain On Sale Of Security": -1533856.0,
        "Net Non Operating Interest Income Expense": -1874548.0,
        "Interest Expense Non Operating": 2038584.0,
        "Interest Income Non Operating": 164036.0,
        "Operating Income": 3516336.0,
        "Operating Expense": 2191957.0,
        "Other Operating Expenses": 951896.0,
        "Selling General And Administration": 1240061.0,
        "General And Administrative Expense": 1240061.0,
        "Other Gand A": 1240061.0,
        "Gross Profit": 5708293.0,
        "Cost Of Revenue": 10190491.0,
        "Total Revenue": 15898784.0,
        "Operating Revenue": 16869755.0
    },
    "2024-03-31": {
        "Tax Effect Of Unusual Items": 0.0,
        "Tax Rate For Calcs": 0.0,
        "Normalized EBITDA": 3057425.0,
        "Total Unusual Items": 545109.0,
        "Total Unusual Items Excluding Goodwill": 545109.0,
        "Net Income From Continuing Operation Net Minority Interest": -1781502.0,
        "Reconciled Depreciation": 3442068.0,
        "Reconciled Cost Of Revenue": 12948574.0,
        "EBITDA": 3602534.0,
        "EBIT": 160466.0,
        "Net Interest Income": -2040677.0,
        "Interest Expense": 2069905.0,
        "Interest Income": 29228.0,
        "Normalized Income": -2326611.0,
        "Net Income From Continuing And Discontinued Operation": -1781502.0,
        "Total Expenses": 14838516.0,
        "Total Operating Income As Reported": -413871.0,
        "Diluted Average Shares": 2733491.0,
        "Basic Average Shares": 2733491.0,
        "Diluted EPS": -0.65,
        "Basic EPS": -0.65,
        "Diluted NI Availto Com Stockholders": -1781502.0,
        "Net Income Common Stockholders": -1781502.0,
        "Net Income": -1781502.0,
        "Minority Interests": 127937.0,
        "Net Income Including Noncontrolling Interests": -1909439.0,
        "Net Income Continuous Operations": -1909439.0,
        "Pretax Income": -1909439.0,
        "Other Income Expense": 545109.0,
        "Special Income Charges": NaN,
        "Gain On Sale Of Ppe": NaN,
        "Gain On Sale Of Security": 545109.0,
        "Net Non Operating Interest Income Expense": -2040677.0,
        "Interest Expense Non Operating": 2069905.0,
        "Interest Income Non Operating": 29228.0,
        "Operating Income": -413871.0,
        "Operating Expense": 1889942.0,
        "Other Operating Expenses": 1080994.0,
        "Selling General And Administration": 808948.0,
        "General And Administrative Expense": 808948.0,
        "Other Gand A": 808948.0,
        "Gross Profit": 1476071.0,
        "Cost Of Revenue": 12948574.0,
        "Total Revenue": 14424645.0,
        "Operating Revenue": 15321785.0
    },
    "2024-06-30": {
        "Tax Effect Of Unusual Items": 0.0,
        "Tax Rate For Calcs": 0.0,
        "Normalized EBITDA": 5045656.0,
        "Total Unusual Items": 98566.0,
        "Total Unusual Items Excluding Goodwill": 98566.0,
        "Net Income From Continuing Operation Net Minority Interest": -411337.0,
        "Reconciled Depreciation": 3456863.0,
        "Reconciled Cost Of Revenue": 14087373.0,
        "EBITDA": 5144222.0,
        "EBIT": 1687359.0,
        "Net Interest Income": -1988515.0,
        "Interest Expense": 2020838.0,
        "Interest Income": 32323.0,
        "Normalized Income": -509903.0,
        "Net Income From Continuing And Discontinued Operation": -411337.0,
        "Total Expenses": 15881361.0,
        "Total Operating Income As Reported": 1556470.0,
        "Diluted Average Shares": 2710413.0,
        "Basic Average Shares": 2710413.0,
        "Diluted EPS": -0.15,
        "Basic EPS": -0.15,
        "Diluted NI Availto Com Stockholders": -411337.0,
        "Net Income Common Stockholders": -411337.0,
        "Net Income": -411337.0,
        "Minority Interests": -77858.0,
        "Net Income Including Noncontrolling Interests": -333479.0,
        "Net Income Continuous Operations": -333479.0,
        "Pretax Income": -333479.0,
        "Other Income Expense": 98566.0,
        "Special Income Charges": NaN,
        "Gain On Sale Of Ppe": NaN,
        "Gain On Sale Of Security": 98566.0,
        "Net Non Operating Interest Income Expense": -1988515.0,
        "Interest Expense Non Operating": 2020838.0,
        "Interest Income Non Operating": 32323.0,
        "Operating Income": 1556470.0,
        "Operating Expense": 1793988.0,
        "Other Operating Expenses": 1005688.0,
        "Selling General And Administration": 788300.0,
        "General And Administrative Expense": 788300.0,
        "Other Gand A": 788300.0,
        "Gross Profit": 3350458.0,
        "Cost Of Revenue": 14087373.0,
        "Total Revenue": 17437831.0,
        "Operating Revenue": 18497005.0
    },
    "2024-09-30": {
        "Tax Effect Of Unusual Items": 0.0,
        "Tax Rate For Calcs": 0.0,
        "Normalized EBITDA": 520498.0,
        "Total Unusual Items": -278457.0,
        "Total Unusual Items Excluding Goodwill": -278457.0,
        "Net Income From Continuing Operation Net Minority Interest": -4179399.0,
        "Reconciled Depreciation": 3464975.0,
        "Reconciled Cost Of Revenue": 15765149.0,
        "EBITDA": 242041.0,
        "EBIT": -3222934.0,
        "Net Interest Income": -1939702.0,
        "Interest Expense": 1955868.0,
        "Interest Income": 16166.0,
        "Normalized Income": -3900942.0,
        "Net Income From Continuing And Discontinued Operation": -4179399.0,
        "Total Expenses": 17674888.0,
        "Total Operating Income As Reported": -2960643.0,
        "Diluted Average Shares": 2729603.0,
        "Basic Average Shares": 2729603.0,
        "Diluted EPS": -1.53,
        "Basic EPS": -1.53,
        "Diluted NI Availto Com Stockholders": -4179399.0,
        "Net Income Common Stockholders": -4179399.0,
        "Net Income": -4179399.0,
        "Minority Interests": 999403.0,
        "Net Income Including Noncontrolling Interests": -5178802.0,
        "Net Income Continuous Operations": -5178802.0,
        "Pretax Income": -5178802.0,
        "Other Income Expense": -278457.0,
        "Special Income Charges": NaN,
        "Gain On Sale Of Ppe": NaN,
        "Gain On Sale Of Security": -278457.0,
        "Net Non Operating Interest Income Expense": -1939702.0,
        "Interest Expense Non Operating": 1955868.0,
        "Interest Income Non Operating": 16166.0,
        "Operating Income": -2960643.0,
        "Operating Expense": 1909739.0,
        "Other Operating Expenses": 1067742.0,
        "Selling General And Administration": 841997.0,
        "General And Administrative Expense": 841997.0,
        "Other Gand A": 841997.0,
        "Gross Profit": -1050904.0,
        "Cost Of Revenue": 15765149.0,
        "Total Revenue": 14714245.0,
        "Operating Revenue": 15574434.0
    },
    "2024-12-31": {
        "Tax Effect Of Unusual Items": 0.0,
        "Tax Rate For Calcs": 0.0,
        "Normalized EBITDA": 1858231.0,
        "Total Unusual Items": -2530064.0,
        "Total Unusual Items Excluding Goodwill": -2530064.0,
        "Net Income From Continuing Operation Net Minority Interest": -6233636.0,
        "Reconciled Depreciation": 3513824.0,
        "Reconciled Cost Of Revenue": 11351214.0,
        "EBITDA": -671833.0,
        "EBIT": -4185657.0,
        "Net Interest Income": -1884060.0,
        "Interest Expense": 1909867.0,
        "Interest Income": 25807.0,
        "Normalized Income": -3703572.0,
        "Net Income From Continuing And Discontinued Operation": -6233636.0,
        "Total Expenses": 16187906.0,
        "Total Operating Income As Reported": -4478005.0,
        "Diluted Average Shares": 2737162.0,
        "Basic Average Shares": 2737162.0,
        "Diluted EPS": -1.2,
        "Basic EPS": -1.2,
        "Diluted NI Availto Com Stockholders": -6233636.0,
        "Net Income Common Stockholders": -6233636.0,
        "Net Income": -6233636.0,
        "Minority Interests": -138112.0,
        "Net Income Including Noncontrolling Interests": -6095524.0,
        "Net Income Continuous Operations": -6095524.0,
        "Pretax Income": -6095524.0,
        "Other Income Expense": -2530064.0,
        "Special Income Charges": NaN,
        "Gain On Sale Of Ppe": NaN,
        "Gain On Sale Of Security": 266541.0,
        "Net Non Operating Interest Income Expense": -1884060.0,
        "Interest Expense Non Operating": 1909867.0,
        "Interest Income Non Operating": 25807.0,
        "Operating Income": -1681400.0,
        "Operating Expense": 4836692.0,
        "Other Operating Expenses": 4004742.0,
        "Selling General And Administration": 831950.0,
        "General And Administrative Expense": 831950.0,
        "Other Gand A": 831950.0,
        "Gross Profit": 3155292.0,
        "Cost Of Revenue": 11351214.0,
        "Total Revenue": 14506506.0,
        "Operating Revenue": 15393660.0
    },
    "2025-03-31": {
        "Tax Effect Of Unusual Items": 0.0,
        "Tax Rate For Calcs": 0.0,
        "Normalized EBITDA": -1001647.0,
        "Total Unusual Items": 1998316.0,
        "Total Unusual Items Excluding Goodwill": 1998316.0,
        "Net Income From Continuing Operation Net Minority Interest": -3703017.0,
        "Reconciled Depreciation": 3215286.0,
        "Reconciled Cost Of Revenue": 11562986.0,
        "EBITDA": 996669.0,
        "EBIT": -2218617.0,
        "Net Interest Income": -1772639.0,
        "Interest Expense": 1787554.0,
        "Interest Income": 14915.0,
        "Normalized Income": -5701333.0,
        "Net Income From Continuing And Discontinued Operation": -3703017.0,
        "Total Expenses": 13440849.0,
        "Total Operating Income As Reported": -2148252.0,
        "Diluted Average Shares": 2737297.0,
        "Basic Average Shares": 2737297.0,
        "Diluted EPS": -1.35,
        "Basic EPS": -1.35,
        "Diluted NI Availto Com Stockholders": -3703017.0,
        "Net Income Common Stockholders": -3703017.0,
        "Net Income": -3703017.0,
        "Minority Interests": 303154.0,
        "Net Income Including Noncontrolling Interests": -4006171.0,
        "Net Income Continuous Operations": -4006171.0,
        "Pretax Income": -4006171.0,
        "Other Income Expense": 1998316.0,
        "Special Income Charges": 2083596.0,
        "Gain On Sale Of Ppe": 2083596.0,
        "Gain On Sale Of Security": -85280.0,
        "Net Non Operating Interest Income Expense": -1772639.0,
        "Interest Expense Non Operating": 1787554.0,
        "Interest Income Non Operating": 14915.0,
        "Operating Income": -4231848.0,
        "Operating Expense": 1877863.0,
        "Other Operating Expenses": 1053039.0,
        "Selling General And Administration": 824824.0,
        "General And Administrative Expense": 824824.0,
        "Other Gand A": 824824.0,
        "Gross Profit": -2353985.0,
        "Cost Of Revenue": 11562986.0,
        "Total Revenue": 9209001.0,
        "Operating Revenue": 9786127.0
    }
}