{
    "2023-03-31": {
        "Tax Effect Of Unusual Items": NaN,
        "Tax Rate For Calcs": NaN,
        "Normalized EBITDA": NaN,
        "Total Unusual Items": 0.0,
        "Total Unusual Items Excluding Goodwill": 0.0,
        "Net Income From Continuing Operation Net Minority Interest": NaN,
        "Reconciled Depreciation": NaN,
        "Reconciled Cost Of Revenue": NaN,
        "EBITDA": NaN,
        "EBIT": NaN,
        "Net Interest Income": NaN,
        "Interest Expense": NaN,
        "Normalized Income": NaN,
        "Net Income From Continuing And Discontinued Operation": NaN,
        "Total Expenses": NaN,
        "Total Operating Income As Reported": NaN,
        "Diluted Average Shares": NaN,
        "Basic Average Shares": NaN,
        "Diluted EPS": NaN,
        "Basic EPS": NaN,
        "Diluted NI Availto Com Stockholders": NaN,
        "Net Income Common Stockholders": NaN,
        "Otherunder Preferred Stock Dividend": 0.0,
        "Net Income": NaN,
        "Minority Interests": NaN,
        "Net Income Including Noncontrolling Interests": NaN,
        "Net Income Continuous Operations": NaN,
        "Tax Provision": NaN,
        "Pretax Income": NaN,
        "Other Income Expense": NaN,
        "Other Non Operating Income Expenses": NaN,
        "Special Income Charges": 0.0,
        "Restructuring And Mergern Acquisition": 0.0,
        "Earnings From Equity Interest": NaN,
        "Net Non Operating Interest Income Expense": NaN,
        "Interest Expense Non Operating": NaN,
        "Operating Income": NaN,
        "Operating Expense": NaN,
        "Depreciation Amortization Depletion Income Statement": 25193000.0,
        "Depreciation And Amortization In Income Statement": 25193000.0,
        "Selling General And Administration": NaN,
        "Gross Profit": NaN,
        "Cost Of Revenue": NaN,
        "Total Revenue": NaN,
        "Operating Revenue": NaN
    },
    "2022-12-31": {
        "Tax Effect Of Unusual Items": NaN,
        "Tax Rate For Calcs": NaN,
        "Normalized EBITDA": NaN,
        "Total Unusual Items": -220000.0,
        "Total Unusual Items Excluding Goodwill": -220000.0,
        "Net Income From Continuing Operation Net Minority Interest": NaN,
        "Reconciled Depreciation": NaN,
        "Reconciled Cost Of Revenue": NaN,
        "EBITDA": NaN,
        "EBIT": NaN,
        "Net Interest Income": NaN,
        "Interest Expense": NaN,
        "Normalized Income": NaN,
        "Net Income From Continuing And Discontinued Operation": NaN,
        "Total Expenses": NaN,
        "Total Operating Income As Reported": NaN,
        "Diluted Average Shares": NaN,
        "Basic Average Shares": NaN,
        "Diluted EPS": NaN,
        "Basic EPS": NaN,
        "Diluted NI Availto Com Stockholders": NaN,
        "Net Income Common Stockholders": NaN,
        "Otherunder Preferred Stock Dividend": 0.0,
        "Net Income": NaN,
        "Minority Interests": NaN,
        "Net Income Including Noncontrolling Interests": NaN,
        "Net Income Continuous Operations": NaN,
        "Tax Provision": NaN,
        "Pretax Income": NaN,
        "Other Income Expense": NaN,
        "Other Non Operating Income Expenses": NaN,
        "Special Income Charges": -220000.0,
        "Other Special Charges": 0.0,
        "Restructuring And Mergern Acquisition": 220000.0,
        "Earnings From Equity Interest": NaN,
        "Net Non Operating Interest Income Expense": NaN,
        "Interest Expense Non Operating": NaN,
        "Operating Income": NaN,
        "Operating Expense": NaN,
        "Depreciation Amortization Depletion Income Statement": 24626000.0,
        "Depreciation And Amortization In Income Statement": 24626000.0,
        "Selling General And Administration": NaN,
        "Gross Profit": NaN,
        "Cost Of Revenue": NaN,
        "Total Revenue": NaN,
        "Operating Revenue": NaN
    },
    "2022-09-30": {
        "Tax Effect Of Unusual Items": -8355.819224,
        "Tax Rate For Calcs": 0.006213,
        "Normalized EBITDA": 85116000.0,
        "Total Unusual Items": -1345000.0,
        "Total Unusual Items Excluding Goodwill": -1345000.0,
        "Net Income From Continuing Operation Net Minority Interest": 8828000.0,
        "Reconciled Depreciation": 32577000.0,
        "Reconciled Cost Of Revenue": 700649000.0,
        "EBITDA": 83771000.0,
        "EBIT": 51194000.0,
        "Net Interest Income": -13689000.0,
        "Interest Expense": 13689000.0,
        "Normalized Income": 10164644.180776,
        "Net Income From Continuing And Discontinued Operation": 8828000.0,
        "Total Expenses": 752004000.0,
        "Total Operating Income As Reported": 49912000.0,
        "Diluted Average Shares": 26260861.0,
        "Basic Average Shares": 26254167.0,
        "Diluted EPS": 0.34,
        "Basic EPS": 0.34,
        "Diluted NI Availto Com Stockholders": 8828000.0,
        "Net Income Common Stockholders": 8828000.0,
        "Otherunder Preferred Stock Dividend": 0.0,
        "Net Income": 8828000.0,
        "Minority Interests": -28444000.0,
        "Net Income Including Noncontrolling Interests": 37272000.0,
        "Net Income Continuous Operations": 37272000.0,
        "Tax Provision": 233000.0,
        "Pretax Income": 37505000.0,
        "Other Income Expense": -63000.0,
        "Other Non Operating Income Expenses": 657000.0,
        "Special Income Charges": -1345000.0,
        "Other Special Charges": NaN,
        "Restructuring And Mergern Acquisition": 1345000.0,
        "Earnings From Equity Interest": 625000.0,
        "Net Non Operating Interest Income Expense": -13689000.0,
        "Interest Expense Non Operating": 13689000.0,
        "Operating Income": 51257000.0,
        "Operating Expense": 43426000.0,
        "Depreciation Amortization Depletion Income Statement": 24648000.0,
        "Depreciation And Amortization In Income Statement": 24648000.0,
        "Selling General And Administration": 18778000.0,
        "Gross Profit": 94683000.0,
        "Cost Of Revenue": 708578000.0,
        "Total Revenue": 803261000.0,
        "Operating Revenue": 803261000.0
    },
    "2022-06-30": {
        "Tax Effect Of Unusual Items": -9766400.0,
        "Tax Rate For Calcs": 0.4,
        "Normalized EBITDA": 73599000.0,
        "Total Unusual Items": -24416000.0,
        "Total Unusual Items Excluding Goodwill": -24416000.0,
        "Net Income From Continuing Operation Net Minority Interest": -2978000.0,
        "Reconciled Depreciation": 32080000.0,
        "Reconciled Cost Of Revenue": 535912000.0,
        "EBITDA": 49183000.0,
        "EBIT": 17103000.0,
        "Net Interest Income": -13293000.0,
        "Interest Expense": 13293000.0,
        "Normalized Income": 11671600.0,
        "Net Income From Continuing And Discontinued Operation": -2978000.0,
        "Total Expenses": 581056000.0,
        "Total Operating Income As Reported": 39291000.0,
        "Diluted Average Shares": 26254167.0,
        "Basic Average Shares": 26254167.0,
        "Diluted EPS": -0.08,
        "Basic EPS": -0.08,
        "Diluted NI Availto Com Stockholders": -2031000.0,
        "Net Income Common Stockholders": -2031000.0,
        "Otherunder Preferred Stock Dividend": -947000.0,
        "Net Income": -2978000.0,
        "Minority Interests": 1012000.0,
        "Net Income Including Noncontrolling Interests": -3990000.0,
        "Net Income Continuous Operations": -3990000.0,
        "Tax Provision": 7800000.0,
        "Pretax Income": 3810000.0,
        "Other Income Expense": -24770000.0,
        "Other Non Operating Income Expenses": -1086000.0,
        "Special Income Charges": -24416000.0,
        "Other Special Charges": 21834000.0,
        "Restructuring And Mergern Acquisition": 2582000.0,
        "Earnings From Equity Interest": 732000.0,
        "Net Non Operating Interest Income Expense": -13293000.0,
        "Interest Expense Non Operating": 13293000.0,
        "Operating Income": 41873000.0,
        "Operating Expense": 37360000.0,
        "Depreciation Amortization Depletion Income Statement": 24296000.0,
        "Depreciation And Amortization In Income Statement": 24296000.0,
        "Selling General And Administration": 13064000.0,
        "Gross Profit": 79233000.0,
        "Cost Of Revenue": 543696000.0,
        "Total Revenue": 622929000.0,
        "Operating Revenue": 622929000.0
    },
    "2023-06-30": {
        "Tax Effect Of Unusual Items": NaN,
        "Tax Rate For Calcs": NaN,
        "Normalized EBITDA": NaN,
        "Total Unusual Items": 0.0,
        "Total Unusual Items Excluding Goodwill": 0.0,
        "Net Income From Continuing Operation Net Minority Interest": NaN,
        "Reconciled Depreciation": NaN,
        "Reconciled Cost Of Revenue": NaN,
        "EBITDA": NaN,
        "EBIT": NaN,
        "Net Interest Income": NaN,
        "Interest Expense": NaN,
        "Normalized Income": NaN,
        "Net Income From Continuing And Discontinued Operation": NaN,
        "Total Expenses": NaN,
        "Total Operating Income As Reported": NaN,
        "Diluted Average Shares": NaN,
        "Basic Average Shares": NaN,
        "Diluted EPS": NaN,
        "Basic EPS": NaN,
        "Diluted NI Availto Com Stockholders": NaN,
        "Net Income Common Stockholders": NaN,
        "Otherunder Preferred Stock Dividend": 0.0,
        "Net Income": NaN,
        "Minority Interests": NaN,
        "Net Income Including Noncontrolling Interests": NaN,
        "Net Income Continuous Operations": NaN,
        "Tax Provision": NaN,
        "Pretax Income": NaN,
        "Other Income Expense": NaN,
        "Other Non Operating Income Expenses": NaN,
        "Special Income Charges": 0.0,
        "Restructuring And Mergern Acquisition": 0.0,
        "Earnings From Equity Interest": NaN,
        "Net Non Operating Interest Income Expense": NaN,
        "Interest Expense Non Operating": NaN,
        "Operating Income": NaN,
        "Operating Expense": NaN,
        "Depreciation Amortization Depletion Income Statement": 30772000.0,
        "Depreciation And Amortization In Income Statement": 30772000.0,
        "Selling General And Administration": NaN,
        "Gross Profit": NaN,
        "Cost Of Revenue": NaN,
        "Total Revenue": NaN,
        "Operating Revenue": NaN
    },
    "2023-09-30": {
        "Tax Effect Of Unusual Items": NaN,
        "Tax Rate For Calcs": NaN,
        "Normalized EBITDA": NaN,
        "Total Unusual Items": 0.0,
        "Total Unusual Items Excluding Goodwill": 0.0,
        "Net Income From Continuing Operation Net Minority Interest": NaN,
        "Reconciled Depreciation": NaN,
        "Reconciled Cost Of Revenue": NaN,
        "EBITDA": NaN,
        "EBIT": NaN,
        "Net Interest Income": NaN,
        "Interest Expense": NaN,
        "Normalized Income": NaN,
        "Net Income From Continuing And Discontinued Operation": NaN,
        "Total Expenses": NaN,
        "Total Operating Income As Reported": NaN,
        "Diluted Average Shares": NaN,
        "Basic Average Shares": NaN,
        "Diluted EPS": NaN,
        "Basic EPS": NaN,
        "Diluted NI Availto Com Stockholders": NaN,
        "Net Income Common Stockholders": NaN,
        "Otherunder Preferred Stock Dividend": 0.0,
        "Net Income": NaN,
        "Minority Interests": NaN,
        "Net Income Including Noncontrolling Interests": NaN,
        "Net Income Continuous Operations": NaN,
        "Tax Provision": NaN,
        "Pretax Income": NaN,
        "Other Income Expense": NaN,
        "Other Non Operating Income Expenses": NaN,
        "Special Income Charges": 0.0,
        "Restructuring And Mergern Acquisition": 0.0,
        "Earnings From Equity Interest": NaN,
        "Net Non Operating Interest Income Expense": NaN,
        "Interest Expense Non Operating": NaN,
        "Operating Income": NaN,
        "Operating Expense": NaN,
        "Other Operating Expenses": NaN,
        "Depreciation Amortization Depletion Income Statement": 33161000.0,
        "Depreciation And Amortization In Income Statement": 33161000.0,
        "Selling General And Administration": NaN,
        "Gross Profit": NaN,
        "Cost Of Revenue": NaN,
        "Total Revenue": NaN,
        "Operating Revenue": NaN
    },
    "2023-12-31": {
        "Tax Effect Of Unusual Items": NaN,
        "Tax Rate For Calcs": NaN,
        "Normalized EBITDA": NaN,
        "Total Unusual Items": 0.0,
        "Total Unusual Items Excluding Goodwill": 0.0,
        "Net Income From Continuing Operation Net Minority Interest": NaN,
        "Reconciled Depreciation": NaN,
        "Reconciled Cost Of Revenue": NaN,
        "EBITDA": NaN,
        "EBIT": NaN,
        "Net Interest Income": NaN,
        "Interest Expense": NaN,
        "Normalized Income": NaN,
        "Net Income From Continuing And Discontinued Operation": NaN,
        "Total Expenses": NaN,
        "Total Operating Income As Reported": NaN,
        "Diluted Average Shares": NaN,
        "Basic Average Shares": NaN,
        "Diluted EPS": NaN,
        "Basic EPS": NaN,
        "Diluted NI Availto Com Stockholders": NaN,
        "Net Income Common Stockholders": NaN,
        "Otherunder Preferred Stock Dividend": 0.0,
        "Net Income": NaN,
        "Minority Interests": NaN,
        "Net Income Including Noncontrolling Interests": NaN,
        "Net Income Continuous Operations": NaN,
        "Tax Provision": NaN,
        "Pretax Income": NaN,
        "Other Income Expense": NaN,
        "Other Non Operating Income Expenses": NaN,
        "Special Income Charges": 0.0,
        "Restructuring And Mergern Acquisition": 0.0,
        "Earnings From Equity Interest": NaN,
        "Net Non Operating Interest Income Expense": NaN,
        "Interest Expense Non Operating": NaN,
        "Operating Income": NaN,
        "Operating Expense": NaN,
        "Other Operating Expenses": NaN,
        "Depreciation Amortization Depletion Income Statement": 25197000.0,
        "Depreciation And Amortization In Income Statement": 25197000.0,
        "Selling General And Administration": NaN,
        "Gross Profit": NaN,
        "Cost Of Revenue": NaN,
        "Total Revenue": NaN,
        "Operating Revenue": NaN
    },
    "2024-03-31": {
        "Tax Effect Of Unusual Items": 0.0,
        "Tax Rate For Calcs": 0.196941,
        "Normalized EBITDA": 73986000.0,
        "Total Unusual Items": NaN,
        "Total Unusual Items Excluding Goodwill": NaN,
        "Net Income From Continuing Operation Net Minority Interest": 6324000.0,
        "Reconciled Depreciation": 23339000.0,
        "Reconciled Cost Of Revenue": 133402000.0,
        "EBITDA": 73986000.0,
        "EBIT": 50647000.0,
        "Net Interest Income": -15606000.0,
        "Interest Expense": 15606000.0,
        "Normalized Income": 6324000.0,
        "Net Income From Continuing And Discontinued Operation": 6324000.0,
        "Total Expenses": 154954000.0,
        "Total Operating Income As Reported": 45159000.0,
        "Diluted Average Shares": 26182050.0,
        "Basic Average Shares": 26161691.0,
        "Diluted EPS": 0.24,
        "Basic EPS": 0.24,
        "Diluted NI Availto Com Stockholders": 6324000.0,
        "Net Income Common Stockholders": 6324000.0,
        "Otherunder Preferred Stock Dividend": NaN,
        "Net Income": 6324000.0,
        "Minority Interests": -21816000.0,
        "Net Income Including Noncontrolling Interests": 28140000.0,
        "Net Income Continuous Operations": 28140000.0,
        "Tax Provision": 6901000.0,
        "Pretax Income": 35041000.0,
        "Other Income Expense": 5488000.0,
        "Other Non Operating Income Expenses": 4957000.0,
        "Special Income Charges": NaN,
        "Restructuring And Mergern Acquisition": NaN,
        "Earnings From Equity Interest": 531000.0,
        "Net Non Operating Interest Income Expense": -15606000.0,
        "Interest Expense Non Operating": 15606000.0,
        "Operating Income": 45159000.0,
        "Operating Expense": 21552000.0,
        "Other Operating Expenses": NaN,
        "Depreciation Amortization Depletion Income Statement": NaN,
        "Depreciation And Amortization In Income Statement": NaN,
        "Selling General And Administration": 21552000.0,
        "Gross Profit": 66711000.0,
        "Cost Of Revenue": 133402000.0,
        "Total Revenue": 200113000.0,
        "Operating Revenue": 200113000.0
    },
    "2024-06-30": {
        "Tax Effect Of Unusual Items": 0.0,
        "Tax Rate For Calcs": 0.182464,
        "Normalized EBITDA": 87011000.0,
        "Total Unusual Items": NaN,
        "Total Unusual Items Excluding Goodwill": NaN,
        "Net Income From Continuing Operation Net Minority Interest": 6672000.0,
        "Reconciled Depreciation": 30831000.0,
        "Reconciled Cost Of Revenue": 108152000.0,
        "EBITDA": 87011000.0,
        "EBIT": 56180000.0,
        "Net Interest Income": -15476000.0,
        "Interest Expense": 15476000.0,
        "Normalized Income": 6672000.0,
        "Net Income From Continuing And Discontinued Operation": 6672000.0,
        "Total Expenses": 133452000.0,
        "Total Operating Income As Reported": 49881000.0,
        "Diluted Average Shares": 25338067.0,
        "Basic Average Shares": 25175057.0,
        "Diluted EPS": 0.26,
        "Basic EPS": 0.27,
        "Diluted NI Availto Com Stockholders": 6672000.0,
        "Net Income Common Stockholders": 6672000.0,
        "Otherunder Preferred Stock Dividend": NaN,
        "Net Income": 6672000.0,
        "Minority Interests": -26605000.0,
        "Net Income Including Noncontrolling Interests": 33277000.0,
        "Net Income Continuous Operations": 33277000.0,
        "Tax Provision": 7427000.0,
        "Pretax Income": 40704000.0,
        "Other Income Expense": 6299000.0,
        "Other Non Operating Income Expenses": 5707000.0,
        "Special Income Charges": NaN,
        "Restructuring And Mergern Acquisition": NaN,
        "Earnings From Equity Interest": 592000.0,
        "Net Non Operating Interest Income Expense": -15476000.0,
        "Interest Expense Non Operating": 15476000.0,
        "Operating Income": 49881000.0,
        "Operating Expense": 25300000.0,
        "Other Operating Expenses": NaN,
        "Depreciation Amortization Depletion Income Statement": NaN,
        "Depreciation And Amortization In Income Statement": NaN,
        "Selling General And Administration": 25300000.0,
        "Gross Profit": 75181000.0,
        "Cost Of Revenue": 108152000.0,
        "Total Revenue": 183333000.0,
        "Operating Revenue": 183333000.0
    },
    "2024-09-30": {
        "Tax Effect Of Unusual Items": 0.0,
        "Tax Rate For Calcs": 0.119,
        "Normalized EBITDA": 90297000.0,
        "Total Unusual Items": NaN,
        "Total Unusual Items Excluding Goodwill": NaN,
        "Net Income From Continuing Operation Net Minority Interest": 8955000.0,
        "Reconciled Depreciation": 23471000.0,
        "Reconciled Cost Of Revenue": 109861000.0,
        "EBITDA": 90297000.0,
        "EBIT": 66826000.0,
        "Net Interest Income": -15122000.0,
        "Interest Expense": 15122000.0,
        "Normalized Income": 8955000.0,
        "Net Income From Continuing And Discontinued Operation": 8955000.0,
        "Total Expenses": 133680000.0,
        "Total Operating Income As Reported": 59739000.0,
        "Diluted Average Shares": 25468541.0,
        "Basic Average Shares": 25009326.0,
        "Diluted EPS": 0.35,
        "Basic EPS": 0.36,
        "Diluted NI Availto Com Stockholders": 8955000.0,
        "Net Income Common Stockholders": 8955000.0,
        "Otherunder Preferred Stock Dividend": NaN,
        "Net Income": 8955000.0,
        "Minority Interests": -36591000.0,
        "Net Income Including Noncontrolling Interests": 45546000.0,
        "Net Income Continuous Operations": 45546000.0,
        "Tax Provision": 6158000.0,
        "Pretax Income": 51704000.0,
        "Other Income Expense": 7087000.0,
        "Other Non Operating Income Expenses": 6525000.0,
        "Special Income Charges": NaN,
        "Restructuring And Mergern Acquisition": NaN,
        "Earnings From Equity Interest": 562000.0,
        "Net Non Operating Interest Income Expense": -15122000.0,
        "Interest Expense Non Operating": 15122000.0,
        "Operating Income": 59739000.0,
        "Operating Expense": 23819000.0,
        "Other Operating Expenses": NaN,
        "Depreciation Amortization Depletion Income Statement": NaN,
        "Depreciation And Amortization In Income Statement": NaN,
        "Selling General And Administration": 23819000.0,
        "Gross Profit": 83558000.0,
        "Cost Of Revenue": 109861000.0,
        "Total Revenue": 193419000.0,
        "Operating Revenue": 193419000.0
    },
    "2024-12-31": {
        "Tax Effect Of Unusual Items": 0.0,
        "Tax Rate For Calcs": 0.108602,
        "Normalized EBITDA": 89805000.0,
        "Total Unusual Items": NaN,
        "Total Unusual Items Excluding Goodwill": NaN,
        "Net Income From Continuing Operation Net Minority Interest": 10927000.0,
        "Reconciled Depreciation": 23303000.0,
        "Reconciled Cost Of Revenue": 190879000.0,
        "EBITDA": 89805000.0,
        "EBIT": 66502000.0,
        "Net Interest Income": -14818000.0,
        "Interest Expense": 14818000.0,
        "Normalized Income": 10927000.0,
        "Net Income From Continuing And Discontinued Operation": 10927000.0,
        "Total Expenses": 214356000.0,
        "Total Operating Income As Reported": 60216000.0,
        "Diluted Average Shares": 106960126.0,
        "Basic Average Shares": 24187118.0,
        "Diluted EPS": 0.4,
        "Basic EPS": 0.45,
        "Diluted NI Availto Com Stockholders": 10927000.0,
        "Net Income Common Stockholders": 10927000.0,
        "Otherunder Preferred Stock Dividend": NaN,
        "Net Income": 10927000.0,
        "Minority Interests": -35144000.0,
        "Net Income Including Noncontrolling Interests": 46071000.0,
        "Net Income Continuous Operations": 46071000.0,
        "Tax Provision": 5613000.0,
        "Pretax Income": 51684000.0,
        "Other Income Expense": 6286000.0,
        "Other Non Operating Income Expenses": 5724000.0,
        "Special Income Charges": NaN,
        "Restructuring And Mergern Acquisition": NaN,
        "Earnings From Equity Interest": 562000.0,
        "Net Non Operating Interest Income Expense": -14818000.0,
        "Interest Expense Non Operating": 14818000.0,
        "Operating Income": 60216000.0,
        "Operating Expense": 23477000.0,
        "Other Operating Expenses": NaN,
        "Depreciation Amortization Depletion Income Statement": NaN,
        "Depreciation And Amortization In Income Statement": NaN,
        "Selling General And Administration": 23477000.0,
        "Gross Profit": 83693000.0,
        "Cost Of Revenue": 190879000.0,
        "Total Revenue": 274572000.0,
        "Operating Revenue": 274572000.0
    },
    "2025-03-31": {
        "Tax Effect Of Unusual Items": 0.0,
        "Tax Rate For Calcs": 0.104,
        "Normalized EBITDA": 94512000.0,
        "Total Unusual Items": NaN,
        "Total Unusual Items Excluding Goodwill": NaN,
        "Net Income From Continuing Operation Net Minority Interest": 48960000.0,
        "Reconciled Depreciation": 22046000.0,
        "Reconciled Cost Of Revenue": 224340000.0,
        "EBITDA": 94512000.0,
        "EBIT": 72466000.0,
        "Net Interest Income": -14316000.0,
        "Interest Expense": 14316000.0,
        "Normalized Income": 48960000.0,
        "Net Income From Continuing And Discontinued Operation": 48960000.0,
        "Total Expenses": 249374000.0,
        "Total Operating Income As Reported": 65716000.0,
        "Diluted Average Shares": 106751592.0,
        "Basic Average Shares": 23900116.0,
        "Diluted EPS": 0.46,
        "Basic EPS": 0.48,
        "Diluted NI Availto Com Stockholders": 48960000.0,
        "Net Income Common Stockholders": 48960000.0,
        "Otherunder Preferred Stock Dividend": NaN,
        "Net Income": 48960000.0,
        "Minority Interests": -3163000.0,
        "Net Income Including Noncontrolling Interests": 52123000.0,
        "Net Income Continuous Operations": 52123000.0,
        "Tax Provision": 6027000.0,
        "Pretax Income": 58150000.0,
        "Other Income Expense": 6750000.0,
        "Other Non Operating Income Expenses": 6154000.0,
        "Special Income Charges": NaN,
        "Restructuring And Mergern Acquisition": NaN,
        "Earnings From Equity Interest": 596000.0,
        "Net Non Operating Interest Income Expense": -14316000.0,
        "Interest Expense Non Operating": 14316000.0,
        "Operating Income": 65716000.0,
        "Operating Expense": 25034000.0,
        "Other Operating Expenses": 3682000.0,
        "Depreciation Amortization Depletion Income Statement": NaN,
        "Depreciation And Amortization In Income Statement": NaN,
        "Selling General And Administration": 21352000.0,
        "Gross Profit": 90750000.0,
        "Cost Of Revenue": 224340000.0,
        "Total Revenue": 315090000.0,
        "Operating Revenue": 315090000.0
    },
    "2025-06-30": {
        "Tax Effect Of Unusual Items": 0.0,
        "Tax Rate For Calcs": 0.211625,
        "Normalized EBITDA": 78729000.0,
        "Total Unusual Items": NaN,
        "Total Unusual Items Excluding Goodwill": NaN,
        "Net Income From Continuing Operation Net Minority Interest": 4729000.0,
        "Reconciled Depreciation": 28458000.0,
        "Reconciled Cost Of Revenue": 111968000.0,
        "EBITDA": 78729000.0,
        "EBIT": 50271000.0,
        "Net Interest Income": -23932000.0,
        "Interest Expense": 23932000.0,
        "Normalized Income": 4729000.0,
        "Net Income From Continuing And Discontinued Operation": 4729000.0,
        "Total Expenses": 161170000.0,
        "Total Operating Income As Reported": 43386000.0,
        "Diluted Average Shares": 32162826.0,
        "Basic Average Shares": 31489508.0,
        "Diluted EPS": 0.15,
        "Basic EPS": 0.15,
        "Diluted NI Availto Com Stockholders": 4729000.0,
        "Net Income Common Stockholders": 4729000.0,
        "Otherunder Preferred Stock Dividend": NaN,
        "Net Income": 4729000.0,
        "Minority Interests": -16036000.0,
        "Net Income Including Noncontrolling Interests": 20765000.0,
        "Net Income Continuous Operations": 20765000.0,
        "Tax Provision": 5574000.0,
        "Pretax Income": 26339000.0,
        "Other Income Expense": 6885000.0,
        "Other Non Operating Income Expenses": 6285000.0,
        "Special Income Charges": NaN,
        "Restructuring And Mergern Acquisition": NaN,
        "Earnings From Equity Interest": 600000.0,
        "Net Non Operating Interest Income Expense": -23932000.0,
        "Interest Expense Non Operating": 23932000.0,
        "Operating Income": 43386000.0,
        "Operating Expense": 49202000.0,
        "Other Operating Expenses": 27659000.0,
        "Depreciation Amortization Depletion Income Statement": NaN,
        "Depreciation And Amortization In Income Statement": NaN,
        "Selling General And Administration": 21543000.0,
        "Gross Profit": 92588000.0,
        "Cost Of Revenue": 111968000.0,
        "Total Revenue": 204556000.0,
        "Operating Revenue": 204556000.0
    }
}