{
    "2023-03-31": {
        "Tax Effect Of Unusual Items": -3537.916068,
        "Tax Rate For Calcs": 0.030883,
        "Normalized EBITDA": -4952198.0,
        "Total Unusual Items": -114557.0,
        "Total Unusual Items Excluding Goodwill": -114557.0,
        "Net Income From Continuing Operation Net Minority Interest": -8736700.0,
        "Reconciled Depreciation": 3338023.0,
        "Reconciled Cost Of Revenue": 26114408.0,
        "EBITDA": -5066755.0,
        "EBIT": -8404778.0,
        "Net Interest Income": -549133.0,
        "Interest Expense": 610340.0,
        "Interest Income": 61207.0,
        "Normalized Income": -8625680.916068,
        "Net Income From Continuing And Discontinued Operation": -8736700.0,
        "Total Expenses": 51230971.0,
        "Diluted Average Shares": 151767243.0,
        "Basic Average Shares": 151767243.0,
        "Diluted EPS": -0.06,
        "Basic EPS": -0.06,
        "Diluted NI Availto Com Stockholders": -8736700.0,
        "Net Income Common Stockholders": -8736700.0,
        "Net Income": -8736700.0,
        "Net Income Including Noncontrolling Interests": -8736700.0,
        "Net Income Continuous Operations": -8736700.0,
        "Tax Provision": -278418.0,
        "Pretax Income": -9015118.0,
        "Other Income Expense": -114980.0,
        "Other Non Operating Income Expenses": 172024.0,
        "Special Income Charges": NaN,
        "Gain On Sale Of Ppe": NaN,
        "Other Special Charges": NaN,
        "Impairment Of Capital Assets": NaN,
        "Restructuring And Mergern Acquisition": NaN,
        "Earnings From Equity Interest": -172447.0,
        "Gain On Sale Of Security": -114557.0,
        "Net Non Operating Interest Income Expense": -549133.0,
        "Interest Expense Non Operating": 610340.0,
        "Interest Income Non Operating": 61207.0,
        "Operating Income": -8351005.0,
        "Operating Expense": 25116563.0,
        "Other Operating Expenses": NaN,
        "Depreciation Amortization Depletion Income Statement": 3338023.0,
        "Depreciation And Amortization In Income Statement": 3338023.0,
        "Research And Development": 5296024.0,
        "Selling General And Administration": 16482516.0,
        "Selling And Marketing Expense": 1456111.0,
        "General And Administrative Expense": 15026405.0,
        "Other Gand A": 4689050.0,
        "Salaries And Wages": 10337355.0,
        "Gross Profit": 16765558.0,
        "Cost Of Revenue": 26114408.0,
        "Total Revenue": 42879966.0,
        "Operating Revenue": 42879966.0
    },
    "2022-12-31": {
        "Tax Effect Of Unusual Items": -34040.396822,
        "Tax Rate For Calcs": 0.052717,
        "Normalized EBITDA": -7729453.0,
        "Total Unusual Items": -645721.0,
        "Total Unusual Items Excluding Goodwill": -645721.0,
        "Net Income From Continuing Operation Net Minority Interest": -11823429.0,
        "Reconciled Depreciation": 3450031.0,
        "Reconciled Cost Of Revenue": 35901209.0,
        "EBITDA": -8375174.0,
        "EBIT": -11825205.0,
        "Net Interest Income": -627931.0,
        "Interest Expense": 656205.0,
        "Interest Income": 28274.0,
        "Normalized Income": -11211748.396822,
        "Net Income From Continuing And Discontinued Operation": -11823429.0,
        "Total Expenses": 65501262.0,
        "Diluted Average Shares": 151349558.0,
        "Basic Average Shares": 151349558.0,
        "Diluted EPS": -0.08,
        "Basic EPS": -0.08,
        "Diluted NI Availto Com Stockholders": -11823429.0,
        "Net Income Common Stockholders": -11823429.0,
        "Net Income": -11823429.0,
        "Net Income Including Noncontrolling Interests": -11823429.0,
        "Net Income Continuous Operations": -11823429.0,
        "Tax Provision": -657981.0,
        "Pretax Income": -12481410.0,
        "Other Income Expense": -322814.0,
        "Other Non Operating Income Expenses": 82225.0,
        "Special Income Charges": 13384.0,
        "Gain On Sale Of Ppe": 13384.0,
        "Other Special Charges": 0.0,
        "Impairment Of Capital Assets": 0.0,
        "Restructuring And Mergern Acquisition": 0.0,
        "Earnings From Equity Interest": 240682.0,
        "Gain On Sale Of Security": -659105.0,
        "Net Non Operating Interest Income Expense": -627931.0,
        "Interest Expense Non Operating": 656205.0,
        "Interest Income Non Operating": 28274.0,
        "Operating Income": -11530665.0,
        "Operating Expense": 29600053.0,
        "Other Operating Expenses": NaN,
        "Depreciation Amortization Depletion Income Statement": 3450031.0,
        "Depreciation And Amortization In Income Statement": 3450031.0,
        "Research And Development": 8549067.0,
        "Selling General And Administration": 13248805.0,
        "Selling And Marketing Expense": 1265340.0,
        "General And Administrative Expense": 11983465.0,
        "Other Gand A": 210638.0,
        "Salaries And Wages": 11772827.0,
        "Gross Profit": 18069388.0,
        "Cost Of Revenue": 35901209.0,
        "Total Revenue": 53970597.0,
        "Operating Revenue": 53970597.0
    },
    "2022-09-30": {
        "Tax Effect Of Unusual Items": -568971.433745,
        "Tax Rate For Calcs": 0.021534,
        "Normalized EBITDA": -7018651.0,
        "Total Unusual Items": -26422305.0,
        "Total Unusual Items Excluding Goodwill": -26422305.0,
        "Net Income From Continuing Operation Net Minority Interest": -37094217.0,
        "Reconciled Depreciation": 4055415.0,
        "Reconciled Cost Of Revenue": 34018169.0,
        "EBITDA": -33440956.0,
        "EBIT": -37496371.0,
        "Net Interest Income": -408946.0,
        "Interest Expense": 414203.0,
        "Interest Income": 5257.0,
        "Normalized Income": -11240883.433745,
        "Net Income From Continuing And Discontinued Operation": -37094217.0,
        "Total Expenses": 61098933.0,
        "Diluted Average Shares": 150257805.0,
        "Basic Average Shares": 150257805.0,
        "Diluted EPS": -0.25,
        "Basic EPS": -0.25,
        "Diluted NI Availto Com Stockholders": -37094217.0,
        "Net Income Common Stockholders": -37094217.0,
        "Net Income": -37094217.0,
        "Net Income Including Noncontrolling Interests": -37094217.0,
        "Net Income Continuous Operations": -37094217.0,
        "Tax Provision": -816357.0,
        "Pretax Income": -37910574.0,
        "Other Income Expense": -26981453.0,
        "Other Non Operating Income Expenses": -332208.0,
        "Special Income Charges": -26902833.0,
        "Gain On Sale Of Ppe": 4860735.0,
        "Other Special Charges": 482282.0,
        "Impairment Of Capital Assets": 31281286.0,
        "Restructuring And Mergern Acquisition": 0.0,
        "Earnings From Equity Interest": -226940.0,
        "Gain On Sale Of Security": 480528.0,
        "Net Non Operating Interest Income Expense": -408946.0,
        "Interest Expense Non Operating": 414203.0,
        "Interest Income Non Operating": 5257.0,
        "Operating Income": -10520175.0,
        "Operating Expense": 27080764.0,
        "Other Operating Expenses": NaN,
        "Depreciation Amortization Depletion Income Statement": 4055415.0,
        "Depreciation And Amortization In Income Statement": 4055415.0,
        "Research And Development": 6050270.0,
        "Selling General And Administration": 16975079.0,
        "Selling And Marketing Expense": 662279.0,
        "General And Administrative Expense": 16312800.0,
        "Other Gand A": 6165752.0,
        "Salaries And Wages": 10147048.0,
        "Gross Profit": 16560589.0,
        "Cost Of Revenue": 34018169.0,
        "Total Revenue": 50578758.0,
        "Operating Revenue": 50578758.0
    },
    "2022-06-30": {
        "Tax Effect Of Unusual Items": 9452.862647,
        "Tax Rate For Calcs": 0.009458,
        "Normalized EBITDA": -12486395.0,
        "Total Unusual Items": 999473.0,
        "Total Unusual Items Excluding Goodwill": 999473.0,
        "Net Income From Continuing Operation Net Minority Interest": -16880230.0,
        "Reconciled Depreciation": 4435374.0,
        "Reconciled Cost Of Revenue": 35775863.0,
        "EBITDA": -11486922.0,
        "EBIT": -15922296.0,
        "Net Interest Income": -1117789.0,
        "Interest Expense": 1119109.0,
        "Interest Income": 1320.0,
        "Normalized Income": -17870250.137353,
        "Net Income From Continuing And Discontinued Operation": -16880230.0,
        "Total Expenses": 65527419.0,
        "Diluted Average Shares": 138745383.0,
        "Basic Average Shares": 138745383.0,
        "Diluted EPS": -0.12,
        "Basic EPS": -0.12,
        "Diluted NI Availto Com Stockholders": -16880230.0,
        "Net Income Common Stockholders": -16880230.0,
        "Net Income": -16880230.0,
        "Net Income Including Noncontrolling Interests": -16880230.0,
        "Net Income Continuous Operations": -16880230.0,
        "Tax Provision": -161175.0,
        "Pretax Income": -17041405.0,
        "Other Income Expense": -1515225.0,
        "Other Non Operating Income Expenses": -3446599.0,
        "Special Income Charges": 365684.0,
        "Gain On Sale Of Ppe": 480537.0,
        "Other Special Charges": NaN,
        "Impairment Of Capital Assets": NaN,
        "Restructuring And Mergern Acquisition": 114853.0,
        "Earnings From Equity Interest": 931901.0,
        "Gain On Sale Of Security": 633789.0,
        "Net Non Operating Interest Income Expense": -1117789.0,
        "Interest Expense Non Operating": 1119109.0,
        "Interest Income Non Operating": 1320.0,
        "Operating Income": -14408391.0,
        "Operating Expense": 29751556.0,
        "Other Operating Expenses": NaN,
        "Depreciation Amortization Depletion Income Statement": 4435374.0,
        "Depreciation And Amortization In Income Statement": 4435374.0,
        "Research And Development": 3800203.0,
        "Selling General And Administration": 21515979.0,
        "Selling And Marketing Expense": 427618.0,
        "General And Administrative Expense": 21088361.0,
        "Other Gand A": 8846833.0,
        "Salaries And Wages": 12241528.0,
        "Gross Profit": 15343165.0,
        "Cost Of Revenue": 35775863.0,
        "Total Revenue": 51119028.0,
        "Operating Revenue": 51119028.0
    },
    "2022-03-31": {
        "Diluted EPS": -0.06,
        "Total Revenue": 37,
        "Gross Profit": 11,
        "Operating Income": -9,
        "EBIT": -5,
        "Net Income": -9
    },
    "2021-12-31": {
        "Diluted EPS": -0.08,
        "Total Revenue": 45,
        "Gross Profit": 11,
        "Operating Income": -10,
        "EBIT": -6,
        "Net Income": -11
    },
    "2021-09-30": {
        "Diluted EPS": -0.08,
        "Total Revenue": 34,
        "Gross Profit": 8,
        "Operating Income": -9,
        "EBIT": -7,
        "Net Income": -10
    },
    "2021-06-30": {
        "Diluted EPS": -0.09,
        "Total Revenue": 30,
        "Gross Profit": 7,
        "Operating Income": -9,
        "EBIT": -8,
        "Net Income": -10
    },
    "2021-03-31": {
        "Diluted EPS": -0.1,
        "Total Revenue": 24,
        "Gross Profit": 5,
        "Operating Income": -10,
        "EBIT": -9,
        "Net Income": -11
    },
    "2020-12-31": {
        "Diluted EPS": -0.06,
        "Total Revenue": 32,
        "Gross Profit": 6,
        "Operating Income": -3,
        "EBIT": -2,
        "Net Income": -6
    },
    "2020-09-30": {
        "Diluted EPS": -0.07,
        "Total Revenue": 12,
        "Gross Profit": 3,
        "Operating Income": -3,
        "EBIT": -2,
        "Net Income": -6
    },
    "2020-06-30": {
        "Diluted EPS": -0.05,
        "Total Revenue": 5,
        "Gross Profit": 2,
        "Operating Income": -3,
        "EBIT": -2,
        "Net Income": -4
    },
    "2020-03-31": {
        "Diluted EPS": -0.06,
        "Total Revenue": 5,
        "Gross Profit": 2,
        "Operating Income": -3,
        "EBIT": -2,
        "Net Income": -4
    },
    "2019-12-31": {
        "Diluted EPS": -1.15,
        "Total Revenue": 2,
        "Gross Profit": 1,
        "Operating Income": -7,
        "EBIT": -5,
        "Net Income": -43
    },
    "2019-09-30": {
        "Diluted EPS": -0.32,
        "Total Revenue": 2,
        "Gross Profit": 1,
        "Operating Income": -4,
        "EBIT": -6,
        "Net Income": -12
    },
    "2019-06-30": {
        "Diluted EPS": -0.05,
        "Total Revenue": 3,
        "Gross Profit": 1,
        "Operating Income": -3,
        "EBIT": -1,
        "Net Income": -3
    },
    "2019-03-31": {
        "Diluted EPS": -0.04,
        "Total Revenue": 2,
        "Gross Profit": 0,
        "Operating Income": -1,
        "EBIT": -1,
        "Net Income": -2
    },
    "2018-09-30": {
        "Diluted EPS": -0.17,
        "Total Revenue": 2,
        "Gross Profit": 0,
        "Operating Income": -2,
        "EBIT": -2,
        "Net Income": -6
    },
    "2018-06-30": {
        "Diluted EPS": -0.01,
        "Total Revenue": NaN,
        "Gross Profit": NaN,
        "Operating Income": 0,
        "EBIT": 0,
        "Net Income": 0
    },
    "2018-03-31": {
        "Diluted EPS": 0.0,
        "Total Revenue": NaN,
        "Gross Profit": NaN,
        "Operating Income": 0,
        "EBIT": 0,
        "Net Income": 0
    },
    "2023-06-30": {
        "Tax Effect Of Unusual Items": -565.609525,
        "Tax Rate For Calcs": 0.024752,
        "Normalized EBITDA": -6961581.0,
        "Total Unusual Items": -22851.0,
        "Total Unusual Items Excluding Goodwill": -22851.0,
        "Net Income From Continuing Operation Net Minority Interest": -10216592.0,
        "Reconciled Depreciation": 2886075.0,
        "Reconciled Cost Of Revenue": 27616077.0,
        "EBITDA": -6984432.0,
        "EBIT": -9870507.0,
        "Net Interest Income": -603871.0,
        "Interest Expense": 605385.0,
        "Interest Income": 1514.0,
        "Normalized Income": -10194306.609525,
        "Net Income From Continuing And Discontinued Operation": -10216592.0,
        "Total Expenses": 52180115.0,
        "Diluted Average Shares": 152171249.0,
        "Basic Average Shares": 152171249.0,
        "Diluted EPS": -0.07,
        "Basic EPS": -0.07,
        "Diluted NI Availto Com Stockholders": -10216592.0,
        "Net Income Common Stockholders": -10216592.0,
        "Net Income": -10216592.0,
        "Net Income Including Noncontrolling Interests": -10216592.0,
        "Net Income Continuous Operations": -10216592.0,
        "Tax Provision": -259300.0,
        "Pretax Income": -10475892.0,
        "Other Income Expense": -290675.0,
        "Other Non Operating Income Expenses": -374101.0,
        "Special Income Charges": 0.0,
        "Gain On Sale Of Ppe": NaN,
        "Other Special Charges": NaN,
        "Impairment Of Capital Assets": NaN,
        "Restructuring And Mergern Acquisition": 0.0,
        "Earnings From Equity Interest": 106277.0,
        "Gain On Sale Of Security": -22851.0,
        "Net Non Operating Interest Income Expense": -603871.0,
        "Interest Expense Non Operating": 605385.0,
        "Interest Income Non Operating": 1514.0,
        "Operating Income": -9581346.0,
        "Operating Expense": 24564038.0,
        "Other Operating Expenses": 645715.0,
        "Depreciation Amortization Depletion Income Statement": 2886075.0,
        "Depreciation And Amortization In Income Statement": 2886075.0,
        "Research And Development": 4156966.0,
        "Selling General And Administration": 16875282.0,
        "Selling And Marketing Expense": 938613.0,
        "General And Administrative Expense": 15936669.0,
        "Other Gand A": 4215869.0,
        "Salaries And Wages": 11720800.0,
        "Gross Profit": 14982692.0,
        "Cost Of Revenue": 27616077.0,
        "Total Revenue": 42598769.0,
        "Operating Revenue": 42598769.0
    }
}