{
    "2023-03-31": {
        "Tax Effect Of Unusual Items": 0.0,
        "Tax Rate For Calcs": 0.0001,
        "Normalized EBITDA": -21308000.0,
        "Net Income From Continuing Operation Net Minority Interest": -22784000.0,
        "Reconciled Depreciation": 189000.0,
        "Reconciled Cost Of Revenue": 118000.0,
        "EBITDA": -21308000.0,
        "EBIT": -21497000.0,
        "Net Interest Income": -574000.0,
        "Interest Expense": 1285000.0,
        "Interest Income": 711000.0,
        "Normalized Income": -22784000.0,
        "Net Income From Continuing And Discontinued Operation": -22784000.0,
        "Total Expenses": 26381000.0,
        "Total Operating Income As Reported": -22263000.0,
        "Diluted Average Shares": 1471521.0,
        "Basic Average Shares": 1471521.0,
        "Diluted EPS": -15.6,
        "Basic EPS": -15.6,
        "Diluted NI Availto Com Stockholders": -22784000.0,
        "Net Income Common Stockholders": -22784000.0,
        "Net Income": -22784000.0,
        "Net Income Including Noncontrolling Interests": -22784000.0,
        "Net Income Continuous Operations": -22784000.0,
        "Tax Provision": 2000.0,
        "Pretax Income": -22782000.0,
        "Other Income Expense": 55000.0,
        "Other Non Operating Income Expenses": 55000.0,
        "Net Non Operating Interest Income Expense": -574000.0,
        "Interest Expense Non Operating": 1285000.0,
        "Interest Income Non Operating": 711000.0,
        "Operating Income": -22263000.0,
        "Operating Expense": 26263000.0,
        "Research And Development": 16748000.0,
        "Selling General And Administration": 9515000.0,
        "Gross Profit": 4000000.0,
        "Cost Of Revenue": 118000.0,
        "Total Revenue": 4118000.0,
        "Operating Revenue": 4118000.0
    },
    "2022-12-31": {
        "Tax Effect Of Unusual Items": 0.0,
        "Tax Rate For Calcs": 0.000119,
        "Normalized EBITDA": -23705000.0,
        "Net Income From Continuing Operation Net Minority Interest": -25138000.0,
        "Reconciled Depreciation": 216000.0,
        "Reconciled Cost Of Revenue": 345000.0,
        "EBITDA": -23705000.0,
        "EBIT": -23921000.0,
        "Net Interest Income": -751000.0,
        "Interest Expense": 1220000.0,
        "Interest Income": 469000.0,
        "Normalized Income": -25138000.0,
        "Net Income From Continuing And Discontinued Operation": -25138000.0,
        "Total Expenses": 27167000.0,
        "Total Operating Income As Reported": -24471000.0,
        "Diluted Average Shares": 1468876.0,
        "Basic Average Shares": 1468876.0,
        "Diluted EPS": -17.1,
        "Basic EPS": -17.1,
        "Diluted NI Availto Com Stockholders": -25138000.0,
        "Net Income Common Stockholders": -25138000.0,
        "Net Income": -25138000.0,
        "Net Income Including Noncontrolling Interests": -25138000.0,
        "Net Income Continuous Operations": -25138000.0,
        "Tax Provision": -3000.0,
        "Pretax Income": -25141000.0,
        "Other Income Expense": 81000.0,
        "Other Non Operating Income Expenses": 81000.0,
        "Net Non Operating Interest Income Expense": -751000.0,
        "Interest Expense Non Operating": 1220000.0,
        "Interest Income Non Operating": 469000.0,
        "Operating Income": -24471000.0,
        "Operating Expense": 26822000.0,
        "Research And Development": 18521000.0,
        "Selling General And Administration": 8301000.0,
        "Gross Profit": 2351000.0,
        "Cost Of Revenue": 345000.0,
        "Total Revenue": 2696000.0,
        "Operating Revenue": 2696000.0
    },
    "2022-09-30": {
        "Tax Effect Of Unusual Items": 0.0,
        "Tax Rate For Calcs": 0.0,
        "Normalized EBITDA": -25807000.0,
        "Net Income From Continuing Operation Net Minority Interest": -27111000.0,
        "Reconciled Depreciation": 212000.0,
        "Reconciled Cost Of Revenue": 1231000.0,
        "EBITDA": -25807000.0,
        "EBIT": -26019000.0,
        "Net Interest Income": -745000.0,
        "Interest Expense": 1092000.0,
        "Interest Income": 347000.0,
        "Normalized Income": -27111000.0,
        "Net Income From Continuing And Discontinued Operation": -27111000.0,
        "Total Expenses": 30393000.0,
        "Total Operating Income As Reported": -26369000.0,
        "Diluted Average Shares": 44010553.0,
        "Basic Average Shares": 44010553.0,
        "Diluted EPS": -0.62,
        "Basic EPS": -0.62,
        "Diluted NI Availto Com Stockholders": -27111000.0,
        "Net Income Common Stockholders": -27111000.0,
        "Net Income": -27111000.0,
        "Net Income Including Noncontrolling Interests": -27111000.0,
        "Net Income Continuous Operations": -27111000.0,
        "Tax Provision": 0.0,
        "Pretax Income": -27111000.0,
        "Other Income Expense": 3000.0,
        "Other Non Operating Income Expenses": 3000.0,
        "Net Non Operating Interest Income Expense": -745000.0,
        "Interest Expense Non Operating": 1092000.0,
        "Interest Income Non Operating": 347000.0,
        "Operating Income": -26369000.0,
        "Operating Expense": 29162000.0,
        "Research And Development": 22198000.0,
        "Selling General And Administration": 6964000.0,
        "Gross Profit": 2793000.0,
        "Cost Of Revenue": 1231000.0,
        "Total Revenue": 4024000.0,
        "Operating Revenue": 4024000.0
    },
    "2022-06-30": {
        "Tax Effect Of Unusual Items": 0.0,
        "Tax Rate For Calcs": 0.4,
        "Normalized EBITDA": -20724000.0,
        "Net Income From Continuing Operation Net Minority Interest": -21884000.0,
        "Reconciled Depreciation": 209000.0,
        "Reconciled Cost Of Revenue": 151000.0,
        "EBITDA": -20724000.0,
        "EBIT": -20933000.0,
        "Net Interest Income": -713000.0,
        "Interest Expense": 934000.0,
        "Interest Income": 221000.0,
        "Normalized Income": -21884000.0,
        "Net Income From Continuing And Discontinued Operation": -21884000.0,
        "Total Expenses": 24171000.0,
        "Total Operating Income As Reported": -20080000.0,
        "Diluted Average Shares": 43059809.0,
        "Basic Average Shares": 43059809.0,
        "Diluted EPS": -0.51,
        "Basic EPS": -0.51,
        "Diluted NI Availto Com Stockholders": -21884000.0,
        "Net Income Common Stockholders": -21884000.0,
        "Net Income": -21884000.0,
        "Net Income Including Noncontrolling Interests": -21884000.0,
        "Net Income Continuous Operations": -21884000.0,
        "Tax Provision": 17000.0,
        "Pretax Income": -21867000.0,
        "Other Income Expense": -1074000.0,
        "Other Non Operating Income Expenses": -1074000.0,
        "Net Non Operating Interest Income Expense": -713000.0,
        "Interest Expense Non Operating": 934000.0,
        "Interest Income Non Operating": 221000.0,
        "Operating Income": -20080000.0,
        "Operating Expense": 24020000.0,
        "Research And Development": 16993000.0,
        "Selling General And Administration": 7027000.0,
        "Gross Profit": 3940000.0,
        "Cost Of Revenue": 151000.0,
        "Total Revenue": 4091000.0,
        "Operating Revenue": 3341000.0
    },
    "2022-03-31": {
        "Diluted EPS": -0.64,
        "Total Revenue": 3,
        "Gross Profit": 3,
        "Operating Income": -22,
        "EBIT": -21,
        "Net Income": -23
    },
    "2021-12-31": {
        "Diluted EPS": -0.63,
        "Total Revenue": 3,
        "Gross Profit": 3,
        "Operating Income": -21,
        "EBIT": -20,
        "Net Income": -22
    },
    "2021-09-30": {
        "Diluted EPS": -0.65,
        "Total Revenue": 3,
        "Gross Profit": 3,
        "Operating Income": -22,
        "EBIT": -21,
        "Net Income": -22
    },
    "2021-06-30": {
        "Diluted EPS": -0.57,
        "Total Revenue": 2,
        "Gross Profit": 2,
        "Operating Income": -18,
        "EBIT": -18,
        "Net Income": -19
    },
    "2021-03-31": {
        "Diluted EPS": 0.85,
        "Total Revenue": 4,
        "Gross Profit": 4,
        "Operating Income": -16,
        "EBIT": -15,
        "Net Income": 29
    },
    "2020-12-31": {
        "Diluted EPS": -0.57,
        "Total Revenue": NaN,
        "Gross Profit": NaN,
        "Operating Income": -18,
        "EBIT": -18,
        "Net Income": -19
    },
    "2020-09-30": {
        "Diluted EPS": -0.52,
        "Total Revenue": NaN,
        "Gross Profit": NaN,
        "Operating Income": -15,
        "EBIT": -15,
        "Net Income": -16
    },
    "2020-06-30": {
        "Diluted EPS": -0.6,
        "Total Revenue": NaN,
        "Gross Profit": NaN,
        "Operating Income": -15,
        "EBIT": -14,
        "Net Income": -15
    },
    "2020-03-31": {
        "Diluted EPS": -0.62,
        "Total Revenue": NaN,
        "Gross Profit": NaN,
        "Operating Income": -15,
        "EBIT": -15,
        "Net Income": -15
    },
    "2019-12-31": {
        "Diluted EPS": -0.67,
        "Total Revenue": NaN,
        "Gross Profit": NaN,
        "Operating Income": -17,
        "EBIT": -16,
        "Net Income": -17
    },
    "2019-09-30": {
        "Diluted EPS": -0.76,
        "Total Revenue": NaN,
        "Gross Profit": NaN,
        "Operating Income": -18,
        "EBIT": -18,
        "Net Income": -19
    },
    "2019-06-30": {
        "Diluted EPS": -0.75,
        "Total Revenue": NaN,
        "Gross Profit": NaN,
        "Operating Income": -17,
        "EBIT": -17,
        "Net Income": -18
    },
    "2019-03-31": {
        "Diluted EPS": -0.9,
        "Total Revenue": NaN,
        "Gross Profit": NaN,
        "Operating Income": -17,
        "EBIT": -17,
        "Net Income": -17
    },
    "2018-12-31": {
        "Diluted EPS": -0.98,
        "Total Revenue": NaN,
        "Gross Profit": NaN,
        "Operating Income": -16,
        "EBIT": -16,
        "Net Income": -17
    },
    "2018-09-30": {
        "Diluted EPS": -1.2,
        "Total Revenue": NaN,
        "Gross Profit": NaN,
        "Operating Income": -17,
        "EBIT": -17,
        "Net Income": -17
    },
    "2018-06-30": {
        "Diluted EPS": -0.82,
        "Total Revenue": NaN,
        "Gross Profit": NaN,
        "Operating Income": -10,
        "EBIT": -10,
        "Net Income": -10
    },
    "2018-03-31": {
        "Diluted EPS": -0.84,
        "Total Revenue": NaN,
        "Gross Profit": NaN,
        "Operating Income": -9,
        "EBIT": -8,
        "Net Income": -9
    },
    "2017-12-31": {
        "Diluted EPS": -1.09,
        "Total Revenue": NaN,
        "Gross Profit": NaN,
        "Operating Income": -11,
        "EBIT": -11,
        "Net Income": -11
    },
    "2017-09-30": {
        "Diluted EPS": -1.1,
        "Total Revenue": NaN,
        "Gross Profit": NaN,
        "Operating Income": -9,
        "EBIT": -9,
        "Net Income": -9
    },
    "2017-06-30": {
        "Diluted EPS": -1.33,
        "Total Revenue": NaN,
        "Gross Profit": NaN,
        "Operating Income": -11,
        "EBIT": -11,
        "Net Income": -11
    },
    "2017-03-31": {
        "Diluted EPS": -1.34,
        "Total Revenue": NaN,
        "Gross Profit": NaN,
        "Operating Income": -11,
        "EBIT": -11,
        "Net Income": -11
    },
    "2016-12-31": {
        "Diluted EPS": 5.94,
        "Total Revenue": NaN,
        "Gross Profit": NaN,
        "Operating Income": -13,
        "EBIT": -13,
        "Net Income": -13
    },
    "2016-09-30": {
        "Diluted EPS": -1.49,
        "Total Revenue": NaN,
        "Gross Profit": NaN,
        "Operating Income": -11,
        "EBIT": -11,
        "Net Income": -11
    },
    "2016-06-30": {
        "Diluted EPS": -1.87,
        "Total Revenue": NaN,
        "Gross Profit": NaN,
        "Operating Income": -13,
        "EBIT": -13,
        "Net Income": -13
    },
    "2016-03-31": {
        "Diluted EPS": -10.42,
        "Total Revenue": NaN,
        "Gross Profit": NaN,
        "Operating Income": -9,
        "EBIT": -9,
        "Net Income": -10
    },
    "2015-12-31": {
        "Diluted EPS": -30.0,
        "Total Revenue": NaN,
        "Gross Profit": NaN,
        "Operating Income": -7,
        "EBIT": -7,
        "Net Income": -7
    },
    "2015-09-30": {
        "Diluted EPS": -14.7,
        "Total Revenue": NaN,
        "Gross Profit": NaN,
        "Operating Income": -3,
        "EBIT": -3,
        "Net Income": -3
    },
    "2015-06-30": {
        "Diluted EPS": -13.34,
        "Total Revenue": NaN,
        "Gross Profit": NaN,
        "Operating Income": -3,
        "EBIT": -3,
        "Net Income": -3
    },
    "2015-03-31": {
        "Diluted EPS": -4.15,
        "Total Revenue": NaN,
        "Gross Profit": NaN,
        "Operating Income": -1,
        "EBIT": -1,
        "Net Income": -1
    },
    "2014-12-31": {
        "Diluted EPS": 12.87,
        "Total Revenue": NaN,
        "Gross Profit": NaN,
        "Operating Income": 21,
        "EBIT": 20,
        "Net Income": 21
    },
    "2014-09-30": {
        "Diluted EPS": -6.0,
        "Total Revenue": NaN,
        "Gross Profit": NaN,
        "Operating Income": -8,
        "EBIT": -8,
        "Net Income": -8
    },
    "2014-06-30": {
        "Diluted EPS": -5.7,
        "Total Revenue": NaN,
        "Gross Profit": NaN,
        "Operating Income": -7,
        "EBIT": -7,
        "Net Income": -7
    },
    "2014-03-31": {
        "Diluted EPS": -9.0,
        "Total Revenue": NaN,
        "Gross Profit": NaN,
        "Operating Income": -7,
        "EBIT": -7,
        "Net Income": -7
    },
    "2013-12-31": {
        "Diluted EPS": -119.45,
        "Total Revenue": NaN,
        "Gross Profit": NaN,
        "Operating Income": -6,
        "EBIT": -6,
        "Net Income": -7
    },
    "2013-09-30": {
        "Diluted EPS": -92.5,
        "Total Revenue": NaN,
        "Gross Profit": NaN,
        "Operating Income": -6,
        "EBIT": -5,
        "Net Income": -5
    },
    "2013-06-30": {
        "Diluted EPS": -134.63,
        "Total Revenue": NaN,
        "Gross Profit": NaN,
        "Operating Income": -5,
        "EBIT": -5,
        "Net Income": -8
    },
    "2013-03-31": {
        "Diluted EPS": -59.82,
        "Total Revenue": NaN,
        "Gross Profit": NaN,
        "Operating Income": -3,
        "EBIT": -3,
        "Net Income": -4
    },
    "2012-12-31": {
        "Diluted EPS": -65.07,
        "Total Revenue": NaN,
        "Gross Profit": NaN,
        "Operating Income": NaN,
        "EBIT": 0,
        "Net Income": -4
    },
    "2012-09-30": {
        "Diluted EPS": -44.53,
        "Total Revenue": NaN,
        "Gross Profit": NaN,
        "Operating Income": NaN,
        "EBIT": NaN,
        "Net Income": -3
    },
    "2012-06-30": {
        "Diluted EPS": -112.74,
        "Total Revenue": NaN,
        "Gross Profit": NaN,
        "Operating Income": NaN,
        "EBIT": NaN,
        "Net Income": -7
    },
    "2012-03-31": {
        "Diluted EPS": -73.61,
        "Total Revenue": NaN,
        "Gross Profit": NaN,
        "Operating Income": NaN,
        "EBIT": NaN,
        "Net Income": -3
    },
    "2011-12-31": {
        "Diluted EPS": 0.0,
        "Total Revenue": NaN,
        "Gross Profit": NaN,
        "Operating Income": NaN,
        "EBIT": NaN,
        "Net Income": NaN
    },
    "2011-06-30": {
        "Diluted EPS": 0.0,
        "Total Revenue": NaN,
        "Gross Profit": NaN,
        "Operating Income": NaN,
        "EBIT": NaN,
        "Net Income": NaN
    },
    "2023-06-30": {
        "Tax Effect Of Unusual Items": 0.0,
        "Tax Rate For Calcs": 0.21,
        "Normalized EBITDA": -19167000.0,
        "Net Income From Continuing Operation Net Minority Interest": -20695000.0,
        "Reconciled Depreciation": 183000.0,
        "Reconciled Cost Of Revenue": -310000.0,
        "EBITDA": -19167000.0,
        "EBIT": -19350000.0,
        "Net Interest Income": -683000.0,
        "Interest Expense": 1343000.0,
        "Interest Income": 660000.0,
        "Normalized Income": -20695000.0,
        "Net Income From Continuing And Discontinued Operation": -20695000.0,
        "Total Expenses": 24624000.0,
        "Total Operating Income As Reported": -19981000.0,
        "Diluted Average Shares": 1476547.0,
        "Basic Average Shares": 1476547.0,
        "Diluted EPS": -14.1,
        "Basic EPS": -14.1,
        "Diluted NI Availto Com Stockholders": -20695000.0,
        "Net Income Common Stockholders": -20695000.0,
        "Net Income": -20695000.0,
        "Net Income Including Noncontrolling Interests": -20695000.0,
        "Net Income Continuous Operations": -20695000.0,
        "Tax Provision": 2000.0,
        "Pretax Income": -20693000.0,
        "Other Income Expense": -29000.0,
        "Other Non Operating Income Expenses": -29000.0,
        "Net Non Operating Interest Income Expense": -683000.0,
        "Interest Expense Non Operating": 1343000.0,
        "Interest Income Non Operating": 660000.0,
        "Operating Income": -19981000.0,
        "Operating Expense": 24934000.0,
        "Research And Development": 19401000.0,
        "Selling General And Administration": 5533000.0,
        "Gross Profit": 4953000.0,
        "Cost Of Revenue": -310000.0,
        "Total Revenue": 4643000.0,
        "Operating Revenue": 4393000.0
    },
    "2023-09-30": {
        "Tax Effect Of Unusual Items": 0.0,
        "Tax Rate For Calcs": 0.0,
        "Normalized EBITDA": -16420000.0,
        "Net Income From Continuing Operation Net Minority Interest": -18030000.0,
        "Reconciled Depreciation": 198000.0,
        "Reconciled Cost Of Revenue": 115000.0,
        "EBITDA": -16420000.0,
        "EBIT": -16618000.0,
        "Net Interest Income": -927000.0,
        "Interest Expense": 1412000.0,
        "Interest Income": 485000.0,
        "Normalized Income": -18030000.0,
        "Net Income From Continuing And Discontinued Operation": -18030000.0,
        "Total Expenses": 20137000.0,
        "Total Operating Income As Reported": -16928000.0,
        "Diluted Average Shares": 1477338.0,
        "Basic Average Shares": 1477338.0,
        "Diluted EPS": -12.3,
        "Basic EPS": -12.3,
        "Diluted NI Availto Com Stockholders": -18030000.0,
        "Net Income Common Stockholders": -18030000.0,
        "Net Income": -18030000.0,
        "Net Income Including Noncontrolling Interests": -18030000.0,
        "Net Income Continuous Operations": -18030000.0,
        "Tax Provision": 0.0,
        "Pretax Income": -18030000.0,
        "Other Income Expense": -175000.0,
        "Other Non Operating Income Expenses": -175000.0,
        "Net Non Operating Interest Income Expense": -927000.0,
        "Interest Expense Non Operating": 1412000.0,
        "Interest Income Non Operating": 485000.0,
        "Operating Income": -16928000.0,
        "Operating Expense": 20022000.0,
        "Research And Development": 14568000.0,
        "Selling General And Administration": 5454000.0,
        "Gross Profit": 3094000.0,
        "Cost Of Revenue": 115000.0,
        "Total Revenue": 3209000.0,
        "Operating Revenue": 3209000.0
    }
}