{
    "2023-06-30": {
        "Tax Effect Of Unusual Items": NaN,
        "Tax Rate For Calcs": NaN,
        "Normalized EBITDA": NaN,
        "Total Unusual Items": NaN,
        "Total Unusual Items Excluding Goodwill": NaN,
        "Net Income From Continuing Operation Net Minority Interest": NaN,
        "Reconciled Depreciation": NaN,
        "Reconciled Cost Of Revenue": NaN,
        "EBITDA": NaN,
        "EBIT": NaN,
        "Net Interest Income": NaN,
        "Interest Expense": NaN,
        "Interest Income": NaN,
        "Normalized Income": NaN,
        "Net Income From Continuing And Discontinued Operation": NaN,
        "Total Expenses": NaN,
        "Total Operating Income As Reported": NaN,
        "Diluted Average Shares": 385000000.0,
        "Basic Average Shares": 383000000.0,
        "Diluted EPS": 0.92,
        "Basic EPS": 0.92,
        "Diluted NI Availto Com Stockholders": NaN,
        "Net Income Common Stockholders": NaN,
        "Preferred Stock Dividends": NaN,
        "Net Income": NaN,
        "Minority Interests": -29000000.0,
        "Net Income Including Noncontrolling Interests": NaN,
        "Net Income Continuous Operations": NaN,
        "Tax Provision": NaN,
        "Pretax Income": NaN,
        "Other Income Expense": NaN,
        "Other Non Operating Income Expenses": NaN,
        "Special Income Charges": NaN,
        "Other Special Charges": NaN,
        "Impairment Of Capital Assets": 0.0,
        "Gain On Sale Of Security": NaN,
        "Net Non Operating Interest Income Expense": NaN,
        "Interest Expense Non Operating": NaN,
        "Interest Income Non Operating": NaN,
        "Operating Income": NaN,
        "Operating Expense": NaN,
        "Other Taxes": NaN,
        "Depreciation Amortization Depletion Income Statement": NaN,
        "Depreciation And Amortization In Income Statement": NaN,
        "Selling General And Administration": NaN,
        "General And Administrative Expense": NaN,
        "Insurance And Claims": NaN,
        "Salaries And Wages": -26000000.0,
        "Gross Profit": NaN,
        "Cost Of Revenue": NaN,
        "Total Revenue": NaN,
        "Operating Revenue": NaN
    },
    "2023-03-31": {
        "Tax Effect Of Unusual Items": NaN,
        "Tax Rate For Calcs": NaN,
        "Normalized EBITDA": NaN,
        "Total Unusual Items": NaN,
        "Total Unusual Items Excluding Goodwill": NaN,
        "Net Income From Continuing Operation Net Minority Interest": NaN,
        "Reconciled Depreciation": NaN,
        "Reconciled Cost Of Revenue": NaN,
        "EBITDA": NaN,
        "EBIT": NaN,
        "Net Interest Income": NaN,
        "Interest Expense": NaN,
        "Interest Income": NaN,
        "Normalized Income": NaN,
        "Net Income From Continuing And Discontinued Operation": NaN,
        "Total Expenses": NaN,
        "Total Operating Income As Reported": NaN,
        "Diluted Average Shares": NaN,
        "Basic Average Shares": NaN,
        "Diluted EPS": NaN,
        "Basic EPS": NaN,
        "Diluted NI Availto Com Stockholders": NaN,
        "Net Income Common Stockholders": NaN,
        "Preferred Stock Dividends": NaN,
        "Net Income": NaN,
        "Minority Interests": NaN,
        "Net Income Including Noncontrolling Interests": NaN,
        "Net Income Continuous Operations": NaN,
        "Tax Provision": NaN,
        "Pretax Income": NaN,
        "Other Income Expense": NaN,
        "Other Non Operating Income Expenses": NaN,
        "Special Income Charges": NaN,
        "Other Special Charges": NaN,
        "Impairment Of Capital Assets": NaN,
        "Gain On Sale Of Security": -3000000.0,
        "Net Non Operating Interest Income Expense": NaN,
        "Interest Expense Non Operating": NaN,
        "Interest Income Non Operating": NaN,
        "Operating Income": NaN,
        "Operating Expense": NaN,
        "Other Taxes": NaN,
        "Depreciation Amortization Depletion Income Statement": NaN,
        "Depreciation And Amortization In Income Statement": NaN,
        "Selling General And Administration": NaN,
        "General And Administrative Expense": NaN,
        "Insurance And Claims": NaN,
        "Salaries And Wages": NaN,
        "Gross Profit": NaN,
        "Cost Of Revenue": NaN,
        "Total Revenue": NaN,
        "Operating Revenue": NaN
    },
    "2022-12-31": {
        "Tax Effect Of Unusual Items": NaN,
        "Tax Rate For Calcs": NaN,
        "Normalized EBITDA": NaN,
        "Total Unusual Items": NaN,
        "Total Unusual Items Excluding Goodwill": NaN,
        "Net Income From Continuing Operation Net Minority Interest": NaN,
        "Reconciled Depreciation": NaN,
        "Reconciled Cost Of Revenue": NaN,
        "EBITDA": NaN,
        "EBIT": NaN,
        "Net Interest Income": NaN,
        "Interest Expense": NaN,
        "Interest Income": NaN,
        "Normalized Income": NaN,
        "Net Income From Continuing And Discontinued Operation": NaN,
        "Total Expenses": NaN,
        "Total Operating Income As Reported": NaN,
        "Diluted Average Shares": NaN,
        "Basic Average Shares": NaN,
        "Diluted EPS": NaN,
        "Basic EPS": NaN,
        "Diluted NI Availto Com Stockholders": NaN,
        "Net Income Common Stockholders": NaN,
        "Preferred Stock Dividends": NaN,
        "Net Income": NaN,
        "Minority Interests": NaN,
        "Net Income Including Noncontrolling Interests": NaN,
        "Net Income Continuous Operations": NaN,
        "Tax Provision": NaN,
        "Pretax Income": NaN,
        "Other Income Expense": NaN,
        "Other Non Operating Income Expenses": NaN,
        "Special Income Charges": NaN,
        "Other Special Charges": NaN,
        "Impairment Of Capital Assets": -6000000.0,
        "Gain On Sale Of Security": NaN,
        "Net Non Operating Interest Income Expense": NaN,
        "Interest Expense Non Operating": NaN,
        "Interest Income Non Operating": NaN,
        "Operating Income": NaN,
        "Operating Expense": NaN,
        "Other Taxes": NaN,
        "Depreciation Amortization Depletion Income Statement": NaN,
        "Depreciation And Amortization In Income Statement": NaN,
        "Selling General And Administration": NaN,
        "General And Administrative Expense": NaN,
        "Insurance And Claims": NaN,
        "Salaries And Wages": NaN,
        "Gross Profit": NaN,
        "Cost Of Revenue": NaN,
        "Total Revenue": NaN,
        "Operating Revenue": NaN
    },
    "2022-09-30": {
        "Tax Effect Of Unusual Items": NaN,
        "Tax Rate For Calcs": NaN,
        "Normalized EBITDA": NaN,
        "Total Unusual Items": NaN,
        "Total Unusual Items Excluding Goodwill": NaN,
        "Net Income From Continuing Operation Net Minority Interest": NaN,
        "Reconciled Depreciation": NaN,
        "Reconciled Cost Of Revenue": NaN,
        "EBITDA": NaN,
        "EBIT": NaN,
        "Net Interest Income": NaN,
        "Interest Expense": NaN,
        "Interest Income": NaN,
        "Normalized Income": NaN,
        "Net Income From Continuing And Discontinued Operation": NaN,
        "Total Expenses": NaN,
        "Total Operating Income As Reported": NaN,
        "Diluted Average Shares": 383000000.0,
        "Basic Average Shares": 382000000.0,
        "Diluted EPS": -0.33,
        "Basic EPS": -0.33,
        "Diluted NI Availto Com Stockholders": NaN,
        "Net Income Common Stockholders": NaN,
        "Preferred Stock Dividends": NaN,
        "Net Income": NaN,
        "Net Income Including Noncontrolling Interests": NaN,
        "Net Income Continuous Operations": NaN,
        "Tax Provision": NaN,
        "Pretax Income": NaN,
        "Other Income Expense": NaN,
        "Other Non Operating Income Expenses": NaN,
        "Special Income Charges": NaN,
        "Other Special Charges": NaN,
        "Impairment Of Capital Assets": -1000000.0,
        "Gain On Sale Of Security": 8000000.0,
        "Net Non Operating Interest Income Expense": NaN,
        "Interest Expense Non Operating": NaN,
        "Interest Income Non Operating": NaN,
        "Operating Income": NaN,
        "Operating Expense": NaN,
        "Other Taxes": NaN,
        "Depreciation Amortization Depletion Income Statement": NaN,
        "Depreciation And Amortization In Income Statement": NaN,
        "Selling General And Administration": NaN,
        "General And Administrative Expense": NaN,
        "Insurance And Claims": NaN,
        "Salaries And Wages": NaN,
        "Gross Profit": NaN,
        "Cost Of Revenue": NaN,
        "Total Revenue": NaN,
        "Operating Revenue": NaN
    },
    "2022-06-30": {
        "Tax Effect Of Unusual Items": -936454.849498,
        "Tax Rate For Calcs": 0.023411,
        "Normalized EBITDA": 1211000000.0,
        "Total Unusual Items": -40000000.0,
        "Total Unusual Items Excluding Goodwill": -40000000.0,
        "Net Income From Continuing Operation Net Minority Interest": 292000000.0,
        "Reconciled Depreciation": 592000000.0,
        "Reconciled Cost Of Revenue": 2674000000.0,
        "EBITDA": 1171000000.0,
        "EBIT": 570000000.0,
        "Net Interest Income": -256000000.0,
        "Interest Expense": 271000000.0,
        "Interest Income": 15000000.0,
        "Normalized Income": 331063545.150502,
        "Net Income From Continuing And Discontinued Operation": 292000000.0,
        "Total Expenses": 3441000000.0,
        "Total Operating Income As Reported": 504000000.0,
        "Diluted Average Shares": 383000000.0,
        "Basic Average Shares": 381000000.0,
        "Diluted EPS": 0.63,
        "Basic EPS": 0.63,
        "Diluted NI Availto Com Stockholders": 241000000.0,
        "Net Income Common Stockholders": 241000000.0,
        "Preferred Stock Dividends": 51000000.0,
        "Net Income": 292000000.0,
        "Net Income Including Noncontrolling Interests": 292000000.0,
        "Net Income Continuous Operations": 292000000.0,
        "Tax Provision": 7000000.0,
        "Pretax Income": 299000000.0,
        "Other Income Expense": -12000000.0,
        "Other Non Operating Income Expenses": 28000000.0,
        "Special Income Charges": -36000000.0,
        "Other Special Charges": -27000000.0,
        "Impairment Of Capital Assets": 63000000.0,
        "Gain On Sale Of Security": -4000000.0,
        "Net Non Operating Interest Income Expense": -256000000.0,
        "Interest Expense Non Operating": 271000000.0,
        "Interest Income Non Operating": 15000000.0,
        "Operating Income": 567000000.0,
        "Operating Expense": 776000000.0,
        "Other Taxes": 120000000.0,
        "Depreciation Amortization Depletion Income Statement": 601000000.0,
        "Depreciation And Amortization In Income Statement": 601000000.0,
        "Selling General And Administration": 55000000.0,
        "General And Administrative Expense": 55000000.0,
        "Insurance And Claims": 55000000.0,
        "Gross Profit": 1343000000.0,
        "Cost Of Revenue": 2665000000.0,
        "Total Revenue": 4008000000.0,
        "Operating Revenue": 4008000000.0
    },
    "2022-03-31": {
        "Diluted EPS": 0.22,
        "Total Revenue": NaN,
        "Gross Profit": NaN,
        "Operating Income": 259,
        "EBIT": 936,
        "Net Income": 84
    },
    "2021-12-31": {
        "Diluted EPS": 1.38,
        "Total Revenue": NaN,
        "Gross Profit": NaN,
        "Operating Income": 621,
        "EBIT": NaN,
        "Net Income": 523
    },
    "2021-09-30": {
        "Diluted EPS": -0.9,
        "Total Revenue": NaN,
        "Gross Profit": NaN,
        "Operating Income": -128,
        "EBIT": 545,
        "Net Income": -341
    },
    "2021-06-30": {
        "Diluted EPS": 0.84,
        "Total Revenue": NaN,
        "Gross Profit": NaN,
        "Operating Income": 585,
        "EBIT": NaN,
        "Net Income": 318
    },
    "2021-03-31": {
        "Diluted EPS": 0.68,
        "Total Revenue": NaN,
        "Gross Profit": NaN,
        "Operating Income": 399,
        "EBIT": 994,
        "Net Income": 259
    },
    "2020-12-31": {
        "Diluted EPS": 1.39,
        "Total Revenue": NaN,
        "Gross Profit": NaN,
        "Operating Income": 794,
        "EBIT": NaN,
        "Net Income": 526
    },
    "2020-09-30": {
        "Diluted EPS": -0.76,
        "Total Revenue": NaN,
        "Gross Profit": NaN,
        "Operating Income": -379,
        "EBIT": 213,
        "Net Income": -288
    },
    "2020-06-30": {
        "Diluted EPS": 0.85,
        "Total Revenue": NaN,
        "Gross Profit": NaN,
        "Operating Income": 500,
        "EBIT": NaN,
        "Net Income": 318
    },
    "2020-03-31": {
        "Diluted EPS": 0.5,
        "Total Revenue": NaN,
        "Gross Profit": NaN,
        "Operating Income": 302,
        "EBIT": 887,
        "Net Income": 183
    },
    "2019-12-31": {
        "Diluted EPS": 0.37,
        "Total Revenue": NaN,
        "Gross Profit": NaN,
        "Operating Income": 287,
        "EBIT": 859,
        "Net Income": 143
    },
    "2019-09-30": {
        "Diluted EPS": 1.35,
        "Total Revenue": NaN,
        "Gross Profit": NaN,
        "Operating Income": 636,
        "EBIT": NaN,
        "Net Income": 471
    },
    "2019-06-30": {
        "Diluted EPS": 1.2,
        "Total Revenue": NaN,
        "Gross Profit": NaN,
        "Operating Income": 500,
        "EBIT": 839,
        "Net Income": 392
    },
    "2019-03-31": {
        "Diluted EPS": 0.85,
        "Total Revenue": NaN,
        "Gross Profit": NaN,
        "Operating Income": 352,
        "EBIT": 850,
        "Net Income": 278
    },
    "2018-12-31": {
        "Diluted EPS": -4.38,
        "Total Revenue": NaN,
        "Gross Profit": NaN,
        "Operating Income": NaN,
        "EBIT": NaN,
        "Net Income": NaN
    },
    "2018-09-30": {
        "Diluted EPS": 1.57,
        "Total Revenue": NaN,
        "Gross Profit": NaN,
        "Operating Income": 739,
        "EBIT": NaN,
        "Net Income": 513
    },
    "2018-06-30": {
        "Diluted EPS": 0.84,
        "Total Revenue": NaN,
        "Gross Profit": NaN,
        "Operating Income": 420,
        "EBIT": NaN,
        "Net Income": 276
    },
    "2018-03-31": {
        "Diluted EPS": 0.67,
        "Total Revenue": NaN,
        "Gross Profit": NaN,
        "Operating Income": 330,
        "EBIT": 809,
        "Net Income": 218
    },
    "2017-12-31": {
        "Diluted EPS": -1.67,
        "Total Revenue": NaN,
        "Gross Profit": NaN,
        "Operating Income": -38,
        "EBIT": 486,
        "Net Income": -545
    },
    "2017-09-30": {
        "Diluted EPS": 1.44,
        "Total Revenue": NaN,
        "Gross Profit": NaN,
        "Operating Income": 553,
        "EBIT": NaN,
        "Net Income": 470
    },
    "2017-06-30": {
        "Diluted EPS": 0.85,
        "Total Revenue": NaN,
        "Gross Profit": NaN,
        "Operating Income": 470,
        "EBIT": 998,
        "Net Income": 278
    },
    "2017-03-31": {
        "Diluted EPS": 1.1,
        "Total Revenue": NaN,
        "Gross Profit": NaN,
        "Operating Income": 471,
        "EBIT": 991,
        "Net Income": 362
    },
    "2016-12-31": {
        "Diluted EPS": 1.0,
        "Total Revenue": NaN,
        "Gross Profit": NaN,
        "Operating Income": 538,
        "EBIT": NaN,
        "Net Income": 329
    },
    "2016-09-30": {
        "Diluted EPS": 1.27,
        "Total Revenue": NaN,
        "Gross Profit": NaN,
        "Operating Income": 695,
        "EBIT": NaN,
        "Net Income": 421
    },
    "2016-06-30": {
        "Diluted EPS": 0.85,
        "Total Revenue": NaN,
        "Gross Profit": NaN,
        "Operating Income": 381,
        "EBIT": 907,
        "Net Income": 280
    },
    "2016-03-31": {
        "Diluted EPS": 0.85,
        "Total Revenue": NaN,
        "Gross Profit": NaN,
        "Operating Income": 448,
        "EBIT": 947,
        "Net Income": 281
    },
    "2015-12-31": {
        "Diluted EPS": -0.24,
        "Total Revenue": NaN,
        "Gross Profit": NaN,
        "Operating Income": 338,
        "EBIT": 828,
        "Net Income": -79
    },
    "2015-09-30": {
        "Diluted EPS": 1.28,
        "Total Revenue": NaN,
        "Gross Profit": NaN,
        "Operating Income": 608,
        "EBIT": NaN,
        "Net Income": 421
    },
    "2015-06-30": {
        "Diluted EPS": 1.15,
        "Total Revenue": NaN,
        "Gross Profit": NaN,
        "Operating Income": 524,
        "EBIT": NaN,
        "Net Income": 379
    },
    "2015-03-31": {
        "Diluted EPS": 0.91,
        "Total Revenue": NaN,
        "Gross Profit": NaN,
        "Operating Income": 538,
        "EBIT": NaN,
        "Net Income": 299
    },
    "2014-12-31": {
        "Diluted EPS": 1.26,
        "Total Revenue": NaN,
        "Gross Profit": NaN,
        "Operating Income": 692,
        "EBIT": NaN,
        "Net Income": 420
    },
    "2014-09-30": {
        "Diluted EPS": 1.46,
        "Total Revenue": NaN,
        "Gross Profit": NaN,
        "Operating Income": 874,
        "EBIT": NaN,
        "Net Income": 480
    },
    "2014-06-30": {
        "Diluted EPS": 1.63,
        "Total Revenue": NaN,
        "Gross Profit": NaN,
        "Operating Income": 575,
        "EBIT": NaN,
        "Net Income": 536
    },
    "2014-03-31": {
        "Diluted EPS": 0.54,
        "Total Revenue": NaN,
        "Gross Profit": NaN,
        "Operating Income": 331,
        "EBIT": 763,
        "Net Income": 176
    },
    "2013-12-31": {
        "Diluted EPS": 0.91,
        "Total Revenue": NaN,
        "Gross Profit": NaN,
        "Operating Income": 505,
        "EBIT": 977,
        "Net Income": 300
    },
    "2013-09-30": {
        "Diluted EPS": 1.34,
        "Total Revenue": NaN,
        "Gross Profit": NaN,
        "Operating Income": 789,
        "EBIT": NaN,
        "Net Income": 438
    },
    "2013-06-30": {
        "Diluted EPS": -0.29,
        "Total Revenue": NaN,
        "Gross Profit": NaN,
        "Operating Income": -71,
        "EBIT": 347,
        "Net Income": -94
    },
    "2013-03-31": {
        "Diluted EPS": 0.82,
        "Total Revenue": NaN,
        "Gross Profit": NaN,
        "Operating Income": 492,
        "EBIT": 906,
        "Net Income": 271
    },
    "2012-12-31": {
        "Diluted EPS": -1.64,
        "Total Revenue": NaN,
        "Gross Profit": NaN,
        "Operating Income": 763,
        "EBIT": NaN,
        "Net Income": -540
    },
    "2012-09-30": {
        "Diluted EPS": 0.58,
        "Total Revenue": NaN,
        "Gross Profit": NaN,
        "Operating Income": 713,
        "EBIT": NaN,
        "Net Income": 190
    },
    "2012-06-30": {
        "Diluted EPS": 0.22,
        "Total Revenue": NaN,
        "Gross Profit": NaN,
        "Operating Income": 420,
        "EBIT": 835,
        "Net Income": 74
    },
    "2012-03-31": {
        "Diluted EPS": 0.28,
        "Total Revenue": NaN,
        "Gross Profit": NaN,
        "Operating Income": 389,
        "EBIT": 796,
        "Net Income": 93
    },
    "2011-12-31": {
        "Diluted EPS": -2.56,
        "Total Revenue": NaN,
        "Gross Profit": 852,
        "Operating Income": 446,
        "EBIT": 489,
        "Net Income": -839
    },
    "2011-09-30": {
        "Diluted EPS": 1.3,
        "Total Revenue": NaN,
        "Gross Profit": NaN,
        "Operating Income": 785,
        "EBIT": NaN,
        "Net Income": 426
    },
    "2011-06-30": {
        "Diluted EPS": 0.54,
        "Total Revenue": NaN,
        "Gross Profit": NaN,
        "Operating Income": 380,
        "EBIT": 853,
        "Net Income": 176
    },
    "2011-03-31": {
        "Diluted EPS": 0.61,
        "Total Revenue": NaN,
        "Gross Profit": NaN,
        "Operating Income": 450,
        "EBIT": 904,
        "Net Income": 200
    },
    "2010-12-31": {
        "Diluted EPS": 0.49,
        "Total Revenue": 657,
        "Gross Profit": 579,
        "Operating Income": 108,
        "EBIT": 271,
        "Net Income": 166
    },
    "2010-09-30": {
        "Diluted EPS": 1.56,
        "Total Revenue": NaN,
        "Gross Profit": NaN,
        "Operating Income": 862,
        "EBIT": NaN,
        "Net Income": 510
    },
    "2010-06-30": {
        "Diluted EPS": 1.05,
        "Total Revenue": NaN,
        "Gross Profit": NaN,
        "Operating Income": 351,
        "EBIT": 763,
        "Net Income": 344
    },
    "2010-03-31": {
        "Diluted EPS": 0.72,
        "Total Revenue": NaN,
        "Gross Profit": NaN,
        "Operating Income": 498,
        "EBIT": 891,
        "Net Income": 236
    },
    "2009-12-31": {
        "Diluted EPS": 0.65,
        "Total Revenue": NaN,
        "Gross Profit": NaN,
        "Operating Income": 441,
        "EBIT": 831,
        "Net Income": 212
    },
    "2009-09-30": {
        "Diluted EPS": 1.22,
        "Total Revenue": NaN,
        "Gross Profit": NaN,
        "Operating Income": 768,
        "EBIT": NaN,
        "Net Income": 403
    },
    "2009-06-30": {
        "Diluted EPS": -0.05,
        "Total Revenue": NaN,
        "Gross Profit": NaN,
        "Operating Income": -364,
        "EBIT": 14,
        "Net Income": -16
    },
    "2009-03-31": {
        "Diluted EPS": 0.76,
        "Total Revenue": NaN,
        "Gross Profit": NaN,
        "Operating Income": 553,
        "EBIT": 921,
        "Net Income": 250
    },
    "2023-09-30": {
        "Tax Effect Of Unusual Items": NaN,
        "Tax Rate For Calcs": NaN,
        "Normalized EBITDA": NaN,
        "Total Unusual Items": NaN,
        "Total Unusual Items Excluding Goodwill": NaN,
        "Net Income From Continuing Operation Net Minority Interest": NaN,
        "Reconciled Depreciation": NaN,
        "Reconciled Cost Of Revenue": NaN,
        "EBITDA": NaN,
        "EBIT": NaN,
        "Net Interest Income": NaN,
        "Interest Expense": NaN,
        "Interest Income": NaN,
        "Normalized Income": NaN,
        "Net Income From Continuing And Discontinued Operation": NaN,
        "Total Expenses": NaN,
        "Total Operating Income As Reported": NaN,
        "Diluted Average Shares": 385000000.0,
        "Basic Average Shares": 383000000.0,
        "Diluted EPS": 0.4,
        "Basic EPS": 0.4,
        "Diluted NI Availto Com Stockholders": NaN,
        "Net Income Common Stockholders": NaN,
        "Preferred Stock Dividends": NaN,
        "Net Income": NaN,
        "Minority Interests": NaN,
        "Net Income Including Noncontrolling Interests": NaN,
        "Net Income Continuous Operations": NaN,
        "Tax Provision": NaN,
        "Pretax Income": NaN,
        "Other Income Expense": NaN,
        "Other Non Operating Income Expenses": NaN,
        "Special Income Charges": NaN,
        "Other Special Charges": NaN,
        "Write Off": NaN,
        "Impairment Of Capital Assets": 0.0,
        "Gain On Sale Of Security": NaN,
        "Net Non Operating Interest Income Expense": NaN,
        "Interest Expense Non Operating": NaN,
        "Interest Income Non Operating": NaN,
        "Operating Income": NaN,
        "Operating Expense": NaN,
        "Other Taxes": NaN,
        "Depreciation Amortization Depletion Income Statement": NaN,
        "Depreciation And Amortization In Income Statement": NaN,
        "Selling General And Administration": NaN,
        "General And Administrative Expense": NaN,
        "Insurance And Claims": NaN,
        "Salaries And Wages": -26000000.0,
        "Gross Profit": NaN,
        "Cost Of Revenue": NaN,
        "Total Revenue": NaN,
        "Operating Revenue": NaN
    },
    "2023-12-31": {
        "Tax Effect Of Unusual Items": NaN,
        "Tax Rate For Calcs": NaN,
        "Normalized EBITDA": NaN,
        "Total Unusual Items": NaN,
        "Total Unusual Items Excluding Goodwill": NaN,
        "Net Income From Continuing Operation Net Minority Interest": NaN,
        "Reconciled Depreciation": NaN,
        "Reconciled Cost Of Revenue": NaN,
        "EBITDA": NaN,
        "EBIT": NaN,
        "Net Interest Income": NaN,
        "Interest Expense": NaN,
        "Interest Income": NaN,
        "Normalized Income": NaN,
        "Net Income From Continuing And Discontinued Operation": NaN,
        "Total Expenses": NaN,
        "Total Operating Income As Reported": NaN,
        "Diluted Average Shares": NaN,
        "Basic Average Shares": NaN,
        "Diluted EPS": NaN,
        "Basic EPS": NaN,
        "Diluted NI Availto Com Stockholders": NaN,
        "Net Income Common Stockholders": NaN,
        "Preferred Stock Dividends": NaN,
        "Net Income": NaN,
        "Minority Interests": NaN,
        "Net Income Including Noncontrolling Interests": NaN,
        "Net Income Continuous Operations": NaN,
        "Tax Provision": NaN,
        "Pretax Income": NaN,
        "Other Income Expense": NaN,
        "Other Non Operating Income Expenses": NaN,
        "Special Income Charges": NaN,
        "Other Special Charges": NaN,
        "Write Off": NaN,
        "Impairment Of Capital Assets": 1000000.0,
        "Gain On Sale Of Security": 0.0,
        "Net Non Operating Interest Income Expense": NaN,
        "Interest Expense Non Operating": NaN,
        "Interest Income Non Operating": NaN,
        "Operating Income": NaN,
        "Operating Expense": NaN,
        "Other Operating Expenses": NaN,
        "Other Taxes": NaN,
        "Depreciation Amortization Depletion Income Statement": NaN,
        "Depreciation And Amortization In Income Statement": NaN,
        "Selling General And Administration": NaN,
        "General And Administrative Expense": NaN,
        "Insurance And Claims": NaN,
        "Salaries And Wages": -22000000.0,
        "Gross Profit": NaN,
        "Cost Of Revenue": NaN,
        "Total Revenue": NaN,
        "Operating Revenue": NaN
    },
    "2024-03-31": {
        "Tax Effect Of Unusual Items": NaN,
        "Tax Rate For Calcs": NaN,
        "Normalized EBITDA": NaN,
        "Total Unusual Items": NaN,
        "Total Unusual Items Excluding Goodwill": NaN,
        "Net Income From Continuing Operation Net Minority Interest": NaN,
        "Reconciled Depreciation": NaN,
        "Reconciled Cost Of Revenue": NaN,
        "EBITDA": NaN,
        "EBIT": NaN,
        "Net Interest Income": NaN,
        "Interest Expense": NaN,
        "Interest Income": NaN,
        "Normalized Income": NaN,
        "Net Income From Continuing And Discontinued Operation": NaN,
        "Total Expenses": NaN,
        "Total Operating Income As Reported": NaN,
        "Diluted Average Shares": NaN,
        "Basic Average Shares": NaN,
        "Diluted EPS": NaN,
        "Basic EPS": NaN,
        "Diluted NI Availto Com Stockholders": NaN,
        "Net Income Common Stockholders": NaN,
        "Preferred Stock Dividends": NaN,
        "Net Income": NaN,
        "Minority Interests": NaN,
        "Net Income Including Noncontrolling Interests": NaN,
        "Net Income Continuous Operations": NaN,
        "Tax Provision": NaN,
        "Pretax Income": NaN,
        "Other Income Expense": NaN,
        "Other Non Operating Income Expenses": NaN,
        "Special Income Charges": NaN,
        "Other Special Charges": NaN,
        "Write Off": NaN,
        "Gain On Sale Of Security": NaN,
        "Net Non Operating Interest Income Expense": NaN,
        "Interest Expense Non Operating": NaN,
        "Interest Income Non Operating": NaN,
        "Operating Income": NaN,
        "Operating Expense": NaN,
        "Other Operating Expenses": NaN,
        "Other Taxes": NaN,
        "Depreciation Amortization Depletion Income Statement": NaN,
        "Depreciation And Amortization In Income Statement": NaN,
        "Selling General And Administration": NaN,
        "General And Administrative Expense": NaN,
        "Insurance And Claims": NaN,
        "Salaries And Wages": -22000000.0,
        "Gross Profit": NaN,
        "Cost Of Revenue": NaN,
        "Total Revenue": NaN,
        "Operating Revenue": NaN
    },
    "2024-06-30": {
        "Tax Effect Of Unusual Items": NaN,
        "Tax Rate For Calcs": NaN,
        "Normalized EBITDA": NaN,
        "Total Unusual Items": NaN,
        "Total Unusual Items Excluding Goodwill": NaN,
        "Net Income From Continuing Operation Net Minority Interest": NaN,
        "Reconciled Depreciation": NaN,
        "Reconciled Cost Of Revenue": NaN,
        "EBITDA": NaN,
        "EBIT": NaN,
        "Net Interest Income": NaN,
        "Interest Expense": NaN,
        "Interest Income": NaN,
        "Normalized Income": NaN,
        "Net Income From Continuing And Discontinued Operation": NaN,
        "Total Expenses": NaN,
        "Total Operating Income As Reported": NaN,
        "Diluted Average Shares": 388000000.0,
        "Basic Average Shares": 385000000.0,
        "Diluted EPS": 1.13,
        "Basic EPS": 1.14,
        "Diluted NI Availto Com Stockholders": NaN,
        "Net Income Common Stockholders": NaN,
        "Preferred Stock Dividends": NaN,
        "Net Income": NaN,
        "Minority Interests": -49000000.0,
        "Net Income Including Noncontrolling Interests": NaN,
        "Net Income Continuous Operations": NaN,
        "Tax Provision": NaN,
        "Pretax Income": NaN,
        "Other Income Expense": NaN,
        "Other Non Operating Income Expenses": NaN,
        "Special Income Charges": NaN,
        "Other Special Charges": NaN,
        "Write Off": NaN,
        "Gain On Sale Of Security": NaN,
        "Net Non Operating Interest Income Expense": NaN,
        "Interest Expense Non Operating": NaN,
        "Interest Income Non Operating": NaN,
        "Operating Income": NaN,
        "Operating Expense": NaN,
        "Other Operating Expenses": NaN,
        "Other Taxes": NaN,
        "Depreciation Amortization Depletion Income Statement": NaN,
        "Depreciation And Amortization In Income Statement": NaN,
        "Selling General And Administration": NaN,
        "General And Administrative Expense": NaN,
        "Insurance And Claims": NaN,
        "Salaries And Wages": -22000000.0,
        "Gross Profit": NaN,
        "Cost Of Revenue": NaN,
        "Total Revenue": NaN,
        "Operating Revenue": NaN
    },
    "2024-09-30": {
        "Tax Effect Of Unusual Items": 4955038.75969,
        "Tax Rate For Calcs": 0.105426,
        "Normalized EBITDA": 1804000000.0,
        "Total Unusual Items": 47000000.0,
        "Total Unusual Items Excluding Goodwill": 47000000.0,
        "Net Income From Continuing Operation Net Minority Interest": 577000000.0,
        "Reconciled Depreciation": 729000000.0,
        "Reconciled Cost Of Revenue": 3272000000.0,
        "EBITDA": 1851000000.0,
        "EBIT": 1122000000.0,
        "Net Interest Income": -412000000.0,
        "Interest Expense": 477000000.0,
        "Interest Income": 65000000.0,
        "Normalized Income": 534955038.75969,
        "Net Income From Continuing And Discontinued Operation": 577000000.0,
        "Total Expenses": 4206000000.0,
        "Total Operating Income As Reported": 995000000.0,
        "Diluted Average Shares": 390000000.0,
        "Basic Average Shares": 387000000.0,
        "Diluted EPS": 1.32,
        "Basic EPS": 1.33,
        "Diluted NI Availto Com Stockholders": 516000000.0,
        "Net Income Common Stockholders": 516000000.0,
        "Preferred Stock Dividends": 61000000.0,
        "Net Income": 577000000.0,
        "Minority Interests": NaN,
        "Net Income Including Noncontrolling Interests": 577000000.0,
        "Net Income Continuous Operations": 577000000.0,
        "Tax Provision": 68000000.0,
        "Pretax Income": 645000000.0,
        "Other Income Expense": 62000000.0,
        "Other Non Operating Income Expenses": 15000000.0,
        "Special Income Charges": 47000000.0,
        "Other Special Charges": -47000000.0,
        "Write Off": NaN,
        "Gain On Sale Of Security": NaN,
        "Net Non Operating Interest Income Expense": -412000000.0,
        "Interest Expense Non Operating": 477000000.0,
        "Interest Income Non Operating": 65000000.0,
        "Operating Income": 995000000.0,
        "Operating Expense": 915000000.0,
        "Other Operating Expenses": NaN,
        "Other Taxes": 168000000.0,
        "Depreciation Amortization Depletion Income Statement": 710000000.0,
        "Depreciation And Amortization In Income Statement": 710000000.0,
        "Selling General And Administration": 37000000.0,
        "General And Administrative Expense": 37000000.0,
        "Insurance And Claims": 37000000.0,
        "Salaries And Wages": NaN,
        "Gross Profit": 1910000000.0,
        "Cost Of Revenue": 3291000000.0,
        "Total Revenue": 5201000000.0,
        "Operating Revenue": 5201000000.0
    },
    "2024-12-31": {
        "Tax Effect Of Unusual Items": 321167.883212,
        "Tax Rate For Calcs": 0.007299,
        "Normalized EBITDA": 1591000000.0,
        "Total Unusual Items": 44000000.0,
        "Total Unusual Items Excluding Goodwill": 44000000.0,
        "Net Income From Continuing Operation Net Minority Interest": 408000000.0,
        "Reconciled Depreciation": 756000000.0,
        "Reconciled Cost Of Revenue": 2218000000.0,
        "EBITDA": 1635000000.0,
        "EBIT": 879000000.0,
        "Net Interest Income": -414000000.0,
        "Interest Expense": 468000000.0,
        "Interest Income": 54000000.0,
        "Normalized Income": 364321167.883212,
        "Net Income From Continuing And Discontinued Operation": 408000000.0,
        "Total Expenses": 3194000000.0,
        "Total Operating Income As Reported": 790000000.0,
        "Diluted Average Shares": NaN,
        "Basic Average Shares": NaN,
        "Diluted EPS": NaN,
        "Basic EPS": NaN,
        "Diluted NI Availto Com Stockholders": 340000000.0,
        "Net Income Common Stockholders": 340000000.0,
        "Preferred Stock Dividends": 68000000.0,
        "Net Income": 408000000.0,
        "Minority Interests": NaN,
        "Net Income Including Noncontrolling Interests": 408000000.0,
        "Net Income Continuous Operations": 408000000.0,
        "Tax Provision": 3000000.0,
        "Pretax Income": 411000000.0,
        "Other Income Expense": 35000000.0,
        "Other Non Operating Income Expenses": -9000000.0,
        "Special Income Charges": 44000000.0,
        "Other Special Charges": -44000000.0,
        "Write Off": NaN,
        "Gain On Sale Of Security": NaN,
        "Net Non Operating Interest Income Expense": -414000000.0,
        "Interest Expense Non Operating": 468000000.0,
        "Interest Income Non Operating": 54000000.0,
        "Operating Income": 790000000.0,
        "Operating Expense": 948000000.0,
        "Other Operating Expenses": NaN,
        "Other Taxes": 147000000.0,
        "Depreciation Amortization Depletion Income Statement": 728000000.0,
        "Depreciation And Amortization In Income Statement": 728000000.0,
        "Selling General And Administration": 73000000.0,
        "General And Administrative Expense": 73000000.0,
        "Insurance And Claims": 73000000.0,
        "Salaries And Wages": NaN,
        "Gross Profit": 1738000000.0,
        "Cost Of Revenue": 2246000000.0,
        "Total Revenue": 3984000000.0,
        "Operating Revenue": 3984000000.0
    },
    "2025-03-31": {
        "Tax Effect Of Unusual Items": 7392000.0,
        "Tax Rate For Calcs": 0.231,
        "Normalized EBITDA": 2951000000.0,
        "Total Unusual Items": 32000000.0,
        "Total Unusual Items Excluding Goodwill": 32000000.0,
        "Net Income From Continuing Operation Net Minority Interest": 1492000000.0,
        "Reconciled Depreciation": 742000000.0,
        "Reconciled Cost Of Revenue": 2030000000.0,
        "EBITDA": 2983000000.0,
        "EBIT": 2241000000.0,
        "Net Interest Income": -256000000.0,
        "Interest Expense": 301000000.0,
        "Interest Income": 45000000.0,
        "Normalized Income": 1467392000.0,
        "Net Income From Continuing And Discontinued Operation": 1492000000.0,
        "Total Expenses": 1669000000.0,
        "Total Operating Income As Reported": 2134000000.0,
        "Diluted Average Shares": 386000000.0,
        "Basic Average Shares": 385000000.0,
        "Diluted EPS": 3.73,
        "Basic EPS": 3.73,
        "Diluted NI Availto Com Stockholders": 1436000000.0,
        "Net Income Common Stockholders": 1436000000.0,
        "Preferred Stock Dividends": 56000000.0,
        "Net Income": 1492000000.0,
        "Minority Interests": NaN,
        "Net Income Including Noncontrolling Interests": 1492000000.0,
        "Net Income Continuous Operations": 1492000000.0,
        "Tax Provision": 448000000.0,
        "Pretax Income": 1940000000.0,
        "Other Income Expense": 54000000.0,
        "Other Non Operating Income Expenses": 22000000.0,
        "Special Income Charges": 38000000.0,
        "Other Special Charges": -46000000.0,
        "Write Off": 8000000.0,
        "Gain On Sale Of Security": -6000000.0,
        "Net Non Operating Interest Income Expense": -256000000.0,
        "Interest Expense Non Operating": 301000000.0,
        "Interest Income Non Operating": 45000000.0,
        "Operating Income": 2142000000.0,
        "Operating Expense": -361000000.0,
        "Other Operating Expenses": NaN,
        "Other Taxes": 166000000.0,
        "Depreciation Amortization Depletion Income Statement": 742000000.0,
        "Depreciation And Amortization In Income Statement": 742000000.0,
        "Selling General And Administration": -1269000000.0,
        "General And Administrative Expense": -1269000000.0,
        "Insurance And Claims": -1269000000.0,
        "Salaries And Wages": NaN,
        "Gross Profit": 1781000000.0,
        "Cost Of Revenue": 2030000000.0,
        "Total Revenue": 3811000000.0,
        "Operating Revenue": 3811000000.0
    },
    "2025-06-30": {
        "Tax Effect Of Unusual Items": 8820000.0,
        "Tax Rate For Calcs": 0.21,
        "Normalized EBITDA": 1672000000.0,
        "Total Unusual Items": 42000000.0,
        "Total Unusual Items Excluding Goodwill": 42000000.0,
        "Net Income From Continuing Operation Net Minority Interest": 398000000.0,
        "Reconciled Depreciation": 826000000.0,
        "Reconciled Cost Of Revenue": 2737000000.0,
        "EBITDA": 1714000000.0,
        "EBIT": 888000000.0,
        "Net Interest Income": -465000000.0,
        "Interest Expense": 504000000.0,
        "Interest Income": 39000000.0,
        "Normalized Income": 364820000.0,
        "Net Income From Continuing And Discontinued Operation": 398000000.0,
        "Total Expenses": 3768000000.0,
        "Total Operating Income As Reported": 775000000.0,
        "Diluted Average Shares": 386000000.0,
        "Basic Average Shares": 385000000.0,
        "Diluted EPS": 0.89,
        "Basic EPS": 0.89,
        "Diluted NI Availto Com Stockholders": 343000000.0,
        "Net Income Common Stockholders": 343000000.0,
        "Preferred Stock Dividends": 55000000.0,
        "Net Income": 398000000.0,
        "Minority Interests": NaN,
        "Net Income Including Noncontrolling Interests": 398000000.0,
        "Net Income Continuous Operations": 398000000.0,
        "Tax Provision": -14000000.0,
        "Pretax Income": 384000000.0,
        "Other Income Expense": 74000000.0,
        "Other Non Operating Income Expenses": 32000000.0,
        "Special Income Charges": 47000000.0,
        "Other Special Charges": -47000000.0,
        "Write Off": NaN,
        "Gain On Sale Of Security": -5000000.0,
        "Net Non Operating Interest Income Expense": -465000000.0,
        "Interest Expense Non Operating": 504000000.0,
        "Interest Income Non Operating": 39000000.0,
        "Operating Income": 775000000.0,
        "Operating Expense": 1031000000.0,
        "Other Operating Expenses": 1000000.0,
        "Other Taxes": 168000000.0,
        "Depreciation Amortization Depletion Income Statement": 826000000.0,
        "Depreciation And Amortization In Income Statement": 826000000.0,
        "Selling General And Administration": 36000000.0,
        "General And Administrative Expense": 36000000.0,
        "Insurance And Claims": 36000000.0,
        "Salaries And Wages": NaN,
        "Gross Profit": 1806000000.0,
        "Cost Of Revenue": 2737000000.0,
        "Total Revenue": 4543000000.0,
        "Operating Revenue": 4543000000.0
    },
    "2025-09-30": {
        "Tax Effect Of Unusual Items": -7095000.0,
        "Tax Rate For Calcs": 0.165,
        "Normalized EBITDA": 2456000000.0,
        "Total Unusual Items": -43000000.0,
        "Total Unusual Items Excluding Goodwill": -43000000.0,
        "Net Income From Continuing Operation Net Minority Interest": 888000000.0,
        "Reconciled Depreciation": 862000000.0,
        "Reconciled Cost Of Revenue": 2876000000.0,
        "EBITDA": 2413000000.0,
        "EBIT": 1551000000.0,
        "Net Interest Income": -434000000.0,
        "Interest Expense": 488000000.0,
        "Interest Income": 54000000.0,
        "Normalized Income": 923905000.0,
        "Net Income From Continuing And Discontinued Operation": 888000000.0,
        "Total Expenses": 4230000000.0,
        "Total Operating Income As Reported": 1432000000.0,
        "Diluted Average Shares": 386000000.0,
        "Basic Average Shares": 385000000.0,
        "Diluted EPS": 2.16,
        "Basic EPS": 2.16,
        "Diluted NI Availto Com Stockholders": 832000000.0,
        "Net Income Common Stockholders": 832000000.0,
        "Preferred Stock Dividends": 56000000.0,
        "Net Income": 888000000.0,
        "Minority Interests": NaN,
        "Net Income Including Noncontrolling Interests": 888000000.0,
        "Net Income Continuous Operations": 888000000.0,
        "Tax Provision": 175000000.0,
        "Pretax Income": 1063000000.0,
        "Other Income Expense": -23000000.0,
        "Other Non Operating Income Expenses": 20000000.0,
        "Special Income Charges": -41000000.0,
        "Other Special Charges": -47000000.0,
        "Write Off": 88000000.0,
        "Gain On Sale Of Security": -2000000.0,
        "Net Non Operating Interest Income Expense": -434000000.0,
        "Interest Expense Non Operating": 488000000.0,
        "Interest Income Non Operating": 54000000.0,
        "Operating Income": 1520000000.0,
        "Operating Expense": 1354000000.0,
        "Other Operating Expenses": NaN,
        "Other Taxes": 161000000.0,
        "Depreciation Amortization Depletion Income Statement": 862000000.0,
        "Depreciation And Amortization In Income Statement": 862000000.0,
        "Selling General And Administration": 331000000.0,
        "General And Administrative Expense": 331000000.0,
        "Insurance And Claims": 331000000.0,
        "Salaries And Wages": NaN,
        "Gross Profit": 2874000000.0,
        "Cost Of Revenue": 2876000000.0,
        "Total Revenue": 5750000000.0,
        "Operating Revenue": 5750000000.0
    }
}