{
    "2023-06-30": {
        "Tax Effect Of Unusual Items": NaN,
        "Tax Rate For Calcs": NaN,
        "Normalized EBITDA": NaN,
        "Total Unusual Items": NaN,
        "Total Unusual Items Excluding Goodwill": NaN,
        "Net Income From Continuing Operation Net Minority Interest": NaN,
        "Reconciled Depreciation": NaN,
        "Reconciled Cost Of Revenue": NaN,
        "EBITDA": NaN,
        "EBIT": NaN,
        "Net Interest Income": NaN,
        "Interest Expense": NaN,
        "Normalized Income": NaN,
        "Net Income From Continuing And Discontinued Operation": NaN,
        "Total Expenses": NaN,
        "Total Operating Income As Reported": NaN,
        "Diluted Average Shares": 13637000.0,
        "Basic Average Shares": 13637000.0,
        "Diluted EPS": -0.31,
        "Basic EPS": -0.31,
        "Diluted NI Availto Com Stockholders": NaN,
        "Net Income Common Stockholders": NaN,
        "Net Income": NaN,
        "Net Income Including Noncontrolling Interests": NaN,
        "Net Income Continuous Operations": NaN,
        "Pretax Income": NaN,
        "Other Income Expense": NaN,
        "Other Non Operating Income Expenses": -30000.0,
        "Gain On Sale Of Security": NaN,
        "Net Non Operating Interest Income Expense": NaN,
        "Interest Expense Non Operating": NaN,
        "Operating Income": NaN,
        "Operating Expense": NaN,
        "Research And Development": NaN,
        "Selling General And Administration": NaN,
        "Selling And Marketing Expense": NaN,
        "General And Administrative Expense": NaN,
        "Other Gand A": NaN,
        "Gross Profit": NaN,
        "Cost Of Revenue": NaN,
        "Total Revenue": NaN,
        "Operating Revenue": NaN
    },
    "2023-03-31": {
        "Tax Effect Of Unusual Items": NaN,
        "Tax Rate For Calcs": NaN,
        "Normalized EBITDA": NaN,
        "Total Unusual Items": NaN,
        "Total Unusual Items Excluding Goodwill": NaN,
        "Net Income From Continuing Operation Net Minority Interest": NaN,
        "Reconciled Depreciation": NaN,
        "Reconciled Cost Of Revenue": NaN,
        "EBITDA": NaN,
        "EBIT": NaN,
        "Net Interest Income": NaN,
        "Interest Expense": NaN,
        "Normalized Income": NaN,
        "Net Income From Continuing And Discontinued Operation": NaN,
        "Total Expenses": NaN,
        "Total Operating Income As Reported": NaN,
        "Diluted Average Shares": NaN,
        "Basic Average Shares": NaN,
        "Diluted EPS": NaN,
        "Basic EPS": NaN,
        "Diluted NI Availto Com Stockholders": NaN,
        "Net Income Common Stockholders": NaN,
        "Net Income": NaN,
        "Net Income Including Noncontrolling Interests": NaN,
        "Net Income Continuous Operations": NaN,
        "Pretax Income": NaN,
        "Other Income Expense": NaN,
        "Other Non Operating Income Expenses": -20000.0,
        "Gain On Sale Of Security": NaN,
        "Net Non Operating Interest Income Expense": NaN,
        "Interest Expense Non Operating": NaN,
        "Operating Income": NaN,
        "Operating Expense": NaN,
        "Research And Development": NaN,
        "Selling General And Administration": NaN,
        "Selling And Marketing Expense": NaN,
        "General And Administrative Expense": NaN,
        "Other Gand A": NaN,
        "Gross Profit": NaN,
        "Cost Of Revenue": NaN,
        "Total Revenue": NaN,
        "Operating Revenue": NaN
    },
    "2022-12-31": {
        "Tax Effect Of Unusual Items": NaN,
        "Tax Rate For Calcs": NaN,
        "Normalized EBITDA": NaN,
        "Total Unusual Items": NaN,
        "Total Unusual Items Excluding Goodwill": NaN,
        "Net Income From Continuing Operation Net Minority Interest": NaN,
        "Reconciled Depreciation": NaN,
        "Reconciled Cost Of Revenue": NaN,
        "EBITDA": NaN,
        "EBIT": NaN,
        "Net Interest Income": NaN,
        "Interest Expense": NaN,
        "Normalized Income": NaN,
        "Net Income From Continuing And Discontinued Operation": NaN,
        "Total Expenses": NaN,
        "Total Operating Income As Reported": NaN,
        "Diluted Average Shares": NaN,
        "Basic Average Shares": NaN,
        "Diluted EPS": NaN,
        "Basic EPS": NaN,
        "Diluted NI Availto Com Stockholders": NaN,
        "Net Income Common Stockholders": NaN,
        "Net Income": NaN,
        "Net Income Including Noncontrolling Interests": NaN,
        "Net Income Continuous Operations": NaN,
        "Pretax Income": NaN,
        "Other Income Expense": NaN,
        "Other Non Operating Income Expenses": -31000.0,
        "Special Income Charges": 0.0,
        "Gain On Sale Of Security": NaN,
        "Net Non Operating Interest Income Expense": NaN,
        "Interest Expense Non Operating": NaN,
        "Operating Income": NaN,
        "Operating Expense": NaN,
        "Research And Development": NaN,
        "Selling General And Administration": NaN,
        "Selling And Marketing Expense": NaN,
        "General And Administrative Expense": NaN,
        "Other Gand A": NaN,
        "Gross Profit": NaN,
        "Cost Of Revenue": NaN,
        "Total Revenue": NaN,
        "Operating Revenue": NaN
    },
    "2022-09-30": {
        "Tax Effect Of Unusual Items": NaN,
        "Tax Rate For Calcs": NaN,
        "Normalized EBITDA": NaN,
        "Total Unusual Items": NaN,
        "Total Unusual Items Excluding Goodwill": NaN,
        "Net Income From Continuing Operation Net Minority Interest": NaN,
        "Reconciled Depreciation": NaN,
        "Reconciled Cost Of Revenue": NaN,
        "EBITDA": NaN,
        "EBIT": NaN,
        "Net Interest Income": NaN,
        "Interest Expense": NaN,
        "Normalized Income": NaN,
        "Net Income From Continuing And Discontinued Operation": NaN,
        "Total Expenses": NaN,
        "Total Operating Income As Reported": NaN,
        "Diluted Average Shares": NaN,
        "Basic Average Shares": NaN,
        "Diluted EPS": NaN,
        "Basic EPS": NaN,
        "Diluted NI Availto Com Stockholders": NaN,
        "Net Income Common Stockholders": NaN,
        "Net Income": NaN,
        "Net Income Including Noncontrolling Interests": NaN,
        "Net Income Continuous Operations": NaN,
        "Pretax Income": NaN,
        "Other Income Expense": NaN,
        "Other Non Operating Income Expenses": NaN,
        "Special Income Charges": 0.0,
        "Gain On Sale Of Security": NaN,
        "Net Non Operating Interest Income Expense": NaN,
        "Interest Expense Non Operating": NaN,
        "Operating Income": NaN,
        "Operating Expense": NaN,
        "Research And Development": NaN,
        "Selling General And Administration": NaN,
        "Selling And Marketing Expense": NaN,
        "General And Administrative Expense": NaN,
        "Other Gand A": NaN,
        "Gross Profit": NaN,
        "Cost Of Revenue": NaN,
        "Total Revenue": NaN,
        "Operating Revenue": NaN
    },
    "2022-06-30": {
        "Tax Effect Of Unusual Items": 0.0,
        "Tax Rate For Calcs": 0.0,
        "Normalized EBITDA": -2899000.0,
        "Total Unusual Items": 281000.0,
        "Total Unusual Items Excluding Goodwill": 281000.0,
        "Net Income From Continuing Operation Net Minority Interest": -2978000.0,
        "Reconciled Depreciation": 331000.0,
        "Reconciled Cost Of Revenue": 1824000.0,
        "EBITDA": -2618000.0,
        "EBIT": -2949000.0,
        "Net Interest Income": -29000.0,
        "Interest Expense": 29000.0,
        "Normalized Income": -3259000.0,
        "Net Income From Continuing And Discontinued Operation": -2978000.0,
        "Total Expenses": 6694000.0,
        "Total Operating Income As Reported": -3229000.0,
        "Diluted Average Shares": 12884000.0,
        "Basic Average Shares": 12884000.0,
        "Diluted EPS": -0.23,
        "Basic EPS": -0.23,
        "Diluted NI Availto Com Stockholders": -2978000.0,
        "Net Income Common Stockholders": -2978000.0,
        "Net Income": -2978000.0,
        "Net Income Including Noncontrolling Interests": -2978000.0,
        "Net Income Continuous Operations": -2978000.0,
        "Pretax Income": -2978000.0,
        "Other Income Expense": 280000.0,
        "Other Non Operating Income Expenses": -1000.0,
        "Special Income Charges": 0.0,
        "Gain On Sale Of Security": 281000.0,
        "Net Non Operating Interest Income Expense": -29000.0,
        "Interest Expense Non Operating": 29000.0,
        "Operating Income": -3229000.0,
        "Operating Expense": 4870000.0,
        "Research And Development": 920000.0,
        "Selling General And Administration": 3950000.0,
        "Selling And Marketing Expense": 1841000.0,
        "General And Administrative Expense": 2109000.0,
        "Other Gand A": 2109000.0,
        "Gross Profit": 1641000.0,
        "Cost Of Revenue": 1824000.0,
        "Total Revenue": 3465000.0,
        "Operating Revenue": 3297000.0
    },
    "2022-03-31": {
        "Diluted EPS": -0.36,
        "Total Revenue": 3,
        "Gross Profit": 1,
        "Operating Income": -4,
        "EBIT": -4,
        "Net Income": -5
    },
    "2021-12-31": {
        "Diluted EPS": -0.26,
        "Total Revenue": 4,
        "Gross Profit": 2,
        "Operating Income": -5,
        "EBIT": -4,
        "Net Income": -3
    },
    "2021-09-30": {
        "Diluted EPS": -0.17,
        "Total Revenue": 3,
        "Gross Profit": 2,
        "Operating Income": -3,
        "EBIT": -3,
        "Net Income": -2
    },
    "2021-06-30": {
        "Diluted EPS": -0.11,
        "Total Revenue": 2,
        "Gross Profit": 1,
        "Operating Income": -3,
        "EBIT": -3,
        "Net Income": -1
    },
    "2021-03-31": {
        "Diluted EPS": -0.34,
        "Total Revenue": 2,
        "Gross Profit": 1,
        "Operating Income": -3,
        "EBIT": -3,
        "Net Income": -4
    },
    "2020-12-31": {
        "Diluted EPS": 0.12,
        "Total Revenue": 2,
        "Gross Profit": 1,
        "Operating Income": -3,
        "EBIT": -3,
        "Net Income": -4
    },
    "2020-09-30": {
        "Diluted EPS": -0.01,
        "Total Revenue": 3,
        "Gross Profit": 2,
        "Operating Income": -2,
        "EBIT": -2,
        "Net Income": 2
    },
    "2020-06-30": {
        "Diluted EPS": -1.88,
        "Total Revenue": 2,
        "Gross Profit": 1,
        "Operating Income": -3,
        "EBIT": -3,
        "Net Income": -12
    },
    "2020-03-31": {
        "Diluted EPS": -0.44,
        "Total Revenue": 1,
        "Gross Profit": 1,
        "Operating Income": -5,
        "EBIT": -5,
        "Net Income": -3
    },
    "2019-12-31": {
        "Diluted EPS": -0.41,
        "Total Revenue": 4,
        "Gross Profit": 2,
        "Operating Income": -3,
        "EBIT": -3,
        "Net Income": -3
    },
    "2019-09-30": {
        "Diluted EPS": 0.04,
        "Total Revenue": 3,
        "Gross Profit": 2,
        "Operating Income": -4,
        "EBIT": -4,
        "Net Income": 0
    },
    "2019-06-30": {
        "Diluted EPS": -0.65,
        "Total Revenue": 3,
        "Gross Profit": 2,
        "Operating Income": -5,
        "EBIT": -5,
        "Net Income": -3
    },
    "2019-03-31": {
        "Diluted EPS": -1.51,
        "Total Revenue": 4,
        "Gross Profit": 2,
        "Operating Income": -5,
        "EBIT": -5,
        "Net Income": -7
    },
    "2018-12-31": {
        "Diluted EPS": -1.05,
        "Total Revenue": 3,
        "Gross Profit": 1,
        "Operating Income": -5,
        "EBIT": -5,
        "Net Income": -4
    },
    "2018-09-30": {
        "Diluted EPS": -1.65,
        "Total Revenue": 3,
        "Gross Profit": 1,
        "Operating Income": -6,
        "EBIT": -6,
        "Net Income": -7
    },
    "2018-06-30": {
        "Diluted EPS": -1.95,
        "Total Revenue": 3,
        "Gross Profit": 1,
        "Operating Income": -7,
        "EBIT": -7,
        "Net Income": -8
    },
    "2018-03-31": {
        "Diluted EPS": -1.95,
        "Total Revenue": 3,
        "Gross Profit": 1,
        "Operating Income": -9,
        "EBIT": -8,
        "Net Income": -8
    },
    "2017-12-31": {
        "Diluted EPS": -0.6,
        "Total Revenue": 2,
        "Gross Profit": 1,
        "Operating Income": -8,
        "EBIT": -7,
        "Net Income": -9
    },
    "2017-09-30": {
        "Diluted EPS": -2.7,
        "Total Revenue": 2,
        "Gross Profit": 1,
        "Operating Income": -7,
        "EBIT": -7,
        "Net Income": -6
    },
    "2017-06-30": {
        "Diluted EPS": -3.3,
        "Total Revenue": 2,
        "Gross Profit": 0,
        "Operating Income": -8,
        "EBIT": -8,
        "Net Income": -6
    },
    "2017-03-31": {
        "Diluted EPS": -5.7,
        "Total Revenue": 1,
        "Gross Profit": 0,
        "Operating Income": -8,
        "EBIT": -8,
        "Net Income": -8
    },
    "2016-12-31": {
        "Diluted EPS": -6.0,
        "Total Revenue": 3,
        "Gross Profit": 1,
        "Operating Income": -7,
        "EBIT": -6,
        "Net Income": -6
    },
    "2016-09-30": {
        "Diluted EPS": -9.0,
        "Total Revenue": 2,
        "Gross Profit": 0,
        "Operating Income": -7,
        "EBIT": -6,
        "Net Income": -11
    },
    "2016-06-30": {
        "Diluted EPS": -9.15,
        "Total Revenue": 2,
        "Gross Profit": 0,
        "Operating Income": -7,
        "EBIT": -7,
        "Net Income": -10
    },
    "2016-03-31": {
        "Diluted EPS": -6.6,
        "Total Revenue": 8,
        "Gross Profit": 1,
        "Operating Income": -7,
        "EBIT": -6,
        "Net Income": -7
    },
    "2015-12-31": {
        "Diluted EPS": -12.14,
        "Total Revenue": 2,
        "Gross Profit": 0,
        "Operating Income": -7,
        "EBIT": -6,
        "Net Income": -9
    },
    "2015-09-30": {
        "Diluted EPS": -5.25,
        "Total Revenue": 3,
        "Gross Profit": 0,
        "Operating Income": -5,
        "EBIT": -5,
        "Net Income": -5
    },
    "2015-06-30": {
        "Diluted EPS": -5.85,
        "Total Revenue": 2,
        "Gross Profit": 1,
        "Operating Income": -6,
        "EBIT": -5,
        "Net Income": -6
    },
    "2015-03-31": {
        "Diluted EPS": -4.2,
        "Total Revenue": 2,
        "Gross Profit": 0,
        "Operating Income": -4,
        "EBIT": -4,
        "Net Income": -4
    },
    "2014-12-31": {
        "Diluted EPS": 92.26,
        "Total Revenue": 1,
        "Gross Profit": 1,
        "Operating Income": -5,
        "EBIT": -5,
        "Net Income": -20
    },
    "2014-09-30": {
        "Diluted EPS": -4.2,
        "Total Revenue": 2,
        "Gross Profit": 0,
        "Operating Income": -4,
        "EBIT": -4,
        "Net Income": 12
    },
    "2014-06-30": {
        "Diluted EPS": -5.25,
        "Total Revenue": 1,
        "Gross Profit": 0,
        "Operating Income": -4,
        "EBIT": -4,
        "Net Income": 56
    },
    "2014-03-31": {
        "Diluted EPS": -128.09,
        "Total Revenue": 1,
        "Gross Profit": 0,
        "Operating Income": -4,
        "EBIT": -4,
        "Net Income": -82
    },
    "2013-12-31": {
        "Diluted EPS": 0.0,
        "Total Revenue": 1,
        "Gross Profit": 0,
        "Operating Income": 1,
        "EBIT": 1,
        "Net Income": 0
    },
    "2013-09-30": {
        "Diluted EPS": -9.45,
        "Total Revenue": 1,
        "Gross Profit": 0,
        "Operating Income": -2,
        "EBIT": -2,
        "Net Income": -2
    },
    "2013-06-30": {
        "Diluted EPS": -16.8,
        "Total Revenue": 1,
        "Gross Profit": 0,
        "Operating Income": -3,
        "EBIT": -2,
        "Net Income": -3
    },
    "2013-03-31": {
        "Diluted EPS": -18.9,
        "Total Revenue": 1,
        "Gross Profit": 0,
        "Operating Income": -3,
        "EBIT": -3,
        "Net Income": -4
    },
    "2012-12-31": {
        "Diluted EPS": 0.0,
        "Total Revenue": NaN,
        "Gross Profit": NaN,
        "Operating Income": 0,
        "EBIT": 0,
        "Net Income": 0
    },
    "2012-09-30": {
        "Diluted EPS": 0.0,
        "Total Revenue": NaN,
        "Gross Profit": NaN,
        "Operating Income": 0,
        "EBIT": 0,
        "Net Income": 0
    },
    "2012-06-30": {
        "Diluted EPS": 0.0,
        "Total Revenue": NaN,
        "Gross Profit": NaN,
        "Operating Income": 0,
        "EBIT": 0,
        "Net Income": 0
    },
    "2012-03-31": {
        "Diluted EPS": 0.0,
        "Total Revenue": NaN,
        "Gross Profit": NaN,
        "Operating Income": NaN,
        "EBIT": NaN,
        "Net Income": NaN
    },
    "2023-09-30": {
        "Tax Effect Of Unusual Items": 0.0,
        "Tax Rate For Calcs": 0.0,
        "Normalized EBITDA": -2504000.0,
        "Total Unusual Items": -373000.0,
        "Total Unusual Items Excluding Goodwill": -373000.0,
        "Net Income From Continuing Operation Net Minority Interest": -3365000.0,
        "Reconciled Depreciation": 424000.0,
        "Reconciled Cost Of Revenue": 2151000.0,
        "EBITDA": -2877000.0,
        "EBIT": -3301000.0,
        "Net Interest Income": -64000.0,
        "Interest Expense": 64000.0,
        "Normalized Income": -2992000.0,
        "Net Income From Continuing And Discontinued Operation": -3365000.0,
        "Total Expenses": 7538000.0,
        "Total Operating Income As Reported": -2931000.0,
        "Diluted Average Shares": 14073000.0,
        "Basic Average Shares": 14073000.0,
        "Diluted EPS": -0.24,
        "Basic EPS": -0.24,
        "Diluted NI Availto Com Stockholders": -3365000.0,
        "Net Income Common Stockholders": -3365000.0,
        "Net Income": -3365000.0,
        "Net Income Including Noncontrolling Interests": -3365000.0,
        "Net Income Continuous Operations": -3365000.0,
        "Pretax Income": -3365000.0,
        "Other Income Expense": -370000.0,
        "Other Non Operating Income Expenses": 3000.0,
        "Gain On Sale Of Security": -373000.0,
        "Net Non Operating Interest Income Expense": -64000.0,
        "Interest Expense Non Operating": 64000.0,
        "Operating Income": -2931000.0,
        "Operating Expense": 5387000.0,
        "Research And Development": 1159000.0,
        "Selling General And Administration": 4228000.0,
        "Selling And Marketing Expense": 2052000.0,
        "General And Administrative Expense": 2176000.0,
        "Other Gand A": 2176000.0,
        "Gross Profit": 2456000.0,
        "Cost Of Revenue": 2151000.0,
        "Total Revenue": 4607000.0,
        "Operating Revenue": 4607000.0
    },
    "2023-12-31": {
        "Tax Effect Of Unusual Items": 0.0,
        "Tax Rate For Calcs": 0.0,
        "Normalized EBITDA": -2789000.0,
        "Total Unusual Items": 316000.0,
        "Total Unusual Items Excluding Goodwill": 316000.0,
        "Net Income From Continuing Operation Net Minority Interest": -3214000.0,
        "Reconciled Depreciation": 675000.0,
        "Reconciled Cost Of Revenue": 2478000.0,
        "EBITDA": -2473000.0,
        "EBIT": -3148000.0,
        "Net Interest Income": -66000.0,
        "Interest Expense": 66000.0,
        "Normalized Income": -3530000.0,
        "Net Income From Continuing And Discontinued Operation": -3214000.0,
        "Total Expenses": 8296000.0,
        "Total Operating Income As Reported": -3449000.0,
        "Diluted Average Shares": NaN,
        "Basic Average Shares": NaN,
        "Diluted EPS": NaN,
        "Basic EPS": NaN,
        "Diluted NI Availto Com Stockholders": -3214000.0,
        "Net Income Common Stockholders": -3214000.0,
        "Net Income": -3214000.0,
        "Net Income Including Noncontrolling Interests": -3214000.0,
        "Net Income Continuous Operations": -3214000.0,
        "Pretax Income": -3214000.0,
        "Other Income Expense": 301000.0,
        "Other Non Operating Income Expenses": -15000.0,
        "Gain On Sale Of Security": 316000.0,
        "Net Non Operating Interest Income Expense": -66000.0,
        "Interest Expense Non Operating": 66000.0,
        "Operating Income": -3449000.0,
        "Operating Expense": 5818000.0,
        "Research And Development": 1313000.0,
        "Selling General And Administration": 4505000.0,
        "Selling And Marketing Expense": 1983000.0,
        "General And Administrative Expense": 2522000.0,
        "Other Gand A": 2522000.0,
        "Gross Profit": 2369000.0,
        "Cost Of Revenue": 2478000.0,
        "Total Revenue": 4847000.0,
        "Operating Revenue": 4488000.0
    },
    "2024-03-31": {
        "Tax Effect Of Unusual Items": 0.0,
        "Tax Rate For Calcs": 0.0,
        "Normalized EBITDA": -2850000.0,
        "Total Unusual Items": -116000.0,
        "Total Unusual Items Excluding Goodwill": -116000.0,
        "Net Income From Continuing Operation Net Minority Interest": -3429000.0,
        "Reconciled Depreciation": 406000.0,
        "Reconciled Cost Of Revenue": 1805000.0,
        "EBITDA": -2966000.0,
        "EBIT": -3372000.0,
        "Net Interest Income": -57000.0,
        "Interest Expense": 57000.0,
        "Normalized Income": -3313000.0,
        "Net Income From Continuing And Discontinued Operation": -3429000.0,
        "Total Expenses": 7012000.0,
        "Total Operating Income As Reported": -3256000.0,
        "Diluted Average Shares": 17419000.0,
        "Basic Average Shares": 17419000.0,
        "Diluted EPS": -0.2,
        "Basic EPS": -0.2,
        "Diluted NI Availto Com Stockholders": -3429000.0,
        "Net Income Common Stockholders": -3429000.0,
        "Net Income": -3429000.0,
        "Net Income Including Noncontrolling Interests": -3429000.0,
        "Net Income Continuous Operations": -3429000.0,
        "Pretax Income": -3429000.0,
        "Other Income Expense": -116000.0,
        "Other Non Operating Income Expenses": NaN,
        "Gain On Sale Of Security": -116000.0,
        "Net Non Operating Interest Income Expense": -57000.0,
        "Interest Expense Non Operating": 57000.0,
        "Operating Income": -3256000.0,
        "Operating Expense": 5207000.0,
        "Research And Development": 1136000.0,
        "Selling General And Administration": 4071000.0,
        "Selling And Marketing Expense": 1818000.0,
        "General And Administrative Expense": 2253000.0,
        "Other Gand A": 2253000.0,
        "Gross Profit": 1951000.0,
        "Cost Of Revenue": 1805000.0,
        "Total Revenue": 3756000.0,
        "Operating Revenue": 3756000.0
    },
    "2024-06-30": {
        "Tax Effect Of Unusual Items": 0.0,
        "Tax Rate For Calcs": 0.0,
        "Normalized EBITDA": -1938000.0,
        "Total Unusual Items": -7000.0,
        "Total Unusual Items Excluding Goodwill": -7000.0,
        "Net Income From Continuing Operation Net Minority Interest": -2416000.0,
        "Reconciled Depreciation": 397000.0,
        "Reconciled Cost Of Revenue": 2313000.0,
        "EBITDA": -1945000.0,
        "EBIT": -2342000.0,
        "Net Interest Income": -74000.0,
        "Interest Expense": 74000.0,
        "Normalized Income": -2409000.0,
        "Net Income From Continuing And Discontinued Operation": -2416000.0,
        "Total Expenses": 7285000.0,
        "Total Operating Income As Reported": -2335000.0,
        "Diluted Average Shares": 18224000.0,
        "Basic Average Shares": 18224000.0,
        "Diluted EPS": -0.13,
        "Basic EPS": -0.13,
        "Diluted NI Availto Com Stockholders": -2416000.0,
        "Net Income Common Stockholders": -2416000.0,
        "Net Income": -2416000.0,
        "Net Income Including Noncontrolling Interests": -2416000.0,
        "Net Income Continuous Operations": -2416000.0,
        "Pretax Income": -2416000.0,
        "Other Income Expense": -7000.0,
        "Other Non Operating Income Expenses": NaN,
        "Gain On Sale Of Security": -7000.0,
        "Net Non Operating Interest Income Expense": -74000.0,
        "Interest Expense Non Operating": 74000.0,
        "Operating Income": -2335000.0,
        "Operating Expense": 4972000.0,
        "Research And Development": 1116000.0,
        "Selling General And Administration": 3856000.0,
        "Selling And Marketing Expense": 1846000.0,
        "General And Administrative Expense": 2010000.0,
        "Other Gand A": 2010000.0,
        "Gross Profit": 2637000.0,
        "Cost Of Revenue": 2313000.0,
        "Total Revenue": 4950000.0,
        "Operating Revenue": 4797000.0
    },
    "2024-09-30": {
        "Tax Effect Of Unusual Items": 0.0,
        "Tax Rate For Calcs": 0.0,
        "Normalized EBITDA": -2234000.0,
        "Total Unusual Items": 648000.0,
        "Total Unusual Items Excluding Goodwill": 648000.0,
        "Net Income From Continuing Operation Net Minority Interest": -2072000.0,
        "Reconciled Depreciation": 407000.0,
        "Reconciled Cost Of Revenue": 1920000.0,
        "EBITDA": -1586000.0,
        "EBIT": -1993000.0,
        "Net Interest Income": -79000.0,
        "Interest Expense": 79000.0,
        "Normalized Income": -2720000.0,
        "Net Income From Continuing And Discontinued Operation": -2072000.0,
        "Total Expenses": 6768000.0,
        "Total Operating Income As Reported": -2639000.0,
        "Diluted Average Shares": 20310000.0,
        "Basic Average Shares": 20310000.0,
        "Diluted EPS": -0.1,
        "Basic EPS": -0.1,
        "Diluted NI Availto Com Stockholders": -2072000.0,
        "Net Income Common Stockholders": -2072000.0,
        "Net Income": -2072000.0,
        "Net Income Including Noncontrolling Interests": -2072000.0,
        "Net Income Continuous Operations": -2072000.0,
        "Pretax Income": -2072000.0,
        "Other Income Expense": 646000.0,
        "Other Non Operating Income Expenses": -2000.0,
        "Gain On Sale Of Security": 648000.0,
        "Net Non Operating Interest Income Expense": -79000.0,
        "Interest Expense Non Operating": 79000.0,
        "Operating Income": -2639000.0,
        "Operating Expense": 4848000.0,
        "Research And Development": 777000.0,
        "Selling General And Administration": 4071000.0,
        "Selling And Marketing Expense": 1760000.0,
        "General And Administrative Expense": 2311000.0,
        "Other Gand A": 2311000.0,
        "Gross Profit": 2209000.0,
        "Cost Of Revenue": 1920000.0,
        "Total Revenue": 4129000.0,
        "Operating Revenue": 4129000.0
    }
}