{
    "2023-03-31": {
        "Tax Effect Of Unusual Items": NaN,
        "Tax Rate For Calcs": NaN,
        "Normalized EBITDA": NaN,
        "Total Unusual Items": NaN,
        "Total Unusual Items Excluding Goodwill": NaN,
        "Net Income From Continuing Operation Net Minority Interest": NaN,
        "Reconciled Depreciation": NaN,
        "Reconciled Cost Of Revenue": NaN,
        "EBITDA": NaN,
        "EBIT": NaN,
        "Net Interest Income": NaN,
        "Interest Expense": NaN,
        "Interest Income": NaN,
        "Normalized Income": NaN,
        "Net Income From Continuing And Discontinued Operation": NaN,
        "Total Expenses": NaN,
        "Total Operating Income As Reported": NaN,
        "Diluted Average Shares": NaN,
        "Basic Average Shares": NaN,
        "Diluted EPS": NaN,
        "Basic EPS": NaN,
        "Diluted NI Availto Com Stockholders": NaN,
        "Net Income Common Stockholders": NaN,
        "Net Income": NaN,
        "Minority Interests": NaN,
        "Net Income Including Noncontrolling Interests": NaN,
        "Net Income Continuous Operations": NaN,
        "Tax Provision": NaN,
        "Pretax Income": NaN,
        "Other Income Expense": NaN,
        "Other Non Operating Income Expenses": NaN,
        "Special Income Charges": NaN,
        "Other Special Charges": NaN,
        "Impairment Of Capital Assets": 0.0,
        "Restructuring And Mergern Acquisition": NaN,
        "Net Non Operating Interest Income Expense": NaN,
        "Interest Expense Non Operating": NaN,
        "Interest Income Non Operating": NaN,
        "Operating Income": NaN,
        "Operating Expense": NaN,
        "Selling General And Administration": NaN,
        "Gross Profit": NaN,
        "Cost Of Revenue": NaN,
        "Total Revenue": NaN,
        "Operating Revenue": NaN
    },
    "2022-12-31": {
        "Tax Effect Of Unusual Items": NaN,
        "Tax Rate For Calcs": NaN,
        "Normalized EBITDA": NaN,
        "Total Unusual Items": NaN,
        "Total Unusual Items Excluding Goodwill": NaN,
        "Net Income From Continuing Operation Net Minority Interest": NaN,
        "Reconciled Depreciation": NaN,
        "Reconciled Cost Of Revenue": NaN,
        "EBITDA": NaN,
        "EBIT": NaN,
        "Net Interest Income": NaN,
        "Interest Expense": NaN,
        "Interest Income": NaN,
        "Normalized Income": NaN,
        "Net Income From Continuing And Discontinued Operation": NaN,
        "Total Expenses": NaN,
        "Total Operating Income As Reported": NaN,
        "Diluted Average Shares": NaN,
        "Basic Average Shares": NaN,
        "Diluted EPS": NaN,
        "Basic EPS": NaN,
        "Diluted NI Availto Com Stockholders": NaN,
        "Net Income Common Stockholders": NaN,
        "Net Income": NaN,
        "Minority Interests": NaN,
        "Net Income Including Noncontrolling Interests": NaN,
        "Net Income Continuous Operations": NaN,
        "Tax Provision": NaN,
        "Pretax Income": NaN,
        "Other Income Expense": NaN,
        "Other Non Operating Income Expenses": NaN,
        "Special Income Charges": NaN,
        "Impairment Of Capital Assets": 207000000.0,
        "Restructuring And Mergern Acquisition": NaN,
        "Net Non Operating Interest Income Expense": NaN,
        "Interest Expense Non Operating": NaN,
        "Interest Income Non Operating": NaN,
        "Operating Income": NaN,
        "Operating Expense": NaN,
        "Selling General And Administration": NaN,
        "Gross Profit": NaN,
        "Cost Of Revenue": NaN,
        "Total Revenue": NaN,
        "Operating Revenue": NaN
    },
    "2022-09-30": {
        "Tax Effect Of Unusual Items": -452000.0,
        "Tax Rate For Calcs": 0.226,
        "Normalized EBITDA": 859000000.0,
        "Total Unusual Items": -2000000.0,
        "Total Unusual Items Excluding Goodwill": -2000000.0,
        "Net Income From Continuing Operation Net Minority Interest": 489000000.0,
        "Reconciled Depreciation": 178000000.0,
        "Reconciled Cost Of Revenue": 1023000000.0,
        "EBITDA": 857000000.0,
        "EBIT": 679000000.0,
        "Net Interest Income": -31000000.0,
        "Interest Expense": 46000000.0,
        "Interest Income": 15000000.0,
        "Normalized Income": 490548000.0,
        "Net Income From Continuing And Discontinued Operation": 489000000.0,
        "Total Expenses": 3267000000.0,
        "Total Operating Income As Reported": 661000000.0,
        "Diluted Average Shares": 361400000.0,
        "Basic Average Shares": 357900000.0,
        "Diluted EPS": 1.35,
        "Basic EPS": 1.37,
        "Diluted NI Availto Com Stockholders": 489000000.0,
        "Net Income Common Stockholders": 489000000.0,
        "Net Income": 489000000.0,
        "Minority Interests": -1000000.0,
        "Net Income Including Noncontrolling Interests": 490000000.0,
        "Net Income Continuous Operations": 490000000.0,
        "Tax Provision": 143000000.0,
        "Pretax Income": 633000000.0,
        "Other Income Expense": 1000000.0,
        "Other Non Operating Income Expenses": 3000000.0,
        "Special Income Charges": -2000000.0,
        "Impairment Of Capital Assets": NaN,
        "Restructuring And Mergern Acquisition": 2000000.0,
        "Net Non Operating Interest Income Expense": -31000000.0,
        "Interest Expense Non Operating": 46000000.0,
        "Interest Income Non Operating": 15000000.0,
        "Operating Income": 663000000.0,
        "Operating Expense": 2244000000.0,
        "Selling General And Administration": 2244000000.0,
        "Gross Profit": 2907000000.0,
        "Cost Of Revenue": 1023000000.0,
        "Total Revenue": 3930000000.0,
        "Operating Revenue": 3930000000.0
    },
    "2022-06-30": {
        "Tax Effect Of Unusual Items": -46800000.0,
        "Tax Rate For Calcs": 0.4,
        "Normalized EBITDA": 207000000.0,
        "Total Unusual Items": -117000000.0,
        "Total Unusual Items Excluding Goodwill": -117000000.0,
        "Net Income From Continuing Operation Net Minority Interest": 52000000.0,
        "Reconciled Depreciation": 181000000.0,
        "Reconciled Cost Of Revenue": 1031000000.0,
        "EBITDA": 90000000.0,
        "EBIT": 90000000.0,
        "Net Interest Income": -31000000.0,
        "Interest Expense": 42000000.0,
        "Interest Income": 11000000.0,
        "Normalized Income": 122200000.0,
        "Net Income From Continuing And Discontinued Operation": 52000000.0,
        "Total Expenses": 3365000000.0,
        "Total Operating Income As Reported": 79000000.0,
        "Diluted Average Shares": 362200000.0,
        "Basic Average Shares": 357900000.0,
        "Diluted EPS": 0.14,
        "Basic EPS": 0.15,
        "Diluted NI Availto Com Stockholders": 52000000.0,
        "Net Income Common Stockholders": 52000000.0,
        "Net Income": 52000000.0,
        "Minority Interests": 2000000.0,
        "Net Income Including Noncontrolling Interests": 50000000.0,
        "Net Income Continuous Operations": 50000000.0,
        "Tax Provision": -2000000.0,
        "Pretax Income": 48000000.0,
        "Other Income Expense": -117000000.0,
        "Other Non Operating Income Expenses": 0.0,
        "Special Income Charges": -117000000.0,
        "Impairment Of Capital Assets": 25000000.0,
        "Restructuring And Mergern Acquisition": 92000000.0,
        "Net Non Operating Interest Income Expense": -31000000.0,
        "Interest Expense Non Operating": 42000000.0,
        "Interest Income Non Operating": 11000000.0,
        "Operating Income": 196000000.0,
        "Operating Expense": 2334000000.0,
        "Selling General And Administration": 2334000000.0,
        "Gross Profit": 2530000000.0,
        "Cost Of Revenue": 1031000000.0,
        "Total Revenue": 3561000000.0,
        "Operating Revenue": 3561000000.0
    },
    "2023-06-30": {
        "Tax Effect Of Unusual Items": NaN,
        "Tax Rate For Calcs": NaN,
        "Normalized EBITDA": NaN,
        "Total Unusual Items": NaN,
        "Total Unusual Items Excluding Goodwill": NaN,
        "Net Income From Continuing Operation Net Minority Interest": NaN,
        "Reconciled Depreciation": NaN,
        "Reconciled Cost Of Revenue": NaN,
        "EBITDA": NaN,
        "EBIT": NaN,
        "Net Interest Income": NaN,
        "Interest Expense": NaN,
        "Interest Income": NaN,
        "Normalized Income": NaN,
        "Net Income From Continuing And Discontinued Operation": NaN,
        "Total Expenses": NaN,
        "Total Operating Income As Reported": NaN,
        "Diluted Average Shares": NaN,
        "Basic Average Shares": NaN,
        "Diluted EPS": NaN,
        "Basic EPS": NaN,
        "Diluted NI Availto Com Stockholders": NaN,
        "Net Income Common Stockholders": NaN,
        "Net Income": NaN,
        "Minority Interests": NaN,
        "Net Income Including Noncontrolling Interests": NaN,
        "Net Income Continuous Operations": NaN,
        "Tax Provision": NaN,
        "Pretax Income": NaN,
        "Other Income Expense": NaN,
        "Other Non Operating Income Expenses": NaN,
        "Special Income Charges": NaN,
        "Other Special Charges": NaN,
        "Impairment Of Capital Assets": 0.0,
        "Restructuring And Mergern Acquisition": NaN,
        "Net Non Operating Interest Income Expense": NaN,
        "Interest Expense Non Operating": NaN,
        "Interest Income Non Operating": NaN,
        "Operating Income": NaN,
        "Operating Expense": NaN,
        "Selling General And Administration": NaN,
        "Gross Profit": NaN,
        "Cost Of Revenue": NaN,
        "Total Revenue": NaN,
        "Operating Revenue": NaN
    },
    "2023-09-30": {
        "Tax Effect Of Unusual Items": NaN,
        "Tax Rate For Calcs": NaN,
        "Normalized EBITDA": NaN,
        "Total Unusual Items": NaN,
        "Total Unusual Items Excluding Goodwill": NaN,
        "Net Income From Continuing Operation Net Minority Interest": NaN,
        "Reconciled Depreciation": NaN,
        "Reconciled Cost Of Revenue": NaN,
        "EBITDA": NaN,
        "EBIT": NaN,
        "Net Interest Income": NaN,
        "Interest Expense": NaN,
        "Interest Income": NaN,
        "Normalized Income": NaN,
        "Net Income From Continuing And Discontinued Operation": NaN,
        "Total Expenses": NaN,
        "Total Operating Income As Reported": NaN,
        "Diluted Average Shares": 360500000.0,
        "Basic Average Shares": 358400000.0,
        "Diluted EPS": 0.09,
        "Basic EPS": 0.09,
        "Diluted NI Availto Com Stockholders": NaN,
        "Net Income Common Stockholders": NaN,
        "Net Income": NaN,
        "Minority Interests": NaN,
        "Net Income Including Noncontrolling Interests": NaN,
        "Net Income Continuous Operations": NaN,
        "Tax Provision": NaN,
        "Pretax Income": NaN,
        "Other Income Expense": NaN,
        "Other Non Operating Income Expenses": NaN,
        "Special Income Charges": NaN,
        "Other Special Charges": NaN,
        "Impairment Of Capital Assets": NaN,
        "Restructuring And Mergern Acquisition": NaN,
        "Net Non Operating Interest Income Expense": NaN,
        "Interest Expense Non Operating": NaN,
        "Interest Income Non Operating": NaN,
        "Operating Income": NaN,
        "Operating Expense": NaN,
        "Selling General And Administration": NaN,
        "Gross Profit": NaN,
        "Cost Of Revenue": NaN,
        "Total Revenue": NaN,
        "Operating Revenue": NaN
    },
    "2023-12-31": {
        "Tax Effect Of Unusual Items": NaN,
        "Tax Rate For Calcs": NaN,
        "Normalized EBITDA": NaN,
        "Total Unusual Items": NaN,
        "Total Unusual Items Excluding Goodwill": NaN,
        "Net Income From Continuing Operation Net Minority Interest": NaN,
        "Reconciled Depreciation": NaN,
        "Reconciled Cost Of Revenue": NaN,
        "EBITDA": NaN,
        "EBIT": NaN,
        "Net Interest Income": NaN,
        "Interest Expense": NaN,
        "Interest Income": NaN,
        "Normalized Income": NaN,
        "Net Income From Continuing And Discontinued Operation": NaN,
        "Total Expenses": NaN,
        "Total Operating Income As Reported": NaN,
        "Diluted Average Shares": NaN,
        "Basic Average Shares": NaN,
        "Diluted EPS": NaN,
        "Basic EPS": NaN,
        "Diluted NI Availto Com Stockholders": NaN,
        "Net Income Common Stockholders": NaN,
        "Net Income": NaN,
        "Minority Interests": NaN,
        "Net Income Including Noncontrolling Interests": NaN,
        "Net Income Continuous Operations": NaN,
        "Tax Provision": NaN,
        "Pretax Income": NaN,
        "Other Income Expense": NaN,
        "Other Non Operating Income Expenses": NaN,
        "Special Income Charges": NaN,
        "Other Special Charges": NaN,
        "Impairment Of Capital Assets": 0.0,
        "Restructuring And Mergern Acquisition": NaN,
        "Net Non Operating Interest Income Expense": NaN,
        "Interest Expense Non Operating": NaN,
        "Interest Income Non Operating": NaN,
        "Operating Income": NaN,
        "Operating Expense": NaN,
        "Selling General And Administration": NaN,
        "Gross Profit": NaN,
        "Cost Of Revenue": NaN,
        "Total Revenue": NaN,
        "Operating Revenue": NaN
    },
    "2024-03-31": {
        "Tax Effect Of Unusual Items": NaN,
        "Tax Rate For Calcs": NaN,
        "Normalized EBITDA": NaN,
        "Total Unusual Items": NaN,
        "Total Unusual Items Excluding Goodwill": NaN,
        "Net Income From Continuing Operation Net Minority Interest": NaN,
        "Reconciled Depreciation": NaN,
        "Reconciled Cost Of Revenue": NaN,
        "EBITDA": NaN,
        "EBIT": NaN,
        "Net Interest Income": NaN,
        "Interest Expense": NaN,
        "Interest Income": NaN,
        "Normalized Income": NaN,
        "Net Income From Continuing And Discontinued Operation": NaN,
        "Total Expenses": NaN,
        "Total Operating Income As Reported": NaN,
        "Diluted Average Shares": NaN,
        "Basic Average Shares": NaN,
        "Diluted EPS": NaN,
        "Basic EPS": NaN,
        "Diluted NI Availto Com Stockholders": NaN,
        "Net Income Common Stockholders": NaN,
        "Net Income": NaN,
        "Minority Interests": NaN,
        "Net Income Including Noncontrolling Interests": NaN,
        "Net Income Continuous Operations": NaN,
        "Tax Provision": NaN,
        "Pretax Income": NaN,
        "Other Income Expense": NaN,
        "Other Non Operating Income Expenses": NaN,
        "Special Income Charges": NaN,
        "Other Special Charges": NaN,
        "Impairment Of Capital Assets": 0.0,
        "Restructuring And Mergern Acquisition": NaN,
        "Net Non Operating Interest Income Expense": NaN,
        "Interest Expense Non Operating": NaN,
        "Interest Income Non Operating": NaN,
        "Operating Income": NaN,
        "Operating Expense": NaN,
        "Selling General And Administration": NaN,
        "Gross Profit": NaN,
        "Cost Of Revenue": NaN,
        "Total Revenue": NaN,
        "Operating Revenue": NaN
    },
    "2024-06-30": {
        "Tax Effect Of Unusual Items": NaN,
        "Tax Rate For Calcs": NaN,
        "Normalized EBITDA": NaN,
        "Total Unusual Items": NaN,
        "Total Unusual Items Excluding Goodwill": NaN,
        "Net Income From Continuing Operation Net Minority Interest": NaN,
        "Reconciled Depreciation": NaN,
        "Reconciled Cost Of Revenue": NaN,
        "EBITDA": NaN,
        "EBIT": NaN,
        "Net Interest Income": NaN,
        "Interest Expense": NaN,
        "Interest Income": NaN,
        "Normalized Income": NaN,
        "Net Income From Continuing And Discontinued Operation": NaN,
        "Total Expenses": NaN,
        "Total Operating Income As Reported": NaN,
        "Diluted Average Shares": NaN,
        "Basic Average Shares": NaN,
        "Diluted EPS": NaN,
        "Basic EPS": NaN,
        "Diluted NI Availto Com Stockholders": NaN,
        "Net Income Common Stockholders": NaN,
        "Net Income": NaN,
        "Minority Interests": 2000000.0,
        "Net Income Including Noncontrolling Interests": NaN,
        "Net Income Continuous Operations": NaN,
        "Tax Provision": NaN,
        "Pretax Income": NaN,
        "Other Income Expense": NaN,
        "Other Non Operating Income Expenses": NaN,
        "Special Income Charges": NaN,
        "Other Special Charges": NaN,
        "Impairment Of Capital Assets": 471000000.0,
        "Restructuring And Mergern Acquisition": NaN,
        "Net Non Operating Interest Income Expense": NaN,
        "Interest Expense Non Operating": NaN,
        "Interest Income Non Operating": NaN,
        "Operating Income": NaN,
        "Operating Expense": NaN,
        "Selling General And Administration": NaN,
        "Gross Profit": NaN,
        "Cost Of Revenue": NaN,
        "Total Revenue": NaN,
        "Operating Revenue": NaN
    },
    "2024-09-30": {
        "Tax Effect Of Unusual Items": NaN,
        "Tax Rate For Calcs": NaN,
        "Normalized EBITDA": NaN,
        "Total Unusual Items": NaN,
        "Total Unusual Items Excluding Goodwill": NaN,
        "Net Income From Continuing Operation Net Minority Interest": NaN,
        "Reconciled Depreciation": NaN,
        "Reconciled Cost Of Revenue": NaN,
        "EBITDA": NaN,
        "EBIT": NaN,
        "Net Interest Income": NaN,
        "Interest Expense": NaN,
        "Interest Income": NaN,
        "Normalized Income": NaN,
        "Net Income From Continuing And Discontinued Operation": NaN,
        "Total Expenses": NaN,
        "Total Operating Income As Reported": NaN,
        "Diluted Average Shares": NaN,
        "Basic Average Shares": NaN,
        "Diluted EPS": NaN,
        "Basic EPS": NaN,
        "Diluted NI Availto Com Stockholders": NaN,
        "Net Income Common Stockholders": NaN,
        "Net Income": NaN,
        "Minority Interests": 0.0,
        "Net Income Including Noncontrolling Interests": NaN,
        "Net Income Continuous Operations": NaN,
        "Tax Provision": NaN,
        "Pretax Income": NaN,
        "Other Income Expense": NaN,
        "Other Non Operating Income Expenses": NaN,
        "Special Income Charges": NaN,
        "Other Special Charges": 159000000.0,
        "Impairment Of Capital Assets": NaN,
        "Restructuring And Mergern Acquisition": NaN,
        "Net Non Operating Interest Income Expense": NaN,
        "Interest Expense Non Operating": NaN,
        "Interest Income Non Operating": NaN,
        "Operating Income": NaN,
        "Operating Expense": NaN,
        "Selling General And Administration": NaN,
        "Gross Profit": NaN,
        "Cost Of Revenue": NaN,
        "Total Revenue": NaN,
        "Operating Revenue": NaN
    },
    "2024-12-31": {
        "Tax Effect Of Unusual Items": -96184615.384615,
        "Tax Rate For Calcs": 0.092308,
        "Normalized EBITDA": 689000000.0,
        "Total Unusual Items": -1042000000.0,
        "Total Unusual Items Excluding Goodwill": -1042000000.0,
        "Net Income From Continuing Operation Net Minority Interest": -590000000.0,
        "Reconciled Depreciation": 207000000.0,
        "Reconciled Cost Of Revenue": 957000000.0,
        "EBITDA": -353000000.0,
        "EBIT": -560000000.0,
        "Net Interest Income": -67000000.0,
        "Interest Expense": 90000000.0,
        "Interest Income": 23000000.0,
        "Normalized Income": 355815384.615385,
        "Net Income From Continuing And Discontinued Operation": -590000000.0,
        "Total Expenses": 3542000000.0,
        "Total Operating Income As Reported": -580000000.0,
        "Diluted Average Shares": 360000000.0,
        "Basic Average Shares": 360000000.0,
        "Diluted EPS": -1.64,
        "Basic EPS": -1.64,
        "Diluted NI Availto Com Stockholders": -590000000.0,
        "Net Income Common Stockholders": -590000000.0,
        "Net Income": -590000000.0,
        "Minority Interests": 0.0,
        "Net Income Including Noncontrolling Interests": -590000000.0,
        "Net Income Continuous Operations": -590000000.0,
        "Tax Provision": -60000000.0,
        "Pretax Income": -650000000.0,
        "Other Income Expense": -1045000000.0,
        "Other Non Operating Income Expenses": -3000000.0,
        "Special Income Charges": -1042000000.0,
        "Other Special Charges": NaN,
        "Impairment Of Capital Assets": 861000000.0,
        "Restructuring And Mergern Acquisition": 181000000.0,
        "Net Non Operating Interest Income Expense": -67000000.0,
        "Interest Expense Non Operating": 90000000.0,
        "Interest Income Non Operating": 23000000.0,
        "Operating Income": 462000000.0,
        "Operating Expense": 2585000000.0,
        "Selling General And Administration": 2585000000.0,
        "Gross Profit": 3047000000.0,
        "Cost Of Revenue": 957000000.0,
        "Total Revenue": 4004000000.0,
        "Operating Revenue": 4004000000.0
    },
    "2025-03-31": {
        "Tax Effect Of Unusual Items": -32980000.0,
        "Tax Rate For Calcs": 0.34,
        "Normalized EBITDA": 629000000.0,
        "Total Unusual Items": -97000000.0,
        "Total Unusual Items Excluding Goodwill": -97000000.0,
        "Net Income From Continuing Operation Net Minority Interest": 159000000.0,
        "Reconciled Depreciation": 204000000.0,
        "Reconciled Cost Of Revenue": 889000000.0,
        "EBITDA": 532000000.0,
        "EBIT": 328000000.0,
        "Net Interest Income": -60000000.0,
        "Interest Expense": 87000000.0,
        "Interest Income": 27000000.0,
        "Normalized Income": 223020000.0,
        "Net Income From Continuing And Discontinued Operation": 159000000.0,
        "Total Expenses": 3147000000.0,
        "Total Operating Income As Reported": 306000000.0,
        "Diluted Average Shares": 361400000.0,
        "Basic Average Shares": 360300000.0,
        "Diluted EPS": 0.44,
        "Basic EPS": 0.44,
        "Diluted NI Availto Com Stockholders": 159000000.0,
        "Net Income Common Stockholders": 159000000.0,
        "Net Income": 159000000.0,
        "Minority Interests": 0.0,
        "Net Income Including Noncontrolling Interests": 159000000.0,
        "Net Income Continuous Operations": 159000000.0,
        "Tax Provision": 82000000.0,
        "Pretax Income": 241000000.0,
        "Other Income Expense": -102000000.0,
        "Other Non Operating Income Expenses": -5000000.0,
        "Special Income Charges": -97000000.0,
        "Other Special Charges": NaN,
        "Impairment Of Capital Assets": 0.0,
        "Restructuring And Mergern Acquisition": 97000000.0,
        "Net Non Operating Interest Income Expense": -60000000.0,
        "Interest Expense Non Operating": 87000000.0,
        "Interest Income Non Operating": 27000000.0,
        "Operating Income": 403000000.0,
        "Operating Expense": 2258000000.0,
        "Selling General And Administration": 2258000000.0,
        "Gross Profit": 2661000000.0,
        "Cost Of Revenue": 889000000.0,
        "Total Revenue": 3550000000.0,
        "Operating Revenue": 3550000000.0
    },
    "2025-06-30": {
        "Tax Effect Of Unusual Items": -111510000.0,
        "Tax Rate For Calcs": 0.21,
        "Normalized EBITDA": 378000000.0,
        "Total Unusual Items": -531000000.0,
        "Total Unusual Items Excluding Goodwill": -531000000.0,
        "Net Income From Continuing Operation Net Minority Interest": -546000000.0,
        "Reconciled Depreciation": 210000000.0,
        "Reconciled Cost Of Revenue": 955000000.0,
        "EBITDA": -153000000.0,
        "EBIT": -363000000.0,
        "Net Interest Income": -59000000.0,
        "Interest Expense": 88000000.0,
        "Interest Income": 29000000.0,
        "Normalized Income": -126510000.0,
        "Net Income From Continuing And Discontinued Operation": -546000000.0,
        "Total Expenses": 3270000000.0,
        "Total Operating Income As Reported": -390000000.0,
        "Diluted Average Shares": 360700000.0,
        "Basic Average Shares": 360700000.0,
        "Diluted EPS": -1.51,
        "Basic EPS": -1.51,
        "Diluted NI Availto Com Stockholders": -546000000.0,
        "Net Income Common Stockholders": -546000000.0,
        "Net Income": -546000000.0,
        "Minority Interests": 0.0,
        "Net Income Including Noncontrolling Interests": -546000000.0,
        "Net Income Continuous Operations": -546000000.0,
        "Tax Provision": 95000000.0,
        "Pretax Income": -451000000.0,
        "Other Income Expense": -533000000.0,
        "Other Non Operating Income Expenses": -2000000.0,
        "Special Income Charges": -531000000.0,
        "Other Special Charges": 0.0,
        "Impairment Of Capital Assets": 425000000.0,
        "Restructuring And Mergern Acquisition": 106000000.0,
        "Net Non Operating Interest Income Expense": -59000000.0,
        "Interest Expense Non Operating": 88000000.0,
        "Interest Income Non Operating": 29000000.0,
        "Operating Income": 141000000.0,
        "Operating Expense": 2315000000.0,
        "Selling General And Administration": 2315000000.0,
        "Gross Profit": 2456000000.0,
        "Cost Of Revenue": 955000000.0,
        "Total Revenue": 3411000000.0,
        "Operating Revenue": 3411000000.0
    },
    "2025-09-30": {
        "Tax Effect Of Unusual Items": -18690000.0,
        "Tax Rate For Calcs": 0.21,
        "Normalized EBITDA": 484000000.0,
        "Total Unusual Items": -89000000.0,
        "Total Unusual Items Excluding Goodwill": -89000000.0,
        "Net Income From Continuing Operation Net Minority Interest": 47000000.0,
        "Reconciled Depreciation": 200000000.0,
        "Reconciled Cost Of Revenue": 927000000.0,
        "EBITDA": 395000000.0,
        "EBIT": 195000000.0,
        "Net Interest Income": -56000000.0,
        "Interest Expense": 86000000.0,
        "Interest Income": 30000000.0,
        "Normalized Income": 117310000.0,
        "Net Income From Continuing And Discontinued Operation": 47000000.0,
        "Total Expenses": 3223000000.0,
        "Total Operating Income As Reported": 169000000.0,
        "Diluted Average Shares": 363300000.0,
        "Basic Average Shares": 361200000.0,
        "Diluted EPS": 0.13,
        "Basic EPS": 0.13,
        "Diluted NI Availto Com Stockholders": 47000000.0,
        "Net Income Common Stockholders": 47000000.0,
        "Net Income": 47000000.0,
        "Minority Interests": NaN,
        "Net Income Including Noncontrolling Interests": 47000000.0,
        "Net Income Continuous Operations": 47000000.0,
        "Tax Provision": 62000000.0,
        "Pretax Income": 109000000.0,
        "Other Income Expense": -93000000.0,
        "Other Non Operating Income Expenses": -4000000.0,
        "Special Income Charges": -89000000.0,
        "Other Special Charges": NaN,
        "Impairment Of Capital Assets": NaN,
        "Restructuring And Mergern Acquisition": 89000000.0,
        "Net Non Operating Interest Income Expense": -56000000.0,
        "Interest Expense Non Operating": 86000000.0,
        "Interest Income Non Operating": 30000000.0,
        "Operating Income": 258000000.0,
        "Operating Expense": 2296000000.0,
        "Selling General And Administration": 2296000000.0,
        "Gross Profit": 2554000000.0,
        "Cost Of Revenue": 927000000.0,
        "Total Revenue": 3481000000.0,
        "Operating Revenue": 3481000000.0
    },
    "2025-12-31": {
        "Tax Effect Of Unusual Items": -43470000.0,
        "Tax Rate For Calcs": 0.21,
        "Normalized EBITDA": 822000000.0,
        "Total Unusual Items": -207000000.0,
        "Total Unusual Items Excluding Goodwill": -207000000.0,
        "Net Income From Continuing Operation Net Minority Interest": 162000000.0,
        "Reconciled Depreciation": 197000000.0,
        "Reconciled Cost Of Revenue": 994000000.0,
        "EBITDA": 615000000.0,
        "EBIT": 418000000.0,
        "Net Interest Income": -64000000.0,
        "Interest Expense": 85000000.0,
        "Interest Income": 21000000.0,
        "Normalized Income": 325530000.0,
        "Net Income From Continuing And Discontinued Operation": 162000000.0,
        "Total Expenses": 3621000000.0,
        "Total Operating Income As Reported": 401000000.0,
        "Diluted Average Shares": 364800000.0,
        "Basic Average Shares": 362100000.0,
        "Diluted EPS": 0.44,
        "Basic EPS": 0.45,
        "Diluted NI Availto Com Stockholders": 162000000.0,
        "Net Income Common Stockholders": 162000000.0,
        "Net Income": 162000000.0,
        "Minority Interests": NaN,
        "Net Income Including Noncontrolling Interests": 162000000.0,
        "Net Income Continuous Operations": 162000000.0,
        "Tax Provision": 171000000.0,
        "Pretax Income": 333000000.0,
        "Other Income Expense": -211000000.0,
        "Other Non Operating Income Expenses": -4000000.0,
        "Special Income Charges": -207000000.0,
        "Other Special Charges": NaN,
        "Impairment Of Capital Assets": 0.0,
        "Restructuring And Mergern Acquisition": 207000000.0,
        "Net Non Operating Interest Income Expense": -64000000.0,
        "Interest Expense Non Operating": 85000000.0,
        "Interest Income Non Operating": 21000000.0,
        "Operating Income": 608000000.0,
        "Operating Expense": 2627000000.0,
        "Selling General And Administration": 2627000000.0,
        "Gross Profit": 3235000000.0,
        "Cost Of Revenue": 994000000.0,
        "Total Revenue": 4229000000.0,
        "Operating Revenue": 4229000000.0
    }
}