{
    "2023-12-31": {
        "Tax Effect Of Unusual Items": 0.0,
        "Tax Rate For Calcs": 0.20594,
        "Normalized EBITDA": 2097773.0,
        "Net Income From Continuing Operation Net Minority Interest": 1309933.0,
        "Reconciled Depreciation": 333825.0,
        "Reconciled Cost Of Revenue": 26964952.0,
        "EBITDA": 2097773.0,
        "EBIT": 1763947.0,
        "Net Interest Income": -114283.0,
        "Interest Expense": 114283.0,
        "Normalized Income": 1309933.0,
        "Net Income From Continuing And Discontinued Operation": 1309933.0,
        "Total Expenses": 35122217.0,
        "Total Operating Income As Reported": 1593033.0,
        "Diluted Average Shares": NaN,
        "Basic Average Shares": NaN,
        "Diluted EPS": NaN,
        "Basic EPS": NaN,
        "Diluted NI Availto Com Stockholders": 1309933.0,
        "Net Income Common Stockholders": 1309933.0,
        "Net Income": 1309933.0,
        "Net Income Including Noncontrolling Interests": 1309933.0,
        "Net Income Continuous Operations": 1309933.0,
        "Tax Provision": 339731.0,
        "Pretax Income": 1649664.0,
        "Other Income Expense": 170914.0,
        "Other Non Operating Income Expenses": 170914.0,
        "Net Non Operating Interest Income Expense": -114283.0,
        "Interest Expense Non Operating": 114283.0,
        "Operating Income": 1593033.0,
        "Operating Expense": 8157266.0,
        "Depreciation Amortization Depletion Income Statement": 333826.0,
        "Depreciation And Amortization In Income Statement": 333826.0,
        "Selling General And Administration": 7823440.0,
        "Gross Profit": 9750299.0,
        "Cost Of Revenue": 26964951.0,
        "Total Revenue": 36715250.0,
        "Operating Revenue": 36715250.0
    },
    "2023-09-30": {
        "Tax Effect Of Unusual Items": NaN,
        "Tax Rate For Calcs": NaN,
        "Normalized EBITDA": NaN,
        "Net Income From Continuing Operation Net Minority Interest": NaN,
        "Reconciled Depreciation": NaN,
        "Reconciled Cost Of Revenue": NaN,
        "EBITDA": NaN,
        "EBIT": NaN,
        "Net Interest Income": NaN,
        "Interest Expense": NaN,
        "Normalized Income": NaN,
        "Net Income From Continuing And Discontinued Operation": NaN,
        "Total Expenses": NaN,
        "Total Operating Income As Reported": NaN,
        "Diluted Average Shares": 26824778.0,
        "Basic Average Shares": 26809778.0,
        "Diluted EPS": 0.06,
        "Basic EPS": 0.06,
        "Diluted NI Availto Com Stockholders": NaN,
        "Net Income Common Stockholders": NaN,
        "Net Income": NaN,
        "Net Income Including Noncontrolling Interests": NaN,
        "Net Income Continuous Operations": NaN,
        "Tax Provision": NaN,
        "Pretax Income": NaN,
        "Other Income Expense": NaN,
        "Other Non Operating Income Expenses": NaN,
        "Net Non Operating Interest Income Expense": NaN,
        "Interest Expense Non Operating": NaN,
        "Operating Income": NaN,
        "Operating Expense": NaN,
        "Depreciation Amortization Depletion Income Statement": NaN,
        "Depreciation And Amortization In Income Statement": NaN,
        "Selling General And Administration": NaN,
        "Gross Profit": NaN,
        "Cost Of Revenue": NaN,
        "Total Revenue": NaN,
        "Operating Revenue": NaN
    },
    "2023-06-30": {
        "Tax Effect Of Unusual Items": NaN,
        "Tax Rate For Calcs": NaN,
        "Normalized EBITDA": NaN,
        "Net Income From Continuing Operation Net Minority Interest": NaN,
        "Reconciled Depreciation": NaN,
        "Reconciled Cost Of Revenue": NaN,
        "EBITDA": NaN,
        "EBIT": NaN,
        "Net Interest Income": NaN,
        "Interest Expense": NaN,
        "Normalized Income": NaN,
        "Net Income From Continuing And Discontinued Operation": NaN,
        "Total Expenses": NaN,
        "Total Operating Income As Reported": NaN,
        "Diluted Average Shares": 26931648.0,
        "Basic Average Shares": 26916648.0,
        "Diluted EPS": 0.06,
        "Basic EPS": 0.06,
        "Diluted NI Availto Com Stockholders": NaN,
        "Net Income Common Stockholders": NaN,
        "Net Income": NaN,
        "Net Income Including Noncontrolling Interests": NaN,
        "Net Income Continuous Operations": NaN,
        "Tax Provision": NaN,
        "Pretax Income": NaN,
        "Other Income Expense": NaN,
        "Other Non Operating Income Expenses": NaN,
        "Net Non Operating Interest Income Expense": NaN,
        "Interest Expense Non Operating": NaN,
        "Operating Income": NaN,
        "Operating Expense": NaN,
        "Depreciation Amortization Depletion Income Statement": NaN,
        "Depreciation And Amortization In Income Statement": NaN,
        "Selling General And Administration": NaN,
        "Gross Profit": NaN,
        "Cost Of Revenue": NaN,
        "Total Revenue": NaN,
        "Operating Revenue": NaN
    },
    "2023-03-31": {
        "Tax Effect Of Unusual Items": NaN,
        "Tax Rate For Calcs": NaN,
        "Normalized EBITDA": NaN,
        "Net Income From Continuing Operation Net Minority Interest": NaN,
        "Reconciled Depreciation": NaN,
        "Reconciled Cost Of Revenue": NaN,
        "EBITDA": NaN,
        "EBIT": NaN,
        "Net Interest Income": NaN,
        "Interest Expense": NaN,
        "Normalized Income": NaN,
        "Net Income From Continuing And Discontinued Operation": NaN,
        "Total Expenses": NaN,
        "Total Operating Income As Reported": NaN,
        "Diluted Average Shares": 26939631.0,
        "Basic Average Shares": 26924631.0,
        "Diluted EPS": 0.09,
        "Basic EPS": 0.09,
        "Diluted NI Availto Com Stockholders": NaN,
        "Net Income Common Stockholders": NaN,
        "Net Income": NaN,
        "Net Income Including Noncontrolling Interests": NaN,
        "Net Income Continuous Operations": NaN,
        "Tax Provision": NaN,
        "Pretax Income": NaN,
        "Other Income Expense": NaN,
        "Other Non Operating Income Expenses": NaN,
        "Net Non Operating Interest Income Expense": NaN,
        "Interest Expense Non Operating": NaN,
        "Operating Income": NaN,
        "Operating Expense": NaN,
        "Depreciation Amortization Depletion Income Statement": NaN,
        "Depreciation And Amortization In Income Statement": NaN,
        "Selling General And Administration": NaN,
        "Gross Profit": NaN,
        "Cost Of Revenue": NaN,
        "Total Revenue": NaN,
        "Operating Revenue": NaN
    },
    "2024-03-31": {
        "Tax Effect Of Unusual Items": NaN,
        "Tax Rate For Calcs": NaN,
        "Normalized EBITDA": NaN,
        "Net Income From Continuing Operation Net Minority Interest": NaN,
        "Reconciled Depreciation": NaN,
        "Reconciled Cost Of Revenue": NaN,
        "EBITDA": NaN,
        "EBIT": NaN,
        "Net Interest Income": NaN,
        "Interest Expense": NaN,
        "Normalized Income": NaN,
        "Net Income From Continuing And Discontinued Operation": NaN,
        "Total Expenses": NaN,
        "Total Operating Income As Reported": NaN,
        "Diluted Average Shares": 26434039.0,
        "Basic Average Shares": 26419039.0,
        "Diluted EPS": 0.07,
        "Basic EPS": 0.07,
        "Diluted NI Availto Com Stockholders": NaN,
        "Net Income Common Stockholders": NaN,
        "Net Income": NaN,
        "Net Income Including Noncontrolling Interests": NaN,
        "Net Income Continuous Operations": NaN,
        "Tax Provision": NaN,
        "Pretax Income": NaN,
        "Other Income Expense": NaN,
        "Other Non Operating Income Expenses": NaN,
        "Net Non Operating Interest Income Expense": NaN,
        "Interest Expense Non Operating": NaN,
        "Operating Income": NaN,
        "Operating Expense": NaN,
        "Depreciation Amortization Depletion Income Statement": NaN,
        "Depreciation And Amortization In Income Statement": NaN,
        "Selling General And Administration": NaN,
        "Gross Profit": NaN,
        "Cost Of Revenue": NaN,
        "Total Revenue": NaN,
        "Operating Revenue": NaN
    },
    "2022-12-31": {
        "Tax Effect Of Unusual Items": NaN,
        "Tax Rate For Calcs": NaN,
        "Normalized EBITDA": NaN,
        "Total Unusual Items": 0.0,
        "Total Unusual Items Excluding Goodwill": 0.0,
        "Net Income From Continuing Operation Net Minority Interest": NaN,
        "Reconciled Depreciation": NaN,
        "Reconciled Cost Of Revenue": NaN,
        "EBITDA": NaN,
        "EBIT": NaN,
        "Net Interest Income": NaN,
        "Interest Expense": NaN,
        "Normalized Income": NaN,
        "Net Income From Continuing And Discontinued Operation": NaN,
        "Total Expenses": NaN,
        "Total Operating Income As Reported": NaN,
        "Diluted Average Shares": NaN,
        "Basic Average Shares": NaN,
        "Diluted EPS": NaN,
        "Basic EPS": NaN,
        "Diluted NI Availto Com Stockholders": NaN,
        "Net Income Common Stockholders": NaN,
        "Net Income": NaN,
        "Net Income Including Noncontrolling Interests": NaN,
        "Net Income Continuous Operations": NaN,
        "Tax Provision": NaN,
        "Pretax Income": NaN,
        "Other Income Expense": NaN,
        "Other Non Operating Income Expenses": NaN,
        "Special Income Charges": 0.0,
        "Net Non Operating Interest Income Expense": NaN,
        "Interest Expense Non Operating": NaN,
        "Operating Income": NaN,
        "Operating Expense": NaN,
        "Depreciation Amortization Depletion Income Statement": NaN,
        "Depreciation And Amortization In Income Statement": NaN,
        "Selling General And Administration": NaN,
        "Gross Profit": NaN,
        "Cost Of Revenue": NaN,
        "Total Revenue": NaN,
        "Operating Revenue": NaN
    },
    "2022-09-30": {
        "Tax Effect Of Unusual Items": NaN,
        "Tax Rate For Calcs": NaN,
        "Normalized EBITDA": NaN,
        "Total Unusual Items": 0.0,
        "Total Unusual Items Excluding Goodwill": 0.0,
        "Net Income From Continuing Operation Net Minority Interest": NaN,
        "Reconciled Depreciation": NaN,
        "Reconciled Cost Of Revenue": NaN,
        "EBITDA": NaN,
        "EBIT": NaN,
        "Net Interest Income": NaN,
        "Interest Expense": NaN,
        "Normalized Income": NaN,
        "Net Income From Continuing And Discontinued Operation": NaN,
        "Total Expenses": NaN,
        "Total Operating Income As Reported": NaN,
        "Diluted Average Shares": 26939631.0,
        "Basic Average Shares": 26924631.0,
        "Diluted EPS": 0.12,
        "Basic EPS": 0.12,
        "Diluted NI Availto Com Stockholders": NaN,
        "Net Income Common Stockholders": NaN,
        "Net Income": NaN,
        "Net Income Including Noncontrolling Interests": NaN,
        "Net Income Continuous Operations": NaN,
        "Tax Provision": NaN,
        "Pretax Income": NaN,
        "Other Income Expense": NaN,
        "Other Non Operating Income Expenses": NaN,
        "Special Income Charges": 0.0,
        "Write Off": 0.0,
        "Net Non Operating Interest Income Expense": NaN,
        "Interest Expense Non Operating": NaN,
        "Operating Income": NaN,
        "Operating Expense": NaN,
        "Depreciation Amortization Depletion Income Statement": NaN,
        "Depreciation And Amortization In Income Statement": NaN,
        "Selling General And Administration": NaN,
        "Gross Profit": NaN,
        "Cost Of Revenue": NaN,
        "Total Revenue": NaN,
        "Operating Revenue": NaN
    },
    "2024-06-30": {
        "Tax Effect Of Unusual Items": NaN,
        "Tax Rate For Calcs": NaN,
        "Normalized EBITDA": NaN,
        "Net Income From Continuing Operation Net Minority Interest": NaN,
        "Reconciled Depreciation": NaN,
        "Reconciled Cost Of Revenue": NaN,
        "EBITDA": NaN,
        "EBIT": NaN,
        "Net Interest Income": NaN,
        "Interest Expense": NaN,
        "Normalized Income": NaN,
        "Net Income From Continuing And Discontinued Operation": NaN,
        "Total Expenses": NaN,
        "Total Operating Income As Reported": NaN,
        "Diluted Average Shares": 26263554.0,
        "Basic Average Shares": 26248554.0,
        "Diluted EPS": 0.06,
        "Basic EPS": 0.06,
        "Diluted NI Availto Com Stockholders": NaN,
        "Net Income Common Stockholders": NaN,
        "Net Income": NaN,
        "Net Income Including Noncontrolling Interests": NaN,
        "Net Income Continuous Operations": NaN,
        "Tax Provision": NaN,
        "Pretax Income": NaN,
        "Other Income Expense": NaN,
        "Other Non Operating Income Expenses": NaN,
        "Net Non Operating Interest Income Expense": NaN,
        "Interest Expense Non Operating": NaN,
        "Operating Income": NaN,
        "Operating Expense": NaN,
        "Depreciation Amortization Depletion Income Statement": NaN,
        "Depreciation And Amortization In Income Statement": NaN,
        "Selling General And Administration": NaN,
        "Gross Profit": NaN,
        "Cost Of Revenue": NaN,
        "Total Revenue": NaN,
        "Operating Revenue": NaN
    },
    "2024-09-30": {
        "Tax Effect Of Unusual Items": 0.0,
        "Tax Rate For Calcs": 0.253,
        "Normalized EBITDA": 2775602.0,
        "Net Income From Continuing Operation Net Minority Interest": 1685039.0,
        "Reconciled Depreciation": 414779.0,
        "Reconciled Cost Of Revenue": 35435320.0,
        "EBITDA": 2775602.0,
        "EBIT": 2360823.0,
        "Net Interest Income": -106139.0,
        "Interest Expense": 106139.0,
        "Normalized Income": 1685039.0,
        "Net Income From Continuing And Discontinued Operation": 1685039.0,
        "Total Expenses": 44879087.0,
        "Total Operating Income As Reported": 2020472.0,
        "Diluted Average Shares": 26076748.0,
        "Basic Average Shares": 26061748.0,
        "Diluted EPS": 0.06,
        "Basic EPS": 0.06,
        "Diluted NI Availto Com Stockholders": 1685039.0,
        "Net Income Common Stockholders": 1685039.0,
        "Net Income": 1685039.0,
        "Net Income Including Noncontrolling Interests": 1685039.0,
        "Net Income Continuous Operations": 1685039.0,
        "Tax Provision": 569645.0,
        "Pretax Income": 2254684.0,
        "Other Income Expense": 340351.0,
        "Other Non Operating Income Expenses": 340351.0,
        "Net Non Operating Interest Income Expense": -106139.0,
        "Interest Expense Non Operating": 106139.0,
        "Operating Income": 2020472.0,
        "Operating Expense": 9443767.0,
        "Depreciation Amortization Depletion Income Statement": 414779.0,
        "Depreciation And Amortization In Income Statement": 414779.0,
        "Selling General And Administration": 9028988.0,
        "Gross Profit": 11464239.0,
        "Cost Of Revenue": 35435320.0,
        "Total Revenue": 46899559.0,
        "Operating Revenue": 46899559.0
    },
    "2024-12-31": {
        "Tax Effect Of Unusual Items": 0.0,
        "Tax Rate For Calcs": 0.204329,
        "Normalized EBITDA": 2553673.0,
        "Net Income From Continuing Operation Net Minority Interest": 1600302.0,
        "Reconciled Depreciation": 431163.0,
        "Reconciled Cost Of Revenue": 37180481.0,
        "EBITDA": 2553673.0,
        "EBIT": 2122510.0,
        "Net Interest Income": -111249.0,
        "Interest Expense": 111249.0,
        "Normalized Income": 1600302.0,
        "Net Income From Continuing And Discontinued Operation": 1600302.0,
        "Total Expenses": 46432764.0,
        "Total Operating Income As Reported": 1889124.0,
        "Diluted Average Shares": NaN,
        "Basic Average Shares": NaN,
        "Diluted EPS": NaN,
        "Basic EPS": NaN,
        "Diluted NI Availto Com Stockholders": 1600302.0,
        "Net Income Common Stockholders": 1600302.0,
        "Net Income": 1600302.0,
        "Net Income Including Noncontrolling Interests": 1600302.0,
        "Net Income Continuous Operations": 1600302.0,
        "Tax Provision": 410959.0,
        "Pretax Income": 2011261.0,
        "Other Income Expense": 233386.0,
        "Other Non Operating Income Expenses": 233386.0,
        "Net Non Operating Interest Income Expense": -111249.0,
        "Interest Expense Non Operating": 111249.0,
        "Operating Income": 1889124.0,
        "Operating Expense": 9252283.0,
        "Depreciation Amortization Depletion Income Statement": 431163.0,
        "Depreciation And Amortization In Income Statement": 431163.0,
        "Selling General And Administration": 8821120.0,
        "Gross Profit": 11141407.0,
        "Cost Of Revenue": 37180481.0,
        "Total Revenue": 48321888.0,
        "Operating Revenue": 48321888.0
    },
    "2025-03-31": {
        "Tax Effect Of Unusual Items": 0.0,
        "Tax Rate For Calcs": 0.225,
        "Normalized EBITDA": 3769367.0,
        "Net Income From Continuing Operation Net Minority Interest": 2493347.0,
        "Reconciled Depreciation": 445341.0,
        "Reconciled Cost Of Revenue": 36287805.0,
        "EBITDA": 3769367.0,
        "EBIT": 3324026.0,
        "Net Interest Income": -106321.0,
        "Interest Expense": 106321.0,
        "Normalized Income": 2493347.0,
        "Net Income From Continuing And Discontinued Operation": 2493347.0,
        "Total Expenses": 45137408.0,
        "Total Operating Income As Reported": 3118421.0,
        "Diluted Average Shares": 25995645.0,
        "Basic Average Shares": 25995645.0,
        "Diluted EPS": 0.1,
        "Basic EPS": 0.1,
        "Diluted NI Availto Com Stockholders": 2493347.0,
        "Net Income Common Stockholders": 2493347.0,
        "Net Income": 2493347.0,
        "Net Income Including Noncontrolling Interests": 2493347.0,
        "Net Income Continuous Operations": 2493347.0,
        "Tax Provision": 724358.0,
        "Pretax Income": 3217705.0,
        "Other Income Expense": 205605.0,
        "Other Non Operating Income Expenses": 205605.0,
        "Net Non Operating Interest Income Expense": -106321.0,
        "Interest Expense Non Operating": 106321.0,
        "Operating Income": 3118421.0,
        "Operating Expense": 8849603.0,
        "Depreciation Amortization Depletion Income Statement": 445341.0,
        "Depreciation And Amortization In Income Statement": 445341.0,
        "Selling General And Administration": 8404262.0,
        "Gross Profit": 11968024.0,
        "Cost Of Revenue": 36287805.0,
        "Total Revenue": 48255829.0,
        "Operating Revenue": 48255829.0
    },
    "2025-06-30": {
        "Tax Effect Of Unusual Items": 0.0,
        "Tax Rate For Calcs": 0.223247,
        "Normalized EBITDA": 4110107.0,
        "Net Income From Continuing Operation Net Minority Interest": 2752399.0,
        "Reconciled Depreciation": 460411.0,
        "Reconciled Cost Of Revenue": 42488910.0,
        "EBITDA": 4110107.0,
        "EBIT": 3649696.0,
        "Net Interest Income": -106228.0,
        "Interest Expense": 106228.0,
        "Normalized Income": 2752399.0,
        "Net Income From Continuing And Discontinued Operation": 2752399.0,
        "Total Expenses": 51621388.0,
        "Total Operating Income As Reported": 3255445.0,
        "Diluted Average Shares": 25991979.0,
        "Basic Average Shares": 25991979.0,
        "Diluted EPS": 0.11,
        "Basic EPS": 0.11,
        "Diluted NI Availto Com Stockholders": 2752399.0,
        "Net Income Common Stockholders": 2752399.0,
        "Net Income": 2752399.0,
        "Net Income Including Noncontrolling Interests": 2752399.0,
        "Net Income Continuous Operations": 2752399.0,
        "Tax Provision": 791069.0,
        "Pretax Income": 3543468.0,
        "Other Income Expense": 394251.0,
        "Other Non Operating Income Expenses": 394251.0,
        "Net Non Operating Interest Income Expense": -106228.0,
        "Interest Expense Non Operating": 106228.0,
        "Operating Income": 3255445.0,
        "Operating Expense": 9132478.0,
        "Depreciation Amortization Depletion Income Statement": 460411.0,
        "Depreciation And Amortization In Income Statement": 460411.0,
        "Selling General And Administration": 8672067.0,
        "Gross Profit": 12387923.0,
        "Cost Of Revenue": 42488910.0,
        "Total Revenue": 54876833.0,
        "Operating Revenue": 54876833.0
    },
    "2025-09-30": {
        "Tax Effect Of Unusual Items": 0.0,
        "Tax Rate For Calcs": 0.225,
        "Normalized EBITDA": 4907694.0,
        "Net Income From Continuing Operation Net Minority Interest": 3356920.0,
        "Reconciled Depreciation": 472524.0,
        "Reconciled Cost Of Revenue": 44321481.0,
        "EBITDA": 4907694.0,
        "EBIT": 4435170.0,
        "Net Interest Income": -105757.0,
        "Interest Expense": 105757.0,
        "Normalized Income": 3356920.0,
        "Net Income From Continuing And Discontinued Operation": 3356920.0,
        "Total Expenses": 53187883.0,
        "Total Operating Income As Reported": 4201528.0,
        "Diluted Average Shares": 25966802.0,
        "Basic Average Shares": 25966802.0,
        "Diluted EPS": 0.13,
        "Basic EPS": 0.13,
        "Diluted NI Availto Com Stockholders": 3356920.0,
        "Net Income Common Stockholders": 3356920.0,
        "Net Income": 3356920.0,
        "Net Income Including Noncontrolling Interests": 3356920.0,
        "Net Income Continuous Operations": 3356920.0,
        "Tax Provision": 972493.0,
        "Pretax Income": 4329413.0,
        "Other Income Expense": 233642.0,
        "Other Non Operating Income Expenses": 233642.0,
        "Net Non Operating Interest Income Expense": -105757.0,
        "Interest Expense Non Operating": 105757.0,
        "Operating Income": 4201528.0,
        "Operating Expense": 8866402.0,
        "Depreciation Amortization Depletion Income Statement": 472524.0,
        "Depreciation And Amortization In Income Statement": 472524.0,
        "Selling General And Administration": 8393878.0,
        "Gross Profit": 13067930.0,
        "Cost Of Revenue": 44321481.0,
        "Total Revenue": 57389411.0,
        "Operating Revenue": 57389411.0
    }
}