{
    "2023-03-31": {
        "Tax Effect Of Unusual Items": NaN,
        "Tax Rate For Calcs": NaN,
        "Normalized EBITDA": NaN,
        "Total Unusual Items": NaN,
        "Total Unusual Items Excluding Goodwill": NaN,
        "Net Income From Continuing Operation Net Minority Interest": NaN,
        "Reconciled Depreciation": NaN,
        "EBITDA": NaN,
        "EBIT": NaN,
        "Normalized Income": NaN,
        "Net Income From Continuing And Discontinued Operation": NaN,
        "Total Expenses": NaN,
        "Total Operating Income As Reported": NaN,
        "Diluted Average Shares": 14285905.0,
        "Basic Average Shares": 14285905.0,
        "Diluted EPS": -0.75,
        "Basic EPS": -0.75,
        "Diluted NI Availto Com Stockholders": NaN,
        "Net Income Common Stockholders": NaN,
        "Net Income": NaN,
        "Net Income Including Noncontrolling Interests": NaN,
        "Net Income Continuous Operations": NaN,
        "Pretax Income": NaN,
        "Other Income Expense": NaN,
        "Other Non Operating Income Expenses": NaN,
        "Gain On Sale Of Security": NaN,
        "Operating Income": NaN,
        "Operating Expense": NaN,
        "Research And Development": NaN,
        "Selling General And Administration": NaN,
        "General And Administrative Expense": NaN,
        "Other Gand A": NaN,
        "Total Revenue": NaN,
        "Operating Revenue": NaN
    },
    "2022-12-31": {
        "Tax Effect Of Unusual Items": NaN,
        "Tax Rate For Calcs": NaN,
        "Normalized EBITDA": NaN,
        "Total Unusual Items": NaN,
        "Total Unusual Items Excluding Goodwill": NaN,
        "Net Income From Continuing Operation Net Minority Interest": NaN,
        "Reconciled Depreciation": NaN,
        "EBITDA": NaN,
        "EBIT": NaN,
        "Normalized Income": NaN,
        "Net Income From Continuing And Discontinued Operation": NaN,
        "Total Expenses": NaN,
        "Total Operating Income As Reported": NaN,
        "Diluted Average Shares": NaN,
        "Basic Average Shares": NaN,
        "Diluted EPS": NaN,
        "Basic EPS": NaN,
        "Diluted NI Availto Com Stockholders": NaN,
        "Net Income Common Stockholders": NaN,
        "Net Income": NaN,
        "Net Income Including Noncontrolling Interests": NaN,
        "Net Income Continuous Operations": NaN,
        "Tax Provision": 0.0,
        "Pretax Income": NaN,
        "Other Income Expense": NaN,
        "Other Non Operating Income Expenses": NaN,
        "Gain On Sale Of Security": NaN,
        "Operating Income": NaN,
        "Operating Expense": NaN,
        "Research And Development": NaN,
        "Selling General And Administration": NaN,
        "General And Administrative Expense": NaN,
        "Other Gand A": NaN,
        "Total Revenue": NaN,
        "Operating Revenue": NaN
    },
    "2022-09-30": {
        "Tax Effect Of Unusual Items": NaN,
        "Tax Rate For Calcs": NaN,
        "Normalized EBITDA": NaN,
        "Net Income From Continuing Operation Net Minority Interest": NaN,
        "Reconciled Depreciation": NaN,
        "EBITDA": NaN,
        "EBIT": NaN,
        "Normalized Income": NaN,
        "Net Income From Continuing And Discontinued Operation": NaN,
        "Total Expenses": NaN,
        "Total Operating Income As Reported": NaN,
        "Diluted Average Shares": 14265905.0,
        "Basic Average Shares": 14265905.0,
        "Diluted EPS": -0.73,
        "Basic EPS": -0.73,
        "Diluted NI Availto Com Stockholders": NaN,
        "Net Income Common Stockholders": NaN,
        "Net Income": NaN,
        "Net Income Including Noncontrolling Interests": NaN,
        "Net Income Continuous Operations": NaN,
        "Tax Provision": 0.0,
        "Pretax Income": NaN,
        "Other Income Expense": NaN,
        "Other Non Operating Income Expenses": NaN,
        "Operating Income": NaN,
        "Operating Expense": NaN,
        "Research And Development": NaN,
        "Selling General And Administration": NaN,
        "General And Administrative Expense": NaN,
        "Other Gand A": NaN,
        "Total Revenue": NaN,
        "Operating Revenue": NaN
    },
    "2022-06-30": {
        "Tax Effect Of Unusual Items": 0.0,
        "Tax Rate For Calcs": 0.0,
        "Normalized EBITDA": -9189000.0,
        "Net Income From Continuing Operation Net Minority Interest": -9247000.0,
        "Reconciled Depreciation": 94000.0,
        "EBITDA": -9189000.0,
        "EBIT": -9283000.0,
        "Normalized Income": -9247000.0,
        "Net Income From Continuing And Discontinued Operation": -9247000.0,
        "Total Expenses": 9283000.0,
        "Total Operating Income As Reported": -9283000.0,
        "Diluted Average Shares": 14265905.0,
        "Basic Average Shares": 14265905.0,
        "Diluted EPS": -0.65,
        "Basic EPS": -0.65,
        "Diluted NI Availto Com Stockholders": -9247000.0,
        "Net Income Common Stockholders": -9247000.0,
        "Net Income": -9247000.0,
        "Net Income Including Noncontrolling Interests": -9247000.0,
        "Net Income Continuous Operations": -9247000.0,
        "Tax Provision": 0.0,
        "Pretax Income": -9247000.0,
        "Other Income Expense": 36000.0,
        "Other Non Operating Income Expenses": 36000.0,
        "Operating Income": -9283000.0,
        "Operating Expense": 9283000.0,
        "Research And Development": 5743000.0,
        "Selling General And Administration": 3540000.0,
        "General And Administrative Expense": 3540000.0,
        "Other Gand A": 3540000.0,
        "Total Revenue": 0.0,
        "Operating Revenue": 0.0
    },
    "2022-03-31": {
        "Diluted EPS": -0.69,
        "Total Revenue": NaN,
        "Gross Profit": NaN,
        "Operating Income": -10,
        "EBIT": -10,
        "Net Income": -10
    },
    "2021-12-31": {
        "Diluted EPS": -0.6,
        "Total Revenue": NaN,
        "Gross Profit": NaN,
        "Operating Income": -9,
        "EBIT": -9,
        "Net Income": -9
    },
    "2021-09-30": {
        "Diluted EPS": -0.66,
        "Total Revenue": NaN,
        "Gross Profit": NaN,
        "Operating Income": -11,
        "EBIT": -10,
        "Net Income": -10
    },
    "2021-06-30": {
        "Diluted EPS": -0.5,
        "Total Revenue": NaN,
        "Gross Profit": NaN,
        "Operating Income": -8,
        "EBIT": -8,
        "Net Income": -7
    },
    "2021-03-31": {
        "Diluted EPS": -0.57,
        "Total Revenue": NaN,
        "Gross Profit": NaN,
        "Operating Income": -9,
        "EBIT": -9,
        "Net Income": -8
    },
    "2020-12-31": {
        "Diluted EPS": 1.05,
        "Total Revenue": NaN,
        "Gross Profit": NaN,
        "Operating Income": -6,
        "EBIT": -6,
        "Net Income": -6
    },
    "2020-09-30": {
        "Diluted EPS": -5.51,
        "Total Revenue": NaN,
        "Gross Profit": NaN,
        "Operating Income": -6,
        "EBIT": -6,
        "Net Income": -6
    },
    "2020-06-30": {
        "Diluted EPS": -2.74,
        "Total Revenue": NaN,
        "Gross Profit": NaN,
        "Operating Income": -3,
        "EBIT": -3,
        "Net Income": -3
    },
    "2020-03-31": {
        "Diluted EPS": -8.52,
        "Total Revenue": NaN,
        "Gross Profit": NaN,
        "Operating Income": -3,
        "EBIT": -3,
        "Net Income": -8
    },
    "2019-12-31": {
        "Diluted EPS": -4.76,
        "Total Revenue": NaN,
        "Gross Profit": NaN,
        "Operating Income": -4,
        "EBIT": -2,
        "Net Income": -4
    },
    "2019-09-30": {
        "Diluted EPS": -4.01,
        "Total Revenue": NaN,
        "Gross Profit": NaN,
        "Operating Income": -3,
        "EBIT": -3,
        "Net Income": -3
    },
    "2019-06-30": {
        "Diluted EPS": -6.3,
        "Total Revenue": NaN,
        "Gross Profit": NaN,
        "Operating Income": -4,
        "EBIT": -4,
        "Net Income": -4
    },
    "2019-03-31": {
        "Diluted EPS": -9.35,
        "Total Revenue": NaN,
        "Gross Profit": NaN,
        "Operating Income": -5,
        "EBIT": -5,
        "Net Income": -5
    },
    "2018-12-31": {
        "Diluted EPS": -8.81,
        "Total Revenue": NaN,
        "Gross Profit": NaN,
        "Operating Income": -5,
        "EBIT": -5,
        "Net Income": -5
    },
    "2018-09-30": {
        "Diluted EPS": -6.66,
        "Total Revenue": NaN,
        "Gross Profit": NaN,
        "Operating Income": -3,
        "EBIT": -3,
        "Net Income": -3
    },
    "2018-06-30": {
        "Diluted EPS": -6.12,
        "Total Revenue": NaN,
        "Gross Profit": NaN,
        "Operating Income": -3,
        "EBIT": -3,
        "Net Income": -3
    },
    "2018-03-31": {
        "Diluted EPS": -6.48,
        "Total Revenue": NaN,
        "Gross Profit": NaN,
        "Operating Income": -3,
        "EBIT": -3,
        "Net Income": -3
    },
    "2017-12-31": {
        "Diluted EPS": 0.72,
        "Total Revenue": NaN,
        "Gross Profit": NaN,
        "Operating Income": -2,
        "EBIT": -2,
        "Net Income": -3
    },
    "2017-09-30": {
        "Diluted EPS": -7.73,
        "Total Revenue": NaN,
        "Gross Profit": NaN,
        "Operating Income": -3,
        "EBIT": -3,
        "Net Income": -3
    },
    "2017-06-30": {
        "Diluted EPS": -23.74,
        "Total Revenue": NaN,
        "Gross Profit": NaN,
        "Operating Income": -7,
        "EBIT": -7,
        "Net Income": -7
    },
    "2017-03-31": {
        "Diluted EPS": -10.61,
        "Total Revenue": NaN,
        "Gross Profit": NaN,
        "Operating Income": -1,
        "EBIT": -1,
        "Net Income": 0
    },
    "2016-12-31": {
        "Diluted EPS": 157.02,
        "Total Revenue": NaN,
        "Gross Profit": NaN,
        "Operating Income": 9,
        "EBIT": 9,
        "Net Income": 9
    },
    "2016-09-30": {
        "Diluted EPS": -78.24,
        "Total Revenue": NaN,
        "Gross Profit": NaN,
        "Operating Income": -2,
        "EBIT": -2,
        "Net Income": -2
    },
    "2016-06-30": {
        "Diluted EPS": -40.47,
        "Total Revenue": NaN,
        "Gross Profit": NaN,
        "Operating Income": -1,
        "EBIT": -1,
        "Net Income": -1
    },
    "2016-03-31": {
        "Diluted EPS": -82.56,
        "Total Revenue": NaN,
        "Gross Profit": NaN,
        "Operating Income": -11,
        "EBIT": -11,
        "Net Income": -11
    },
    "2015-12-31": {
        "Diluted EPS": -79.33,
        "Total Revenue": NaN,
        "Gross Profit": NaN,
        "Operating Income": -11,
        "EBIT": -11,
        "Net Income": -11
    },
    "2015-09-30": {
        "Diluted EPS": -85.8,
        "Total Revenue": NaN,
        "Gross Profit": NaN,
        "Operating Income": -12,
        "EBIT": -12,
        "Net Income": -12
    },
    "2015-06-30": {
        "Diluted EPS": -64.76,
        "Total Revenue": NaN,
        "Gross Profit": NaN,
        "Operating Income": -9,
        "EBIT": -9,
        "Net Income": -9
    },
    "2015-03-31": {
        "Diluted EPS": -95.51,
        "Total Revenue": NaN,
        "Gross Profit": NaN,
        "Operating Income": -13,
        "EBIT": -13,
        "Net Income": -13
    },
    "2014-12-31": {
        "Diluted EPS": NaN,
        "Total Revenue": NaN,
        "Gross Profit": NaN,
        "Operating Income": -6,
        "EBIT": -6,
        "Net Income": -6
    },
    "2014-09-30": {
        "Diluted EPS": -438.71,
        "Total Revenue": NaN,
        "Gross Profit": NaN,
        "Operating Income": -6,
        "EBIT": -6,
        "Net Income": -6
    },
    "2014-06-30": {
        "Diluted EPS": NaN,
        "Total Revenue": NaN,
        "Gross Profit": NaN,
        "Operating Income": -6,
        "EBIT": -6,
        "Net Income": -6
    },
    "2014-03-31": {
        "Diluted EPS": NaN,
        "Total Revenue": NaN,
        "Gross Profit": NaN,
        "Operating Income": -5,
        "EBIT": -5,
        "Net Income": -5
    },
    "2013-12-31": {
        "Diluted EPS": 0.0,
        "Total Revenue": NaN,
        "Gross Profit": NaN,
        "Operating Income": NaN,
        "EBIT": NaN,
        "Net Income": NaN
    },
    "2013-09-30": {
        "Diluted EPS": NaN,
        "Total Revenue": NaN,
        "Gross Profit": NaN,
        "Operating Income": -3,
        "EBIT": -3,
        "Net Income": -3
    },
    "2013-06-30": {
        "Diluted EPS": 0.0,
        "Total Revenue": NaN,
        "Gross Profit": NaN,
        "Operating Income": NaN,
        "EBIT": NaN,
        "Net Income": NaN
    },
    "2012-12-31": {
        "Diluted EPS": 0.0,
        "Total Revenue": NaN,
        "Gross Profit": NaN,
        "Operating Income": NaN,
        "EBIT": NaN,
        "Net Income": NaN
    },
    "2023-06-30": {
        "Tax Effect Of Unusual Items": NaN,
        "Tax Rate For Calcs": NaN,
        "Normalized EBITDA": NaN,
        "Total Unusual Items": NaN,
        "Total Unusual Items Excluding Goodwill": NaN,
        "Net Income From Continuing Operation Net Minority Interest": NaN,
        "Reconciled Depreciation": NaN,
        "EBITDA": NaN,
        "EBIT": NaN,
        "Normalized Income": NaN,
        "Net Income From Continuing And Discontinued Operation": NaN,
        "Total Expenses": NaN,
        "Total Operating Income As Reported": NaN,
        "Diluted Average Shares": 24006549.0,
        "Basic Average Shares": 24006549.0,
        "Diluted EPS": -2.74,
        "Basic EPS": -2.74,
        "Diluted NI Availto Com Stockholders": NaN,
        "Average Dilution Earnings": NaN,
        "Net Income Common Stockholders": NaN,
        "Otherunder Preferred Stock Dividend": NaN,
        "Net Income": NaN,
        "Net Income Including Noncontrolling Interests": NaN,
        "Net Income Continuous Operations": NaN,
        "Pretax Income": NaN,
        "Other Income Expense": NaN,
        "Other Non Operating Income Expenses": NaN,
        "Gain On Sale Of Security": NaN,
        "Operating Income": NaN,
        "Operating Expense": NaN,
        "Research And Development": NaN,
        "Selling General And Administration": NaN,
        "General And Administrative Expense": NaN,
        "Other Gand A": NaN,
        "Total Revenue": NaN,
        "Operating Revenue": NaN
    },
    "2023-09-30": {
        "Tax Effect Of Unusual Items": NaN,
        "Tax Rate For Calcs": NaN,
        "Normalized EBITDA": NaN,
        "Total Unusual Items": NaN,
        "Total Unusual Items Excluding Goodwill": NaN,
        "Net Income From Continuing Operation Net Minority Interest": NaN,
        "Reconciled Depreciation": NaN,
        "EBITDA": NaN,
        "EBIT": NaN,
        "Normalized Income": NaN,
        "Net Income From Continuing And Discontinued Operation": NaN,
        "Total Expenses": NaN,
        "Total Operating Income As Reported": NaN,
        "Diluted Average Shares": 29974400.0,
        "Basic Average Shares": 29974400.0,
        "Diluted EPS": -0.33,
        "Basic EPS": -0.33,
        "Diluted NI Availto Com Stockholders": NaN,
        "Average Dilution Earnings": 0.0,
        "Net Income Common Stockholders": NaN,
        "Otherunder Preferred Stock Dividend": 0.0,
        "Net Income": NaN,
        "Net Income Including Noncontrolling Interests": NaN,
        "Net Income Continuous Operations": NaN,
        "Pretax Income": NaN,
        "Other Income Expense": NaN,
        "Other Non Operating Income Expenses": NaN,
        "Gain On Sale Of Security": NaN,
        "Operating Income": NaN,
        "Operating Expense": NaN,
        "Research And Development": NaN,
        "Selling General And Administration": NaN,
        "General And Administrative Expense": NaN,
        "Other Gand A": NaN,
        "Salaries And Wages": NaN,
        "Total Revenue": NaN,
        "Operating Revenue": NaN
    },
    "2023-12-31": {
        "Tax Effect Of Unusual Items": NaN,
        "Tax Rate For Calcs": NaN,
        "Normalized EBITDA": NaN,
        "Total Unusual Items": NaN,
        "Total Unusual Items Excluding Goodwill": NaN,
        "Net Income From Continuing Operation Net Minority Interest": NaN,
        "Reconciled Depreciation": 94000.0,
        "EBITDA": NaN,
        "EBIT": NaN,
        "Normalized Income": NaN,
        "Net Income From Continuing And Discontinued Operation": NaN,
        "Total Expenses": NaN,
        "Total Operating Income As Reported": NaN,
        "Diluted Average Shares": NaN,
        "Basic Average Shares": NaN,
        "Diluted EPS": NaN,
        "Basic EPS": NaN,
        "Diluted NI Availto Com Stockholders": NaN,
        "Average Dilution Earnings": NaN,
        "Net Income Common Stockholders": NaN,
        "Otherunder Preferred Stock Dividend": NaN,
        "Net Income": NaN,
        "Net Income Including Noncontrolling Interests": NaN,
        "Net Income Continuous Operations": NaN,
        "Pretax Income": NaN,
        "Other Income Expense": NaN,
        "Other Non Operating Income Expenses": NaN,
        "Gain On Sale Of Security": NaN,
        "Operating Income": NaN,
        "Operating Expense": NaN,
        "Research And Development": NaN,
        "Selling General And Administration": NaN,
        "General And Administrative Expense": NaN,
        "Other Gand A": NaN,
        "Salaries And Wages": NaN,
        "Total Revenue": NaN,
        "Operating Revenue": NaN
    },
    "2024-03-31": {
        "Tax Effect Of Unusual Items": NaN,
        "Tax Rate For Calcs": NaN,
        "Normalized EBITDA": NaN,
        "Total Unusual Items": NaN,
        "Total Unusual Items Excluding Goodwill": NaN,
        "Net Income From Continuing Operation Net Minority Interest": NaN,
        "Reconciled Depreciation": 95000.0,
        "EBITDA": NaN,
        "EBIT": NaN,
        "Normalized Income": NaN,
        "Net Income From Continuing And Discontinued Operation": NaN,
        "Total Expenses": NaN,
        "Total Operating Income As Reported": -10869000.0,
        "Diluted Average Shares": 29989400.0,
        "Basic Average Shares": 29989400.0,
        "Diluted EPS": -0.34,
        "Basic EPS": -0.34,
        "Diluted NI Availto Com Stockholders": NaN,
        "Average Dilution Earnings": NaN,
        "Net Income Common Stockholders": NaN,
        "Otherunder Preferred Stock Dividend": NaN,
        "Net Income": NaN,
        "Net Income Including Noncontrolling Interests": NaN,
        "Net Income Continuous Operations": NaN,
        "Pretax Income": NaN,
        "Other Income Expense": NaN,
        "Other Non Operating Income Expenses": NaN,
        "Gain On Sale Of Security": NaN,
        "Operating Income": NaN,
        "Operating Expense": NaN,
        "Research And Development": NaN,
        "Selling General And Administration": NaN,
        "General And Administrative Expense": NaN,
        "Other Gand A": NaN,
        "Salaries And Wages": 2169000.0,
        "Total Revenue": NaN,
        "Operating Revenue": NaN
    },
    "2024-06-30": {
        "Tax Effect Of Unusual Items": 0.0,
        "Tax Rate For Calcs": 0.0,
        "Normalized EBITDA": 16772000.0,
        "Total Unusual Items": -31274000.0,
        "Total Unusual Items Excluding Goodwill": -31274000.0,
        "Net Income From Continuing Operation Net Minority Interest": -44907000.0,
        "Reconciled Depreciation": 97000.0,
        "EBITDA": -14502000.0,
        "EBIT": -14502000.0,
        "Normalized Income": -13633000.0,
        "Net Income From Continuing And Discontinued Operation": -44907000.0,
        "Total Expenses": 14502000.0,
        "Total Operating Income As Reported": -14502000.0,
        "Diluted Average Shares": 42278411.0,
        "Basic Average Shares": 42278411.0,
        "Diluted EPS": -0.92,
        "Basic EPS": -0.92,
        "Diluted NI Availto Com Stockholders": -44907000.0,
        "Average Dilution Earnings": NaN,
        "Net Income Common Stockholders": -44907000.0,
        "Otherunder Preferred Stock Dividend": NaN,
        "Net Income": -44907000.0,
        "Net Income Including Noncontrolling Interests": -44907000.0,
        "Net Income Continuous Operations": -44907000.0,
        "Pretax Income": -44907000.0,
        "Other Income Expense": -30405000.0,
        "Other Non Operating Income Expenses": 869000.0,
        "Gain On Sale Of Security": -31274000.0,
        "Operating Income": -14502000.0,
        "Operating Expense": 14502000.0,
        "Research And Development": 10106000.0,
        "Selling General And Administration": 4396000.0,
        "General And Administrative Expense": 4396000.0,
        "Other Gand A": 1321000.0,
        "Salaries And Wages": 3075000.0,
        "Total Revenue": 0.0,
        "Operating Revenue": 0.0
    },
    "2024-09-30": {
        "Tax Effect Of Unusual Items": 20252190.0,
        "Tax Rate For Calcs": 0.21,
        "Normalized EBITDA": -116949000.0,
        "Total Unusual Items": 96439000.0,
        "Total Unusual Items Excluding Goodwill": 96439000.0,
        "Net Income From Continuing Operation Net Minority Interest": 76971000.0,
        "Reconciled Depreciation": 79000.0,
        "EBITDA": -20510000.0,
        "EBIT": -20510000.0,
        "Normalized Income": 784190.0,
        "Net Income From Continuing And Discontinued Operation": 76971000.0,
        "Total Expenses": 20510000.0,
        "Total Operating Income As Reported": -20510000.0,
        "Diluted Average Shares": 55478342.0,
        "Basic Average Shares": 51945920.0,
        "Diluted EPS": -0.32,
        "Basic EPS": 1.05,
        "Diluted NI Availto Com Stockholders": -17504000.0,
        "Average Dilution Earnings": -71933000.0,
        "Net Income Common Stockholders": 54429000.0,
        "Otherunder Preferred Stock Dividend": 22542000.0,
        "Net Income": 76971000.0,
        "Net Income Including Noncontrolling Interests": 76971000.0,
        "Net Income Continuous Operations": 76971000.0,
        "Pretax Income": 76971000.0,
        "Other Income Expense": 97481000.0,
        "Other Non Operating Income Expenses": 1042000.0,
        "Gain On Sale Of Security": 96439000.0,
        "Operating Income": -20510000.0,
        "Operating Expense": 20510000.0,
        "Research And Development": 16520000.0,
        "Selling General And Administration": 3990000.0,
        "General And Administrative Expense": 3990000.0,
        "Other Gand A": 3990000.0,
        "Salaries And Wages": NaN,
        "Total Revenue": 0.0,
        "Operating Revenue": 0.0
    },
    "2024-12-31": {
        "Tax Effect Of Unusual Items": 0.0,
        "Tax Rate For Calcs": 0.0,
        "Normalized EBITDA": -3679000.0,
        "Total Unusual Items": -20929000.0,
        "Total Unusual Items Excluding Goodwill": -20929000.0,
        "Net Income From Continuing Operation Net Minority Interest": -44617000.0,
        "Reconciled Depreciation": 88000.0,
        "EBITDA": -24608000.0,
        "EBIT": -24696000.0,
        "Normalized Income": -23688000.0,
        "Net Income From Continuing And Discontinued Operation": -44617000.0,
        "Total Expenses": 24696000.0,
        "Total Operating Income As Reported": NaN,
        "Diluted Average Shares": NaN,
        "Basic Average Shares": NaN,
        "Diluted EPS": NaN,
        "Basic EPS": NaN,
        "Diluted NI Availto Com Stockholders": 24902000.0,
        "Average Dilution Earnings": NaN,
        "Net Income Common Stockholders": -41735000.0,
        "Otherunder Preferred Stock Dividend": NaN,
        "Net Income": -44617000.0,
        "Net Income Including Noncontrolling Interests": -44617000.0,
        "Net Income Continuous Operations": -44617000.0,
        "Pretax Income": -44186000.0,
        "Other Income Expense": -19490000.0,
        "Other Non Operating Income Expenses": 1439000.0,
        "Gain On Sale Of Security": -20929000.0,
        "Operating Income": -24696000.0,
        "Operating Expense": 24696000.0,
        "Research And Development": 17928000.0,
        "Selling General And Administration": 6768000.0,
        "General And Administrative Expense": 6768000.0,
        "Other Gand A": 6768000.0,
        "Salaries And Wages": NaN,
        "Total Revenue": 0.0,
        "Operating Revenue": 0.0
    },
    "2025-03-31": {
        "Tax Effect Of Unusual Items": 0.0,
        "Tax Rate For Calcs": 0.0,
        "Normalized EBITDA": -28024000.0,
        "Total Unusual Items": 10060000.0,
        "Total Unusual Items Excluding Goodwill": 10060000.0,
        "Net Income From Continuing Operation Net Minority Interest": -6495000.0,
        "Reconciled Depreciation": NaN,
        "EBITDA": -17964000.0,
        "EBIT": -17964000.0,
        "Normalized Income": -16555000.0,
        "Net Income From Continuing And Discontinued Operation": -6495000.0,
        "Total Expenses": 17964000.0,
        "Total Operating Income As Reported": -17964000.0,
        "Diluted Average Shares": 77126763.0,
        "Basic Average Shares": 77126763.0,
        "Diluted EPS": -0.08,
        "Basic EPS": -0.08,
        "Diluted NI Availto Com Stockholders": -6495000.0,
        "Average Dilution Earnings": NaN,
        "Net Income Common Stockholders": -6495000.0,
        "Otherunder Preferred Stock Dividend": NaN,
        "Net Income": -6495000.0,
        "Net Income Including Noncontrolling Interests": -6495000.0,
        "Net Income Continuous Operations": -6495000.0,
        "Pretax Income": -6495000.0,
        "Other Income Expense": 11469000.0,
        "Other Non Operating Income Expenses": 1409000.0,
        "Gain On Sale Of Security": 10060000.0,
        "Operating Income": -17964000.0,
        "Operating Expense": 17964000.0,
        "Research And Development": 13531000.0,
        "Selling General And Administration": 4433000.0,
        "General And Administrative Expense": 4433000.0,
        "Other Gand A": 1559000.0,
        "Salaries And Wages": 2874000.0,
        "Total Revenue": 0.0,
        "Operating Revenue": 0.0
    },
    "2025-06-30": {
        "Tax Effect Of Unusual Items": 0.0,
        "Tax Rate For Calcs": 0.0,
        "Normalized EBITDA": -37026000.0,
        "Total Unusual Items": 12293000.0,
        "Total Unusual Items Excluding Goodwill": 12293000.0,
        "Net Income From Continuing Operation Net Minority Interest": -11216000.0,
        "Reconciled Depreciation": NaN,
        "EBITDA": -24733000.0,
        "EBIT": -24733000.0,
        "Normalized Income": -23509000.0,
        "Net Income From Continuing And Discontinued Operation": -11216000.0,
        "Total Expenses": 24733000.0,
        "Total Operating Income As Reported": -24733000.0,
        "Diluted Average Shares": 77156068.0,
        "Basic Average Shares": 77156068.0,
        "Diluted EPS": -0.13,
        "Basic EPS": -0.13,
        "Diluted NI Availto Com Stockholders": -11216000.0,
        "Average Dilution Earnings": NaN,
        "Net Income Common Stockholders": -11216000.0,
        "Otherunder Preferred Stock Dividend": NaN,
        "Net Income": -11216000.0,
        "Net Income Including Noncontrolling Interests": -11216000.0,
        "Net Income Continuous Operations": -11216000.0,
        "Pretax Income": -11216000.0,
        "Other Income Expense": 13517000.0,
        "Other Non Operating Income Expenses": 1224000.0,
        "Gain On Sale Of Security": 12293000.0,
        "Operating Income": -24733000.0,
        "Operating Expense": 24733000.0,
        "Research And Development": 20276000.0,
        "Selling General And Administration": 4457000.0,
        "General And Administrative Expense": 4457000.0,
        "Other Gand A": 1957000.0,
        "Salaries And Wages": 2500000.0,
        "Total Revenue": 0.0,
        "Operating Revenue": 0.0
    }
}