{
    "2023-12-31": {
        "Tax Effect Of Unusual Items": NaN,
        "Tax Rate For Calcs": NaN,
        "Normalized EBITDA": NaN,
        "Total Unusual Items": NaN,
        "Total Unusual Items Excluding Goodwill": NaN,
        "Net Income From Continuing Operation Net Minority Interest": NaN,
        "Reconciled Depreciation": NaN,
        "Reconciled Cost Of Revenue": NaN,
        "EBITDA": NaN,
        "EBIT": NaN,
        "Net Interest Income": NaN,
        "Interest Expense": NaN,
        "Interest Income": NaN,
        "Normalized Income": NaN,
        "Net Income From Continuing And Discontinued Operation": NaN,
        "Total Expenses": NaN,
        "Total Operating Income As Reported": NaN,
        "Diluted Average Shares": 12863636.0,
        "Basic Average Shares": 12863636.0,
        "Diluted EPS": -0.66,
        "Basic EPS": -0.66,
        "Diluted NI Availto Com Stockholders": NaN,
        "Net Income Common Stockholders": NaN,
        "Net Income": NaN,
        "Minority Interests": NaN,
        "Net Income Including Noncontrolling Interests": NaN,
        "Net Income Discontinuous Operations": NaN,
        "Net Income Continuous Operations": NaN,
        "Tax Provision": NaN,
        "Pretax Income": NaN,
        "Other Income Expense": NaN,
        "Other Non Operating Income Expenses": NaN,
        "Earnings From Equity Interest": NaN,
        "Gain On Sale Of Security": NaN,
        "Net Non Operating Interest Income Expense": NaN,
        "Total Other Finance Cost": NaN,
        "Interest Expense Non Operating": NaN,
        "Interest Income Non Operating": NaN,
        "Operating Income": NaN,
        "Operating Expense": NaN,
        "Other Operating Expenses": NaN,
        "Research And Development": NaN,
        "Selling General And Administration": NaN,
        "General And Administrative Expense": NaN,
        "Other Gand A": NaN,
        "Gross Profit": NaN,
        "Cost Of Revenue": NaN,
        "Total Revenue": NaN,
        "Operating Revenue": NaN
    },
    "2023-09-30": {
        "Tax Effect Of Unusual Items": NaN,
        "Tax Rate For Calcs": NaN,
        "Normalized EBITDA": NaN,
        "Total Unusual Items": NaN,
        "Total Unusual Items Excluding Goodwill": NaN,
        "Net Income From Continuing Operation Net Minority Interest": NaN,
        "Reconciled Depreciation": NaN,
        "Reconciled Cost Of Revenue": NaN,
        "EBITDA": NaN,
        "EBIT": NaN,
        "Net Interest Income": NaN,
        "Interest Expense": NaN,
        "Interest Income": NaN,
        "Normalized Income": NaN,
        "Net Income From Continuing And Discontinued Operation": NaN,
        "Total Expenses": NaN,
        "Total Operating Income As Reported": NaN,
        "Diluted Average Shares": 12763415.0,
        "Basic Average Shares": 12763415.0,
        "Diluted EPS": 0.41,
        "Basic EPS": 0.41,
        "Diluted NI Availto Com Stockholders": NaN,
        "Net Income Common Stockholders": NaN,
        "Net Income": NaN,
        "Minority Interests": NaN,
        "Net Income Including Noncontrolling Interests": NaN,
        "Net Income Discontinuous Operations": 73000.0,
        "Net Income Continuous Operations": NaN,
        "Tax Provision": NaN,
        "Pretax Income": NaN,
        "Other Income Expense": NaN,
        "Other Non Operating Income Expenses": NaN,
        "Earnings From Equity Interest": NaN,
        "Gain On Sale Of Security": NaN,
        "Net Non Operating Interest Income Expense": NaN,
        "Total Other Finance Cost": NaN,
        "Interest Expense Non Operating": NaN,
        "Interest Income Non Operating": NaN,
        "Operating Income": NaN,
        "Operating Expense": NaN,
        "Research And Development": NaN,
        "Selling General And Administration": NaN,
        "General And Administrative Expense": NaN,
        "Other Gand A": NaN,
        "Gross Profit": NaN,
        "Cost Of Revenue": NaN,
        "Total Revenue": NaN,
        "Operating Revenue": NaN
    },
    "2023-06-30": {
        "Tax Effect Of Unusual Items": NaN,
        "Tax Rate For Calcs": NaN,
        "Normalized EBITDA": NaN,
        "Total Unusual Items": NaN,
        "Total Unusual Items Excluding Goodwill": NaN,
        "Net Income From Continuing Operation Net Minority Interest": NaN,
        "Reconciled Depreciation": NaN,
        "Reconciled Cost Of Revenue": NaN,
        "EBITDA": NaN,
        "EBIT": NaN,
        "Net Interest Income": NaN,
        "Interest Expense": NaN,
        "Interest Income": NaN,
        "Normalized Income": NaN,
        "Net Income From Continuing And Discontinued Operation": NaN,
        "Total Expenses": NaN,
        "Total Operating Income As Reported": NaN,
        "Diluted Average Shares": NaN,
        "Basic Average Shares": NaN,
        "Diluted EPS": NaN,
        "Basic EPS": NaN,
        "Diluted NI Availto Com Stockholders": NaN,
        "Net Income Common Stockholders": NaN,
        "Net Income": NaN,
        "Minority Interests": NaN,
        "Net Income Including Noncontrolling Interests": NaN,
        "Net Income Discontinuous Operations": -245000.0,
        "Net Income Continuous Operations": NaN,
        "Tax Provision": NaN,
        "Pretax Income": NaN,
        "Other Income Expense": NaN,
        "Other Non Operating Income Expenses": NaN,
        "Earnings From Equity Interest": NaN,
        "Gain On Sale Of Security": NaN,
        "Net Non Operating Interest Income Expense": NaN,
        "Total Other Finance Cost": NaN,
        "Interest Expense Non Operating": NaN,
        "Interest Income Non Operating": NaN,
        "Operating Income": NaN,
        "Operating Expense": NaN,
        "Research And Development": NaN,
        "Selling General And Administration": NaN,
        "General And Administrative Expense": NaN,
        "Other Gand A": NaN,
        "Gross Profit": NaN,
        "Cost Of Revenue": NaN,
        "Total Revenue": NaN,
        "Operating Revenue": NaN
    },
    "2023-03-31": {
        "Tax Effect Of Unusual Items": NaN,
        "Tax Rate For Calcs": NaN,
        "Normalized EBITDA": NaN,
        "Total Unusual Items": NaN,
        "Total Unusual Items Excluding Goodwill": NaN,
        "Net Income From Continuing Operation Net Minority Interest": NaN,
        "Reconciled Depreciation": NaN,
        "Reconciled Cost Of Revenue": NaN,
        "EBITDA": NaN,
        "EBIT": NaN,
        "Net Interest Income": NaN,
        "Interest Expense": NaN,
        "Interest Income": NaN,
        "Normalized Income": NaN,
        "Net Income From Continuing And Discontinued Operation": NaN,
        "Total Expenses": NaN,
        "Total Operating Income As Reported": NaN,
        "Diluted Average Shares": NaN,
        "Basic Average Shares": NaN,
        "Diluted EPS": NaN,
        "Basic EPS": NaN,
        "Diluted NI Availto Com Stockholders": NaN,
        "Net Income Common Stockholders": NaN,
        "Net Income": NaN,
        "Minority Interests": NaN,
        "Net Income Including Noncontrolling Interests": NaN,
        "Net Income Discontinuous Operations": 242000.0,
        "Net Income Continuous Operations": NaN,
        "Tax Provision": NaN,
        "Pretax Income": NaN,
        "Other Income Expense": NaN,
        "Earnings From Equity Interest": NaN,
        "Gain On Sale Of Security": NaN,
        "Net Non Operating Interest Income Expense": NaN,
        "Total Other Finance Cost": NaN,
        "Interest Expense Non Operating": NaN,
        "Interest Income Non Operating": NaN,
        "Operating Income": NaN,
        "Operating Expense": NaN,
        "Research And Development": NaN,
        "Selling General And Administration": NaN,
        "General And Administrative Expense": NaN,
        "Other Gand A": NaN,
        "Gross Profit": NaN,
        "Cost Of Revenue": NaN,
        "Total Revenue": NaN,
        "Operating Revenue": NaN
    },
    "2022-12-31": {
        "Tax Effect Of Unusual Items": 327765.690377,
        "Tax Rate For Calcs": 0.058197,
        "Normalized EBITDA": 2864000.0,
        "Total Unusual Items": 5632000.0,
        "Total Unusual Items Excluding Goodwill": 5632000.0,
        "Net Income From Continuing Operation Net Minority Interest": 3429000.0,
        "Reconciled Depreciation": 4241000.0,
        "Reconciled Cost Of Revenue": 9901000.0,
        "EBITDA": 8496000.0,
        "EBIT": 4255000.0,
        "Net Interest Income": -357000.0,
        "Interest Expense": 1626000.0,
        "Interest Income": 868000.0,
        "Normalized Income": -1875234.309623,
        "Net Income From Continuing And Discontinued Operation": 3429000.0,
        "Total Expenses": 11931000.0,
        "Total Operating Income As Reported": -2646000.0,
        "Diluted Average Shares": 12700000.0,
        "Basic Average Shares": 12700000.0,
        "Diluted EPS": 0.27,
        "Basic EPS": 0.27,
        "Diluted NI Availto Com Stockholders": 3429000.0,
        "Net Income Common Stockholders": 3429000.0,
        "Net Income": 3429000.0,
        "Minority Interests": 953000.0,
        "Net Income Including Noncontrolling Interests": 2476000.0,
        "Net Income Continuous Operations": 2476000.0,
        "Tax Provision": 153000.0,
        "Pretax Income": 2629000.0,
        "Other Income Expense": 6282000.0,
        "Earnings From Equity Interest": 650000.0,
        "Gain On Sale Of Security": 5632000.0,
        "Net Non Operating Interest Income Expense": -357000.0,
        "Total Other Finance Cost": -401000.0,
        "Interest Expense Non Operating": 1626000.0,
        "Interest Income Non Operating": 868000.0,
        "Operating Income": -3296000.0,
        "Operating Expense": 2030000.0,
        "Research And Development": 1104000.0,
        "Selling General And Administration": 926000.0,
        "General And Administrative Expense": 926000.0,
        "Other Gand A": -1225000.0,
        "Gross Profit": -1266000.0,
        "Cost Of Revenue": 9901000.0,
        "Total Revenue": 8635000.0,
        "Operating Revenue": 8635000.0
    },
    "2024-03-31": {
        "Tax Effect Of Unusual Items": NaN,
        "Tax Rate For Calcs": NaN,
        "Normalized EBITDA": NaN,
        "Total Unusual Items": NaN,
        "Total Unusual Items Excluding Goodwill": NaN,
        "Net Income From Continuing Operation Net Minority Interest": NaN,
        "Reconciled Depreciation": NaN,
        "Reconciled Cost Of Revenue": NaN,
        "EBITDA": NaN,
        "EBIT": NaN,
        "Net Interest Income": NaN,
        "Interest Expense": NaN,
        "Interest Income": 631000.0,
        "Normalized Income": NaN,
        "Net Income From Continuing And Discontinued Operation": NaN,
        "Total Expenses": NaN,
        "Total Operating Income As Reported": NaN,
        "Diluted Average Shares": NaN,
        "Basic Average Shares": NaN,
        "Diluted EPS": NaN,
        "Basic EPS": NaN,
        "Diluted NI Availto Com Stockholders": NaN,
        "Net Income Common Stockholders": NaN,
        "Net Income": NaN,
        "Minority Interests": NaN,
        "Net Income Including Noncontrolling Interests": NaN,
        "Net Income Discontinuous Operations": NaN,
        "Net Income Continuous Operations": NaN,
        "Tax Provision": NaN,
        "Pretax Income": NaN,
        "Other Income Expense": NaN,
        "Other Non Operating Income Expenses": NaN,
        "Earnings From Equity Interest": NaN,
        "Gain On Sale Of Security": NaN,
        "Net Non Operating Interest Income Expense": NaN,
        "Total Other Finance Cost": NaN,
        "Interest Expense Non Operating": NaN,
        "Interest Income Non Operating": 631000.0,
        "Operating Income": NaN,
        "Operating Expense": NaN,
        "Other Operating Expenses": NaN,
        "Research And Development": NaN,
        "Selling General And Administration": NaN,
        "General And Administrative Expense": NaN,
        "Other Gand A": NaN,
        "Gross Profit": NaN,
        "Cost Of Revenue": NaN,
        "Total Revenue": NaN,
        "Operating Revenue": NaN
    },
    "2024-06-30": {
        "Tax Effect Of Unusual Items": 532680.0,
        "Tax Rate For Calcs": 0.23,
        "Normalized EBITDA": 6738000.0,
        "Total Unusual Items": 2316000.0,
        "Total Unusual Items Excluding Goodwill": 2316000.0,
        "Net Income From Continuing Operation Net Minority Interest": 1788000.0,
        "Reconciled Depreciation": 4195000.0,
        "Reconciled Cost Of Revenue": 9136000.0,
        "EBITDA": 9054000.0,
        "EBIT": 4859000.0,
        "Net Interest Income": -1614000.0,
        "Interest Expense": 3837000.0,
        "Interest Income": 2383000.0,
        "Normalized Income": 4680.0,
        "Net Income From Continuing And Discontinued Operation": 2179000.0,
        "Total Expenses": 11416000.0,
        "Total Operating Income As Reported": 320000.0,
        "Diluted Average Shares": 12852585.0,
        "Basic Average Shares": 12852585.0,
        "Diluted EPS": 0.02,
        "Basic EPS": 0.04,
        "Diluted NI Availto Com Stockholders": 2179000.0,
        "Net Income Common Stockholders": 2179000.0,
        "Net Income": 2179000.0,
        "Minority Interests": 606000.0,
        "Net Income Including Noncontrolling Interests": 1573000.0,
        "Net Income Discontinuous Operations": 391000.0,
        "Net Income Continuous Operations": 1182000.0,
        "Tax Provision": -160000.0,
        "Pretax Income": 1022000.0,
        "Other Income Expense": 2839000.0,
        "Other Non Operating Income Expenses": NaN,
        "Earnings From Equity Interest": 523000.0,
        "Gain On Sale Of Security": 2316000.0,
        "Net Non Operating Interest Income Expense": -1614000.0,
        "Total Other Finance Cost": 160000.0,
        "Interest Expense Non Operating": 3837000.0,
        "Interest Income Non Operating": 2383000.0,
        "Operating Income": -203000.0,
        "Operating Expense": 2280000.0,
        "Other Operating Expenses": NaN,
        "Research And Development": 866000.0,
        "Selling General And Administration": 1414000.0,
        "General And Administrative Expense": 1414000.0,
        "Other Gand A": 1414000.0,
        "Gross Profit": 2077000.0,
        "Cost Of Revenue": 9136000.0,
        "Total Revenue": 11213000.0,
        "Operating Revenue": 11213000.0
    },
    "2024-09-30": {
        "Tax Effect Of Unusual Items": -10923.54578,
        "Tax Rate For Calcs": 0.121373,
        "Normalized EBITDA": 15455000.0,
        "Total Unusual Items": -90000.0,
        "Total Unusual Items Excluding Goodwill": -90000.0,
        "Net Income From Continuing Operation Net Minority Interest": 6104000.0,
        "Reconciled Depreciation": 4111000.0,
        "Reconciled Cost Of Revenue": 9093000.0,
        "EBITDA": 15365000.0,
        "EBIT": 11254000.0,
        "Net Interest Income": 701000.0,
        "Interest Expense": 3707000.0,
        "Interest Income": 4553000.0,
        "Normalized Income": 6183076.45422,
        "Net Income From Continuing And Discontinued Operation": 6104000.0,
        "Total Expenses": 11768000.0,
        "Total Operating Income As Reported": 6936000.0,
        "Diluted Average Shares": 12987234.0,
        "Basic Average Shares": 12987234.0,
        "Diluted EPS": 0.47,
        "Basic EPS": 0.47,
        "Diluted NI Availto Com Stockholders": 6104000.0,
        "Net Income Common Stockholders": 6104000.0,
        "Net Income": 6104000.0,
        "Minority Interests": -527000.0,
        "Net Income Including Noncontrolling Interests": 6631000.0,
        "Net Income Discontinuous Operations": 0.0,
        "Net Income Continuous Operations": 6631000.0,
        "Tax Provision": 916000.0,
        "Pretax Income": 7547000.0,
        "Other Income Expense": 6281000.0,
        "Other Non Operating Income Expenses": 2885000.0,
        "Earnings From Equity Interest": 3486000.0,
        "Gain On Sale Of Security": -90000.0,
        "Net Non Operating Interest Income Expense": 701000.0,
        "Total Other Finance Cost": 145000.0,
        "Interest Expense Non Operating": 3707000.0,
        "Interest Income Non Operating": 4553000.0,
        "Operating Income": 565000.0,
        "Operating Expense": 2675000.0,
        "Other Operating Expenses": NaN,
        "Research And Development": 1030000.0,
        "Selling General And Administration": 1645000.0,
        "General And Administrative Expense": 1645000.0,
        "Other Gand A": 1645000.0,
        "Gross Profit": 3240000.0,
        "Cost Of Revenue": 9093000.0,
        "Total Revenue": 12333000.0,
        "Operating Revenue": 12333000.0
    },
    "2024-12-31": {
        "Tax Effect Of Unusual Items": -926662.773723,
        "Tax Rate For Calcs": 0.098686,
        "Normalized EBITDA": 2985000.0,
        "Total Unusual Items": -9390000.0,
        "Total Unusual Items Excluding Goodwill": -9390000.0,
        "Net Income From Continuing Operation Net Minority Interest": -11252000.0,
        "Reconciled Depreciation": 3545000.0,
        "Reconciled Cost Of Revenue": 8843000.0,
        "EBITDA": -6405000.0,
        "EBIT": -9950000.0,
        "Net Interest Income": -8262000.0,
        "Interest Expense": 3750000.0,
        "Interest Income": -4482000.0,
        "Normalized Income": -2788662.773723,
        "Net Income From Continuing And Discontinued Operation": -11194000.0,
        "Total Expenses": 7608000.0,
        "Total Operating Income As Reported": 3952000.0,
        "Diluted Average Shares": 12808235.0,
        "Basic Average Shares": 12808235.0,
        "Diluted EPS": -0.85,
        "Basic EPS": -0.85,
        "Diluted NI Availto Com Stockholders": -11194000.0,
        "Net Income Common Stockholders": -11194000.0,
        "Net Income": -11194000.0,
        "Minority Interests": 1096000.0,
        "Net Income Including Noncontrolling Interests": -12290000.0,
        "Net Income Discontinuous Operations": 58000.0,
        "Net Income Continuous Operations": -12348000.0,
        "Tax Provision": -1352000.0,
        "Pretax Income": -13700000.0,
        "Other Income Expense": -6508000.0,
        "Other Non Operating Income Expenses": NaN,
        "Earnings From Equity Interest": 5767000.0,
        "Gain On Sale Of Security": -9390000.0,
        "Net Non Operating Interest Income Expense": -8262000.0,
        "Total Other Finance Cost": 30000.0,
        "Interest Expense Non Operating": 3750000.0,
        "Interest Income Non Operating": -4482000.0,
        "Operating Income": 1070000.0,
        "Operating Expense": -1235000.0,
        "Other Operating Expenses": NaN,
        "Research And Development": 790000.0,
        "Selling General And Administration": 1384000.0,
        "General And Administrative Expense": 1384000.0,
        "Other Gand A": -464000.0,
        "Gross Profit": -165000.0,
        "Cost Of Revenue": 8843000.0,
        "Total Revenue": 8678000.0,
        "Operating Revenue": 8678000.0
    },
    "2025-03-31": {
        "Tax Effect Of Unusual Items": -86480.0,
        "Tax Rate For Calcs": 0.23,
        "Normalized EBITDA": 14102000.0,
        "Total Unusual Items": -376000.0,
        "Total Unusual Items Excluding Goodwill": -376000.0,
        "Net Income From Continuing Operation Net Minority Interest": 7994000.0,
        "Reconciled Depreciation": 4238000.0,
        "Reconciled Cost Of Revenue": 8865000.0,
        "EBITDA": 13726000.0,
        "EBIT": 9488000.0,
        "Net Interest Income": 7597000.0,
        "Interest Expense": 3592000.0,
        "Interest Income": 11483000.0,
        "Normalized Income": 8283520.0,
        "Net Income From Continuing And Discontinued Operation": 7994000.0,
        "Total Expenses": 11374000.0,
        "Total Operating Income As Reported": -1325000.0,
        "Diluted Average Shares": 12893548.0,
        "Basic Average Shares": 12893548.0,
        "Diluted EPS": 0.62,
        "Basic EPS": 0.62,
        "Diluted NI Availto Com Stockholders": 7994000.0,
        "Net Income Common Stockholders": 7994000.0,
        "Net Income": 7994000.0,
        "Minority Interests": 1176000.0,
        "Net Income Including Noncontrolling Interests": 6818000.0,
        "Net Income Discontinuous Operations": 0.0,
        "Net Income Continuous Operations": 6818000.0,
        "Tax Provision": -922000.0,
        "Pretax Income": 5896000.0,
        "Other Income Expense": 813000.0,
        "Other Non Operating Income Expenses": NaN,
        "Earnings From Equity Interest": 1189000.0,
        "Gain On Sale Of Security": -376000.0,
        "Net Non Operating Interest Income Expense": 7597000.0,
        "Total Other Finance Cost": 294000.0,
        "Interest Expense Non Operating": 3592000.0,
        "Interest Income Non Operating": 11483000.0,
        "Operating Income": -2514000.0,
        "Operating Expense": 2509000.0,
        "Other Operating Expenses": -198000.0,
        "Research And Development": 1045000.0,
        "Selling General And Administration": 1662000.0,
        "General And Administrative Expense": 1662000.0,
        "Other Gand A": 1662000.0,
        "Gross Profit": -5000.0,
        "Cost Of Revenue": 8865000.0,
        "Total Revenue": 8860000.0,
        "Operating Revenue": 8860000.0
    },
    "2025-06-30": {
        "Tax Effect Of Unusual Items": 74860.434924,
        "Tax Rate For Calcs": 0.091853,
        "Normalized EBITDA": 2938000.0,
        "Total Unusual Items": 815000.0,
        "Total Unusual Items Excluding Goodwill": 815000.0,
        "Net Income From Continuing Operation Net Minority Interest": -7684000.0,
        "Reconciled Depreciation": 4250000.0,
        "Reconciled Cost Of Revenue": 8829000.0,
        "EBITDA": 3753000.0,
        "EBIT": -497000.0,
        "Net Interest Income": -9014000.0,
        "Interest Expense": 8746000.0,
        "Interest Income": NaN,
        "Normalized Income": -8424139.565076,
        "Net Income From Continuing And Discontinued Operation": -7684000.0,
        "Total Expenses": 11143000.0,
        "Total Operating Income As Reported": -1044000.0,
        "Diluted Average Shares": 12806667.0,
        "Basic Average Shares": 12806667.0,
        "Diluted EPS": -0.6,
        "Basic EPS": -0.6,
        "Diluted NI Availto Com Stockholders": -7684000.0,
        "Net Income Common Stockholders": -7684000.0,
        "Net Income": -7684000.0,
        "Minority Interests": 710000.0,
        "Net Income Including Noncontrolling Interests": -8394000.0,
        "Net Income Discontinuous Operations": 0.0,
        "Net Income Continuous Operations": -8394000.0,
        "Tax Provision": -849000.0,
        "Pretax Income": -9243000.0,
        "Other Income Expense": -362000.0,
        "Other Non Operating Income Expenses": NaN,
        "Earnings From Equity Interest": -1177000.0,
        "Gain On Sale Of Security": 815000.0,
        "Net Non Operating Interest Income Expense": -9014000.0,
        "Total Other Finance Cost": 268000.0,
        "Interest Expense Non Operating": 8746000.0,
        "Interest Income Non Operating": NaN,
        "Operating Income": 133000.0,
        "Operating Expense": 2314000.0,
        "Other Operating Expenses": -1233000.0,
        "Research And Development": 1825000.0,
        "Selling General And Administration": 1722000.0,
        "General And Administrative Expense": 1722000.0,
        "Other Gand A": 1722000.0,
        "Gross Profit": 2447000.0,
        "Cost Of Revenue": 8829000.0,
        "Total Revenue": 11276000.0,
        "Operating Revenue": 11276000.0
    }
}