{
    "2023-09-30": {
        "Tax Effect Of Unusual Items": NaN,
        "Tax Rate For Calcs": NaN,
        "Normalized EBITDA": NaN,
        "Total Unusual Items": NaN,
        "Total Unusual Items Excluding Goodwill": NaN,
        "Net Income From Continuing Operation Net Minority Interest": NaN,
        "Reconciled Depreciation": NaN,
        "Reconciled Cost Of Revenue": NaN,
        "EBITDA": NaN,
        "EBIT": NaN,
        "Net Interest Income": NaN,
        "Interest Expense": NaN,
        "Interest Income": NaN,
        "Normalized Income": NaN,
        "Net Income From Continuing And Discontinued Operation": NaN,
        "Total Expenses": NaN,
        "Total Operating Income As Reported": 128739000.0,
        "Diluted Average Shares": NaN,
        "Basic Average Shares": NaN,
        "Diluted EPS": NaN,
        "Basic EPS": NaN,
        "Diluted NI Availto Com Stockholders": NaN,
        "Net Income Common Stockholders": NaN,
        "Net Income": NaN,
        "Minority Interests": NaN,
        "Net Income Including Noncontrolling Interests": NaN,
        "Net Income Discontinuous Operations": NaN,
        "Net Income Continuous Operations": NaN,
        "Tax Provision": NaN,
        "Pretax Income": NaN,
        "Other Income Expense": NaN,
        "Special Income Charges": 21659000.0,
        "Other Special Charges": -21659000.0,
        "Earnings From Equity Interest": NaN,
        "Gain On Sale Of Security": NaN,
        "Net Non Operating Interest Income Expense": NaN,
        "Total Other Finance Cost": NaN,
        "Interest Expense Non Operating": NaN,
        "Interest Income Non Operating": NaN,
        "Operating Income": NaN,
        "Operating Expense": NaN,
        "Other Operating Expenses": NaN,
        "Other Taxes": NaN,
        "Provision For Doubtful Accounts": 31805000.0,
        "Depreciation Amortization Depletion Income Statement": NaN,
        "Depreciation And Amortization In Income Statement": NaN,
        "Selling General And Administration": NaN,
        "Selling And Marketing Expense": 9604000.0,
        "General And Administrative Expense": NaN,
        "Other Gand A": 104918000.0,
        "Salaries And Wages": NaN,
        "Gross Profit": NaN,
        "Cost Of Revenue": NaN,
        "Total Revenue": NaN,
        "Operating Revenue": NaN
    },
    "2023-06-30": {
        "Tax Effect Of Unusual Items": NaN,
        "Tax Rate For Calcs": NaN,
        "Normalized EBITDA": NaN,
        "Total Unusual Items": NaN,
        "Total Unusual Items Excluding Goodwill": NaN,
        "Net Income From Continuing Operation Net Minority Interest": NaN,
        "Reconciled Depreciation": NaN,
        "Reconciled Cost Of Revenue": NaN,
        "EBITDA": NaN,
        "EBIT": NaN,
        "Net Interest Income": NaN,
        "Interest Expense": NaN,
        "Interest Income": NaN,
        "Normalized Income": NaN,
        "Net Income From Continuing And Discontinued Operation": NaN,
        "Total Expenses": NaN,
        "Total Operating Income As Reported": NaN,
        "Diluted Average Shares": NaN,
        "Basic Average Shares": NaN,
        "Diluted EPS": NaN,
        "Basic EPS": NaN,
        "Diluted NI Availto Com Stockholders": NaN,
        "Net Income Common Stockholders": NaN,
        "Net Income": NaN,
        "Minority Interests": NaN,
        "Net Income Including Noncontrolling Interests": NaN,
        "Net Income Discontinuous Operations": NaN,
        "Net Income Continuous Operations": NaN,
        "Tax Provision": NaN,
        "Pretax Income": NaN,
        "Other Income Expense": NaN,
        "Special Income Charges": 0.0,
        "Other Special Charges": NaN,
        "Earnings From Equity Interest": NaN,
        "Gain On Sale Of Security": NaN,
        "Net Non Operating Interest Income Expense": NaN,
        "Total Other Finance Cost": NaN,
        "Interest Expense Non Operating": NaN,
        "Interest Income Non Operating": NaN,
        "Operating Income": NaN,
        "Operating Expense": NaN,
        "Other Operating Expenses": NaN,
        "Other Taxes": NaN,
        "Depreciation Amortization Depletion Income Statement": NaN,
        "Depreciation And Amortization In Income Statement": NaN,
        "Selling General And Administration": NaN,
        "Selling And Marketing Expense": NaN,
        "General And Administrative Expense": NaN,
        "Other Gand A": NaN,
        "Salaries And Wages": NaN,
        "Gross Profit": NaN,
        "Cost Of Revenue": NaN,
        "Total Revenue": NaN,
        "Operating Revenue": NaN
    },
    "2023-03-31": {
        "Tax Effect Of Unusual Items": NaN,
        "Tax Rate For Calcs": NaN,
        "Normalized EBITDA": NaN,
        "Total Unusual Items": NaN,
        "Total Unusual Items Excluding Goodwill": NaN,
        "Net Income From Continuing Operation Net Minority Interest": NaN,
        "Reconciled Depreciation": NaN,
        "Reconciled Cost Of Revenue": NaN,
        "EBITDA": NaN,
        "EBIT": NaN,
        "Net Interest Income": NaN,
        "Interest Expense": NaN,
        "Interest Income": NaN,
        "Normalized Income": NaN,
        "Net Income From Continuing And Discontinued Operation": NaN,
        "Total Expenses": NaN,
        "Total Operating Income As Reported": NaN,
        "Diluted Average Shares": NaN,
        "Basic Average Shares": NaN,
        "Diluted EPS": NaN,
        "Basic EPS": NaN,
        "Diluted NI Availto Com Stockholders": NaN,
        "Net Income Common Stockholders": NaN,
        "Net Income": NaN,
        "Minority Interests": NaN,
        "Net Income Including Noncontrolling Interests": NaN,
        "Net Income Discontinuous Operations": NaN,
        "Net Income Continuous Operations": NaN,
        "Tax Provision": NaN,
        "Pretax Income": NaN,
        "Other Income Expense": NaN,
        "Special Income Charges": NaN,
        "Other Special Charges": -15979000.0,
        "Earnings From Equity Interest": NaN,
        "Gain On Sale Of Security": NaN,
        "Net Non Operating Interest Income Expense": NaN,
        "Total Other Finance Cost": NaN,
        "Interest Expense Non Operating": NaN,
        "Interest Income Non Operating": NaN,
        "Operating Income": NaN,
        "Operating Expense": NaN,
        "Other Operating Expenses": NaN,
        "Other Taxes": NaN,
        "Depreciation Amortization Depletion Income Statement": NaN,
        "Depreciation And Amortization In Income Statement": NaN,
        "Selling General And Administration": NaN,
        "Selling And Marketing Expense": 12631000.0,
        "General And Administrative Expense": NaN,
        "Other Gand A": 86477000.0,
        "Salaries And Wages": NaN,
        "Gross Profit": NaN,
        "Cost Of Revenue": NaN,
        "Total Revenue": NaN,
        "Operating Revenue": NaN
    },
    "2022-12-31": {
        "Tax Effect Of Unusual Items": NaN,
        "Tax Rate For Calcs": NaN,
        "Normalized EBITDA": NaN,
        "Total Unusual Items": NaN,
        "Total Unusual Items Excluding Goodwill": NaN,
        "Net Income From Continuing Operation Net Minority Interest": NaN,
        "Reconciled Depreciation": NaN,
        "Reconciled Cost Of Revenue": NaN,
        "EBITDA": NaN,
        "EBIT": NaN,
        "Net Interest Income": NaN,
        "Interest Expense": NaN,
        "Interest Income": NaN,
        "Normalized Income": NaN,
        "Net Income From Continuing And Discontinued Operation": NaN,
        "Total Expenses": NaN,
        "Total Operating Income As Reported": NaN,
        "Diluted Average Shares": NaN,
        "Basic Average Shares": NaN,
        "Diluted EPS": NaN,
        "Basic EPS": NaN,
        "Diluted NI Availto Com Stockholders": NaN,
        "Net Income Common Stockholders": NaN,
        "Net Income": NaN,
        "Minority Interests": NaN,
        "Net Income Including Noncontrolling Interests": NaN,
        "Net Income Discontinuous Operations": 0.0,
        "Net Income Continuous Operations": NaN,
        "Tax Provision": NaN,
        "Pretax Income": NaN,
        "Other Income Expense": NaN,
        "Special Income Charges": NaN,
        "Other Special Charges": NaN,
        "Earnings From Equity Interest": NaN,
        "Gain On Sale Of Security": NaN,
        "Net Non Operating Interest Income Expense": NaN,
        "Total Other Finance Cost": NaN,
        "Interest Expense Non Operating": NaN,
        "Interest Income Non Operating": NaN,
        "Operating Income": NaN,
        "Operating Expense": NaN,
        "Other Operating Expenses": 1671088000.0,
        "Other Taxes": NaN,
        "Depreciation Amortization Depletion Income Statement": NaN,
        "Depreciation And Amortization In Income Statement": NaN,
        "Selling General And Administration": NaN,
        "Selling And Marketing Expense": NaN,
        "General And Administrative Expense": NaN,
        "Other Gand A": NaN,
        "Salaries And Wages": NaN,
        "Gross Profit": NaN,
        "Cost Of Revenue": NaN,
        "Total Revenue": NaN,
        "Operating Revenue": NaN
    },
    "2023-12-31": {
        "Tax Effect Of Unusual Items": NaN,
        "Tax Rate For Calcs": NaN,
        "Normalized EBITDA": NaN,
        "Total Unusual Items": NaN,
        "Total Unusual Items Excluding Goodwill": NaN,
        "Net Income From Continuing Operation Net Minority Interest": NaN,
        "Reconciled Depreciation": NaN,
        "Reconciled Cost Of Revenue": NaN,
        "EBITDA": NaN,
        "EBIT": NaN,
        "Net Interest Income": NaN,
        "Interest Expense": NaN,
        "Interest Income": NaN,
        "Normalized Income": NaN,
        "Net Income From Continuing And Discontinued Operation": NaN,
        "Total Expenses": NaN,
        "Total Operating Income As Reported": NaN,
        "Diluted Average Shares": NaN,
        "Basic Average Shares": NaN,
        "Diluted EPS": NaN,
        "Basic EPS": NaN,
        "Diluted NI Availto Com Stockholders": NaN,
        "Net Income Common Stockholders": NaN,
        "Net Income": NaN,
        "Minority Interests": NaN,
        "Net Income Including Noncontrolling Interests": NaN,
        "Net Income Discontinuous Operations": NaN,
        "Net Income Continuous Operations": NaN,
        "Tax Provision": NaN,
        "Pretax Income": NaN,
        "Other Income Expense": NaN,
        "Special Income Charges": -28127000.0,
        "Other Special Charges": 28127000.0,
        "Earnings From Equity Interest": NaN,
        "Gain On Sale Of Security": NaN,
        "Net Non Operating Interest Income Expense": NaN,
        "Total Other Finance Cost": NaN,
        "Interest Expense Non Operating": NaN,
        "Interest Income Non Operating": NaN,
        "Operating Income": NaN,
        "Operating Expense": NaN,
        "Other Operating Expenses": NaN,
        "Other Taxes": NaN,
        "Provision For Doubtful Accounts": 222116000.0,
        "Depreciation Amortization Depletion Income Statement": NaN,
        "Depreciation And Amortization In Income Statement": NaN,
        "Selling General And Administration": NaN,
        "Selling And Marketing Expense": 83000.0,
        "General And Administrative Expense": NaN,
        "Other Gand A": 79510000.0,
        "Salaries And Wages": NaN,
        "Gross Profit": NaN,
        "Cost Of Revenue": NaN,
        "Total Revenue": NaN,
        "Operating Revenue": NaN
    },
    "2022-09-30": {
        "Tax Effect Of Unusual Items": NaN,
        "Tax Rate For Calcs": NaN,
        "Normalized EBITDA": NaN,
        "Total Unusual Items": NaN,
        "Total Unusual Items Excluding Goodwill": NaN,
        "Net Income From Continuing Operation Net Minority Interest": NaN,
        "Reconciled Depreciation": NaN,
        "Reconciled Cost Of Revenue": NaN,
        "EBITDA": NaN,
        "EBIT": NaN,
        "Net Interest Income": NaN,
        "Interest Expense": NaN,
        "Interest Income": NaN,
        "Normalized Income": NaN,
        "Net Income From Continuing And Discontinued Operation": NaN,
        "Total Expenses": NaN,
        "Total Operating Income As Reported": 575585000.0,
        "Diluted Average Shares": 684302985.0,
        "Basic Average Shares": 684302985.0,
        "Diluted EPS": 0.557955,
        "Basic EPS": 0.557955,
        "Diluted NI Availto Com Stockholders": NaN,
        "Net Income Common Stockholders": NaN,
        "Net Income": NaN,
        "Minority Interests": NaN,
        "Net Income Including Noncontrolling Interests": NaN,
        "Net Income Discontinuous Operations": NaN,
        "Net Income Continuous Operations": NaN,
        "Tax Provision": NaN,
        "Pretax Income": NaN,
        "Other Income Expense": NaN,
        "Special Income Charges": -20024000.0,
        "Other Special Charges": 20024000.0,
        "Earnings From Equity Interest": NaN,
        "Gain On Sale Of Security": NaN,
        "Net Non Operating Interest Income Expense": NaN,
        "Total Other Finance Cost": NaN,
        "Interest Expense Non Operating": NaN,
        "Interest Income Non Operating": NaN,
        "Operating Income": NaN,
        "Operating Expense": NaN,
        "Other Operating Expenses": NaN,
        "Other Taxes": NaN,
        "Depreciation Amortization Depletion Income Statement": NaN,
        "Depreciation And Amortization In Income Statement": NaN,
        "Selling General And Administration": 241377000.0,
        "Selling And Marketing Expense": 38819000.0,
        "General And Administrative Expense": 202558000.0,
        "Other Gand A": 202558000.0,
        "Salaries And Wages": NaN,
        "Gross Profit": NaN,
        "Cost Of Revenue": NaN,
        "Total Revenue": NaN,
        "Operating Revenue": NaN
    },
    "2024-03-31": {
        "Tax Effect Of Unusual Items": NaN,
        "Tax Rate For Calcs": NaN,
        "Normalized EBITDA": NaN,
        "Total Unusual Items": NaN,
        "Total Unusual Items Excluding Goodwill": NaN,
        "Net Income From Continuing Operation Net Minority Interest": NaN,
        "Reconciled Depreciation": NaN,
        "Reconciled Cost Of Revenue": NaN,
        "EBITDA": NaN,
        "EBIT": NaN,
        "Net Interest Income": NaN,
        "Interest Expense": NaN,
        "Interest Income": NaN,
        "Normalized Income": NaN,
        "Net Income From Continuing And Discontinued Operation": NaN,
        "Total Expenses": NaN,
        "Total Operating Income As Reported": NaN,
        "Diluted Average Shares": NaN,
        "Basic Average Shares": NaN,
        "Diluted EPS": NaN,
        "Basic EPS": NaN,
        "Diluted NI Availto Com Stockholders": NaN,
        "Net Income Common Stockholders": NaN,
        "Net Income": NaN,
        "Minority Interests": NaN,
        "Net Income Including Noncontrolling Interests": NaN,
        "Net Income Discontinuous Operations": NaN,
        "Net Income Continuous Operations": NaN,
        "Tax Provision": NaN,
        "Pretax Income": NaN,
        "Other Income Expense": NaN,
        "Special Income Charges": NaN,
        "Other Special Charges": NaN,
        "Earnings From Equity Interest": NaN,
        "Gain On Sale Of Security": NaN,
        "Net Non Operating Interest Income Expense": NaN,
        "Total Other Finance Cost": NaN,
        "Interest Expense Non Operating": NaN,
        "Interest Income Non Operating": NaN,
        "Operating Income": NaN,
        "Operating Expense": NaN,
        "Other Operating Expenses": NaN,
        "Other Taxes": NaN,
        "Provision For Doubtful Accounts": NaN,
        "Depreciation Amortization Depletion Income Statement": NaN,
        "Depreciation And Amortization In Income Statement": NaN,
        "Selling General And Administration": NaN,
        "Selling And Marketing Expense": 50531000.0,
        "General And Administrative Expense": NaN,
        "Other Gand A": 193274000.0,
        "Salaries And Wages": NaN,
        "Gross Profit": NaN,
        "Cost Of Revenue": NaN,
        "Total Revenue": NaN,
        "Operating Revenue": NaN
    },
    "2024-06-30": {
        "Tax Effect Of Unusual Items": NaN,
        "Tax Rate For Calcs": NaN,
        "Normalized EBITDA": NaN,
        "Total Unusual Items": NaN,
        "Total Unusual Items Excluding Goodwill": NaN,
        "Net Income From Continuing Operation Net Minority Interest": NaN,
        "Reconciled Depreciation": NaN,
        "Reconciled Cost Of Revenue": NaN,
        "EBITDA": NaN,
        "EBIT": NaN,
        "Net Interest Income": NaN,
        "Interest Expense": NaN,
        "Interest Income": NaN,
        "Normalized Income": NaN,
        "Net Income From Continuing And Discontinued Operation": NaN,
        "Total Expenses": NaN,
        "Total Operating Income As Reported": NaN,
        "Diluted Average Shares": NaN,
        "Basic Average Shares": NaN,
        "Diluted EPS": NaN,
        "Basic EPS": NaN,
        "Diluted NI Availto Com Stockholders": NaN,
        "Net Income Common Stockholders": NaN,
        "Net Income": NaN,
        "Minority Interests": NaN,
        "Net Income Including Noncontrolling Interests": NaN,
        "Net Income Discontinuous Operations": NaN,
        "Net Income Continuous Operations": NaN,
        "Tax Provision": NaN,
        "Pretax Income": NaN,
        "Other Income Expense": NaN,
        "Special Income Charges": -14620000.0,
        "Other Special Charges": 14620000.0,
        "Earnings From Equity Interest": NaN,
        "Gain On Sale Of Security": NaN,
        "Net Non Operating Interest Income Expense": NaN,
        "Total Other Finance Cost": NaN,
        "Interest Expense Non Operating": NaN,
        "Interest Income Non Operating": NaN,
        "Operating Income": NaN,
        "Operating Expense": NaN,
        "Other Operating Expenses": NaN,
        "Other Taxes": NaN,
        "Provision For Doubtful Accounts": NaN,
        "Depreciation Amortization Depletion Income Statement": NaN,
        "Depreciation And Amortization In Income Statement": NaN,
        "Selling General And Administration": NaN,
        "Selling And Marketing Expense": NaN,
        "General And Administrative Expense": NaN,
        "Other Gand A": NaN,
        "Salaries And Wages": NaN,
        "Gross Profit": NaN,
        "Cost Of Revenue": NaN,
        "Total Revenue": NaN,
        "Operating Revenue": NaN
    },
    "2024-09-30": {
        "Tax Effect Of Unusual Items": 39250371.629657,
        "Tax Rate For Calcs": 0.212134,
        "Normalized EBITDA": 1136661000.0,
        "Total Unusual Items": 185026000.0,
        "Total Unusual Items Excluding Goodwill": 185026000.0,
        "Net Income From Continuing Operation Net Minority Interest": 739951000.0,
        "Reconciled Depreciation": 368414000.0,
        "Reconciled Cost Of Revenue": 3722531000.0,
        "EBITDA": 1321687000.0,
        "EBIT": 953273000.0,
        "Net Interest Income": 65162000.0,
        "Interest Expense": 17352000.0,
        "Interest Income": 50720000.0,
        "Normalized Income": 594175371.629657,
        "Net Income From Continuing And Discontinued Operation": 1219660000.0,
        "Total Expenses": 4504337000.0,
        "Total Operating Income As Reported": 935921000.0,
        "Diluted Average Shares": 745702648.0,
        "Basic Average Shares": 745702648.0,
        "Diluted EPS": 1.635585,
        "Basic EPS": 1.635585,
        "Diluted NI Availto Com Stockholders": 1219660000.0,
        "Net Income Common Stockholders": 1219660000.0,
        "Net Income": 1219660000.0,
        "Minority Interests": 2571000.0,
        "Net Income Including Noncontrolling Interests": 1217089000.0,
        "Net Income Discontinuous Operations": 479709000.0,
        "Net Income Continuous Operations": 737380000.0,
        "Tax Provision": 198541000.0,
        "Pretax Income": 935921000.0,
        "Other Income Expense": 248236000.0,
        "Special Income Charges": -39642000.0,
        "Other Special Charges": 39642000.0,
        "Earnings From Equity Interest": 63210000.0,
        "Gain On Sale Of Security": 224668000.0,
        "Net Non Operating Interest Income Expense": 65162000.0,
        "Total Other Finance Cost": -31794000.0,
        "Interest Expense Non Operating": 17352000.0,
        "Interest Income Non Operating": 50720000.0,
        "Operating Income": 621762000.0,
        "Operating Expense": 781806000.0,
        "Other Operating Expenses": 35744000.0,
        "Other Taxes": 35428000.0,
        "Provision For Doubtful Accounts": NaN,
        "Depreciation Amortization Depletion Income Statement": 368414000.0,
        "Depreciation And Amortization In Income Statement": 368414000.0,
        "Selling General And Administration": 342220000.0,
        "Selling And Marketing Expense": NaN,
        "General And Administrative Expense": 342220000.0,
        "Other Gand A": NaN,
        "Salaries And Wages": 342220000.0,
        "Gross Profit": 1403568000.0,
        "Cost Of Revenue": 3722531000.0,
        "Total Revenue": 5126099000.0,
        "Operating Revenue": 5126099000.0
    },
    "2024-12-31": {
        "Tax Effect Of Unusual Items": -257655060.0,
        "Tax Rate For Calcs": 0.34,
        "Normalized EBITDA": 1758024000.0,
        "Total Unusual Items": -757809000.0,
        "Total Unusual Items Excluding Goodwill": -757809000.0,
        "Net Income From Continuing Operation Net Minority Interest": 586506000.0,
        "Reconciled Depreciation": 376281000.0,
        "Reconciled Cost Of Revenue": 5880247000.0,
        "EBITDA": 1000215000.0,
        "EBIT": 623934000.0,
        "Net Interest Income": 861492000.0,
        "Interest Expense": 78080000.0,
        "Interest Income": 7375000.0,
        "Normalized Income": 1086659940.0,
        "Net Income From Continuing And Discontinued Operation": 586506000.0,
        "Total Expenses": 5038693000.0,
        "Total Operating Income As Reported": NaN,
        "Diluted Average Shares": 744278048.0,
        "Basic Average Shares": 744278048.0,
        "Diluted EPS": 0.78802,
        "Basic EPS": 0.78802,
        "Diluted NI Availto Com Stockholders": 586506000.0,
        "Net Income Common Stockholders": 586506000.0,
        "Net Income": 586506000.0,
        "Minority Interests": 11342000.0,
        "Net Income Including Noncontrolling Interests": 575164000.0,
        "Net Income Discontinuous Operations": 0.0,
        "Net Income Continuous Operations": 575164000.0,
        "Tax Provision": -29310000.0,
        "Pretax Income": 545854000.0,
        "Other Income Expense": -702005000.0,
        "Special Income Charges": NaN,
        "Other Special Charges": NaN,
        "Earnings From Equity Interest": 55804000.0,
        "Gain On Sale Of Security": -660845000.0,
        "Net Non Operating Interest Income Expense": 861492000.0,
        "Total Other Finance Cost": -932197000.0,
        "Interest Expense Non Operating": 78080000.0,
        "Interest Income Non Operating": 7375000.0,
        "Operating Income": 2013293000.0,
        "Operating Expense": -2219081000.0,
        "Other Operating Expenses": -1308828000.0,
        "Other Taxes": 89964000.0,
        "Provision For Doubtful Accounts": NaN,
        "Depreciation Amortization Depletion Income Statement": -1001246000.0,
        "Depreciation And Amortization In Income Statement": -1001246000.0,
        "Selling General And Administration": -319908000.0,
        "Selling And Marketing Expense": NaN,
        "General And Administrative Expense": -322465000.0,
        "Other Gand A": NaN,
        "Salaries And Wages": -615460000.0,
        "Gross Profit": -205788000.0,
        "Cost Of Revenue": 7257774000.0,
        "Total Revenue": 5425060000.0,
        "Operating Revenue": 14748130000.0
    },
    "2025-03-31": {
        "Tax Effect Of Unusual Items": -131930714.957214,
        "Tax Rate For Calcs": 0.289132,
        "Normalized EBITDA": 1817457000.0,
        "Total Unusual Items": -456300000.0,
        "Total Unusual Items Excluding Goodwill": -456300000.0,
        "Net Income From Continuing Operation Net Minority Interest": 665508000.0,
        "Reconciled Depreciation": 355020000.0,
        "Reconciled Cost Of Revenue": 4080464000.0,
        "EBITDA": 1361157000.0,
        "EBIT": 1006137000.0,
        "Net Interest Income": 58008000.0,
        "Interest Expense": 71130000.0,
        "Interest Income": 122163000.0,
        "Normalized Income": 989877285.042786,
        "Net Income From Continuing And Discontinued Operation": 665508000.0,
        "Total Expenses": 4501869000.0,
        "Total Operating Income As Reported": NaN,
        "Diluted Average Shares": 742322298.0,
        "Basic Average Shares": 742322298.0,
        "Diluted EPS": 0.896522,
        "Basic EPS": 0.896522,
        "Diluted NI Availto Com Stockholders": 665508000.0,
        "Net Income Common Stockholders": 665508000.0,
        "Net Income": 665508000.0,
        "Minority Interests": 841000.0,
        "Net Income Including Noncontrolling Interests": 664667000.0,
        "Net Income Discontinuous Operations": 0.0,
        "Net Income Continuous Operations": 664667000.0,
        "Tax Provision": 270340000.0,
        "Pretax Income": 935007000.0,
        "Other Income Expense": -355884000.0,
        "Special Income Charges": -15983000.0,
        "Other Special Charges": 15983000.0,
        "Earnings From Equity Interest": 100416000.0,
        "Gain On Sale Of Security": -440317000.0,
        "Net Non Operating Interest Income Expense": 58008000.0,
        "Total Other Finance Cost": -6975000.0,
        "Interest Expense Non Operating": 71130000.0,
        "Interest Income Non Operating": 122163000.0,
        "Operating Income": 1390217000.0,
        "Operating Expense": 91372000.0,
        "Other Operating Expenses": -219364000.0,
        "Other Taxes": 38673000.0,
        "Provision For Doubtful Accounts": 72001000.0,
        "Depreciation Amortization Depletion Income Statement": 24987000.0,
        "Depreciation And Amortization In Income Statement": 24987000.0,
        "Selling General And Administration": 175075000.0,
        "Selling And Marketing Expense": 642000.0,
        "General And Administrative Expense": 174433000.0,
        "Other Gand A": 70014000.0,
        "Salaries And Wages": 104419000.0,
        "Gross Profit": 1481589000.0,
        "Cost Of Revenue": 4410497000.0,
        "Total Revenue": 5734752000.0,
        "Operating Revenue": 5734752000.0
    },
    "2025-06-30": {
        "Tax Effect Of Unusual Items": 34074832.223559,
        "Tax Rate For Calcs": 0.300264,
        "Normalized EBITDA": 1086418000.0,
        "Total Unusual Items": 113483000.0,
        "Total Unusual Items Excluding Goodwill": 113483000.0,
        "Net Income From Continuing Operation Net Minority Interest": 572140000.0,
        "Reconciled Depreciation": 361211000.0,
        "Reconciled Cost Of Revenue": 4136891000.0,
        "EBITDA": 1199901000.0,
        "EBIT": 838690000.0,
        "Net Interest Income": 109606000.0,
        "Interest Expense": 19004000.0,
        "Interest Income": 50287000.0,
        "Normalized Income": 492731832.223559,
        "Net Income From Continuing And Discontinued Operation": 572140000.0,
        "Total Expenses": 4894834000.0,
        "Total Operating Income As Reported": NaN,
        "Diluted Average Shares": 742322298.0,
        "Basic Average Shares": 742322298.0,
        "Diluted EPS": 0.770743,
        "Basic EPS": 0.770743,
        "Diluted NI Availto Com Stockholders": 572140000.0,
        "Net Income Common Stockholders": 572140000.0,
        "Net Income": 572140000.0,
        "Minority Interests": -1424000.0,
        "Net Income Including Noncontrolling Interests": 573564000.0,
        "Net Income Discontinuous Operations": 0.0,
        "Net Income Continuous Operations": 573564000.0,
        "Tax Provision": 246122000.0,
        "Pretax Income": 819686000.0,
        "Other Income Expense": 177739000.0,
        "Special Income Charges": -16313000.0,
        "Other Special Charges": 16313000.0,
        "Earnings From Equity Interest": 64256000.0,
        "Gain On Sale Of Security": 129796000.0,
        "Net Non Operating Interest Income Expense": 109606000.0,
        "Total Other Finance Cost": -78323000.0,
        "Interest Expense Non Operating": 19004000.0,
        "Interest Income Non Operating": 50287000.0,
        "Operating Income": 532341000.0,
        "Operating Expense": 757943000.0,
        "Other Operating Expenses": 60324000.0,
        "Other Taxes": 36041000.0,
        "Provision For Doubtful Accounts": NaN,
        "Depreciation Amortization Depletion Income Statement": 361211000.0,
        "Depreciation And Amortization In Income Statement": 361211000.0,
        "Selling General And Administration": 300367000.0,
        "Selling And Marketing Expense": NaN,
        "General And Administrative Expense": 300367000.0,
        "Other Gand A": NaN,
        "Salaries And Wages": 300367000.0,
        "Gross Profit": 1290284000.0,
        "Cost Of Revenue": 4136891000.0,
        "Total Revenue": 5427175000.0,
        "Operating Revenue": 5427175000.0
    },
    "2025-09-30": {
        "Tax Effect Of Unusual Items": 117484581.063801,
        "Tax Rate For Calcs": 0.325117,
        "Normalized EBITDA": 576527000.0,
        "Total Unusual Items": 361361000.0,
        "Total Unusual Items Excluding Goodwill": 361361000.0,
        "Net Income From Continuing Operation Net Minority Interest": 365324000.0,
        "Reconciled Depreciation": 376524000.0,
        "Reconciled Cost Of Revenue": 4739963000.0,
        "EBITDA": 937888000.0,
        "EBIT": 561364000.0,
        "Net Interest Income": 110165000.0,
        "Interest Expense": 21752000.0,
        "Interest Income": 48508000.0,
        "Normalized Income": 121447581.063801,
        "Net Income From Continuing And Discontinued Operation": 384222000.0,
        "Total Expenses": 5794608000.0,
        "Total Operating Income As Reported": NaN,
        "Diluted Average Shares": 742408113.0,
        "Basic Average Shares": 742408113.0,
        "Diluted EPS": 0.517535,
        "Basic EPS": 0.517535,
        "Diluted NI Availto Com Stockholders": 384222000.0,
        "Net Income Common Stockholders": 384222000.0,
        "Net Income": 384222000.0,
        "Minority Interests": 1149000.0,
        "Net Income Including Noncontrolling Interests": 383073000.0,
        "Net Income Discontinuous Operations": 18898000.0,
        "Net Income Continuous Operations": 364175000.0,
        "Tax Provision": 175437000.0,
        "Pretax Income": 539612000.0,
        "Other Income Expense": 398690000.0,
        "Special Income Charges": -24784000.0,
        "Other Special Charges": 24784000.0,
        "Earnings From Equity Interest": 37329000.0,
        "Gain On Sale Of Security": 386145000.0,
        "Net Non Operating Interest Income Expense": 110165000.0,
        "Total Other Finance Cost": -83409000.0,
        "Interest Expense Non Operating": 21752000.0,
        "Interest Income Non Operating": 48508000.0,
        "Operating Income": 30757000.0,
        "Operating Expense": 1054645000.0,
        "Other Operating Expenses": 375856000.0,
        "Other Taxes": 31741000.0,
        "Provision For Doubtful Accounts": NaN,
        "Depreciation Amortization Depletion Income Statement": 376524000.0,
        "Depreciation And Amortization In Income Statement": 376524000.0,
        "Selling General And Administration": 270524000.0,
        "Selling And Marketing Expense": NaN,
        "General And Administrative Expense": 270524000.0,
        "Other Gand A": NaN,
        "Salaries And Wages": 270524000.0,
        "Gross Profit": 1085402000.0,
        "Cost Of Revenue": 4739963000.0,
        "Total Revenue": 5825365000.0,
        "Operating Revenue": 5825365000.0
    }
}