{
    "2023-03-31": {
        "Tax Effect Of Unusual Items": NaN,
        "Tax Rate For Calcs": NaN,
        "Normalized EBITDA": NaN,
        "Net Income From Continuing Operation Net Minority Interest": NaN,
        "Reconciled Depreciation": NaN,
        "Reconciled Cost Of Revenue": NaN,
        "EBITDA": NaN,
        "EBIT": NaN,
        "Net Interest Income": NaN,
        "Interest Expense": NaN,
        "Interest Income": NaN,
        "Normalized Income": NaN,
        "Net Income From Continuing And Discontinued Operation": NaN,
        "Total Expenses": NaN,
        "Total Operating Income As Reported": NaN,
        "Diluted Average Shares": 3428021.0,
        "Basic Average Shares": 3428021.0,
        "Diluted EPS": -0.01,
        "Basic EPS": -0.01,
        "Diluted NI Availto Com Stockholders": NaN,
        "Net Income Common Stockholders": NaN,
        "Net Income": NaN,
        "Net Income Including Noncontrolling Interests": NaN,
        "Net Income Continuous Operations": NaN,
        "Tax Provision": NaN,
        "Pretax Income": NaN,
        "Net Non Operating Interest Income Expense": NaN,
        "Interest Expense Non Operating": NaN,
        "Interest Income Non Operating": NaN,
        "Operating Income": NaN,
        "Operating Expense": NaN,
        "Research And Development": NaN,
        "Selling General And Administration": NaN,
        "Selling And Marketing Expense": NaN,
        "General And Administrative Expense": NaN,
        "Other Gand A": NaN,
        "Gross Profit": NaN,
        "Cost Of Revenue": NaN,
        "Total Revenue": NaN,
        "Operating Revenue": NaN
    },
    "2022-12-31": {
        "Tax Effect Of Unusual Items": NaN,
        "Tax Rate For Calcs": NaN,
        "Normalized EBITDA": NaN,
        "Net Income From Continuing Operation Net Minority Interest": NaN,
        "Reconciled Depreciation": NaN,
        "Reconciled Cost Of Revenue": NaN,
        "EBITDA": NaN,
        "EBIT": NaN,
        "Net Interest Income": NaN,
        "Interest Expense": 0.0,
        "Interest Income": NaN,
        "Normalized Income": NaN,
        "Net Income From Continuing And Discontinued Operation": NaN,
        "Total Expenses": NaN,
        "Total Operating Income As Reported": NaN,
        "Diluted Average Shares": NaN,
        "Basic Average Shares": NaN,
        "Diluted EPS": NaN,
        "Basic EPS": NaN,
        "Diluted NI Availto Com Stockholders": NaN,
        "Net Income Common Stockholders": NaN,
        "Net Income": NaN,
        "Net Income Including Noncontrolling Interests": NaN,
        "Net Income Continuous Operations": NaN,
        "Tax Provision": NaN,
        "Pretax Income": NaN,
        "Net Non Operating Interest Income Expense": NaN,
        "Interest Expense Non Operating": 0.0,
        "Interest Income Non Operating": NaN,
        "Operating Income": NaN,
        "Operating Expense": NaN,
        "Research And Development": NaN,
        "Selling General And Administration": NaN,
        "Selling And Marketing Expense": NaN,
        "General And Administrative Expense": NaN,
        "Other Gand A": NaN,
        "Gross Profit": NaN,
        "Cost Of Revenue": NaN,
        "Total Revenue": NaN,
        "Operating Revenue": NaN
    },
    "2022-09-30": {
        "Tax Effect Of Unusual Items": NaN,
        "Tax Rate For Calcs": NaN,
        "Normalized EBITDA": NaN,
        "Net Income From Continuing Operation Net Minority Interest": NaN,
        "Reconciled Depreciation": NaN,
        "Reconciled Cost Of Revenue": NaN,
        "EBITDA": NaN,
        "EBIT": NaN,
        "Net Interest Income": NaN,
        "Interest Expense": 1000.0,
        "Interest Income": NaN,
        "Normalized Income": NaN,
        "Net Income From Continuing And Discontinued Operation": NaN,
        "Total Expenses": NaN,
        "Total Operating Income As Reported": NaN,
        "Diluted Average Shares": 3482996.0,
        "Basic Average Shares": 3401880.0,
        "Diluted EPS": 0.04,
        "Basic EPS": 0.04,
        "Diluted NI Availto Com Stockholders": NaN,
        "Net Income Common Stockholders": NaN,
        "Net Income": NaN,
        "Net Income Including Noncontrolling Interests": NaN,
        "Net Income Continuous Operations": NaN,
        "Tax Provision": NaN,
        "Pretax Income": NaN,
        "Net Non Operating Interest Income Expense": NaN,
        "Interest Expense Non Operating": 1000.0,
        "Interest Income Non Operating": NaN,
        "Operating Income": NaN,
        "Operating Expense": NaN,
        "Research And Development": NaN,
        "Selling General And Administration": NaN,
        "Selling And Marketing Expense": NaN,
        "General And Administrative Expense": NaN,
        "Other Gand A": NaN,
        "Gross Profit": NaN,
        "Cost Of Revenue": NaN,
        "Total Revenue": NaN,
        "Operating Revenue": NaN
    },
    "2022-06-30": {
        "Tax Effect Of Unusual Items": 0.0,
        "Tax Rate For Calcs": 0.206704,
        "Normalized EBITDA": -327000.0,
        "Net Income From Continuing Operation Net Minority Interest": -284000.0,
        "Reconciled Depreciation": 38000.0,
        "Reconciled Cost Of Revenue": 1156000.0,
        "EBITDA": -327000.0,
        "EBIT": -365000.0,
        "Net Interest Income": 7000.0,
        "Interest Expense": NaN,
        "Interest Income": 7000.0,
        "Normalized Income": -284000.0,
        "Net Income From Continuing And Discontinued Operation": -284000.0,
        "Total Expenses": 2929000.0,
        "Total Operating Income As Reported": -365000.0,
        "Diluted Average Shares": 3395521.0,
        "Basic Average Shares": 3395521.0,
        "Diluted EPS": -0.08,
        "Basic EPS": -0.08,
        "Diluted NI Availto Com Stockholders": -284000.0,
        "Net Income Common Stockholders": -284000.0,
        "Net Income": -284000.0,
        "Net Income Including Noncontrolling Interests": -284000.0,
        "Net Income Continuous Operations": -284000.0,
        "Tax Provision": -74000.0,
        "Pretax Income": -358000.0,
        "Net Non Operating Interest Income Expense": 7000.0,
        "Interest Expense Non Operating": NaN,
        "Interest Income Non Operating": 7000.0,
        "Operating Income": -365000.0,
        "Operating Expense": 1773000.0,
        "Research And Development": 221000.0,
        "Selling General And Administration": 1552000.0,
        "Selling And Marketing Expense": 427000.0,
        "General And Administrative Expense": 1125000.0,
        "Other Gand A": 1125000.0,
        "Gross Profit": 1408000.0,
        "Cost Of Revenue": 1156000.0,
        "Total Revenue": 2564000.0,
        "Operating Revenue": 2564000.0
    },
    "2022-03-31": {
        "Diluted EPS": 0.0,
        "Total Revenue": 2,
        "Gross Profit": 1,
        "Operating Income": 0,
        "EBIT": 0,
        "Net Income": 0
    },
    "2021-12-31": {
        "Diluted EPS": 0.06,
        "Total Revenue": 2,
        "Gross Profit": 1,
        "Operating Income": 0,
        "EBIT": 0,
        "Net Income": 0
    },
    "2021-09-30": {
        "Diluted EPS": 0.0,
        "Total Revenue": 2,
        "Gross Profit": 1,
        "Operating Income": 0,
        "EBIT": 0,
        "Net Income": 0
    },
    "2021-06-30": {
        "Diluted EPS": 0.06,
        "Total Revenue": 2,
        "Gross Profit": 1,
        "Operating Income": 0,
        "EBIT": 0,
        "Net Income": 0
    },
    "2021-03-31": {
        "Diluted EPS": 0.0,
        "Total Revenue": 2,
        "Gross Profit": 1,
        "Operating Income": 0,
        "EBIT": 0,
        "Net Income": 0
    },
    "2020-12-31": {
        "Diluted EPS": -0.01,
        "Total Revenue": 2,
        "Gross Profit": 1,
        "Operating Income": 0,
        "EBIT": 0,
        "Net Income": 0
    },
    "2020-09-30": {
        "Diluted EPS": -0.01,
        "Total Revenue": 2,
        "Gross Profit": 1,
        "Operating Income": 0,
        "EBIT": 0,
        "Net Income": 0
    },
    "2020-06-30": {
        "Diluted EPS": 0.01,
        "Total Revenue": 2,
        "Gross Profit": 1,
        "Operating Income": 0,
        "EBIT": 0,
        "Net Income": 0
    },
    "2020-03-31": {
        "Diluted EPS": -0.03,
        "Total Revenue": 2,
        "Gross Profit": 1,
        "Operating Income": 0,
        "EBIT": 0,
        "Net Income": 0
    },
    "2019-12-31": {
        "Diluted EPS": 0.03,
        "Total Revenue": 2,
        "Gross Profit": 1,
        "Operating Income": 0,
        "EBIT": 0,
        "Net Income": 0
    },
    "2019-09-30": {
        "Diluted EPS": 0.01,
        "Total Revenue": 2,
        "Gross Profit": 1,
        "Operating Income": 0,
        "EBIT": 0,
        "Net Income": 0
    },
    "2019-06-30": {
        "Diluted EPS": 0.03,
        "Total Revenue": 2,
        "Gross Profit": 1,
        "Operating Income": 0,
        "EBIT": 0,
        "Net Income": 0
    },
    "2019-03-31": {
        "Diluted EPS": -0.01,
        "Total Revenue": 2,
        "Gross Profit": 1,
        "Operating Income": 0,
        "EBIT": 0,
        "Net Income": 0
    },
    "2018-12-31": {
        "Diluted EPS": 0.01,
        "Total Revenue": 2,
        "Gross Profit": 1,
        "Operating Income": 0,
        "EBIT": 0,
        "Net Income": 0
    },
    "2018-09-30": {
        "Diluted EPS": 0.06,
        "Total Revenue": 2,
        "Gross Profit": 1,
        "Operating Income": 0,
        "EBIT": 0,
        "Net Income": 0
    },
    "2018-06-30": {
        "Diluted EPS": -0.01,
        "Total Revenue": 2,
        "Gross Profit": 1,
        "Operating Income": 0,
        "EBIT": 0,
        "Net Income": 0
    },
    "2018-03-31": {
        "Diluted EPS": -0.06,
        "Total Revenue": 2,
        "Gross Profit": 1,
        "Operating Income": 0,
        "EBIT": 0,
        "Net Income": 0
    },
    "2017-12-31": {
        "Diluted EPS": 0.01,
        "Total Revenue": 2,
        "Gross Profit": 1,
        "Operating Income": 0,
        "EBIT": 0,
        "Net Income": 0
    },
    "2017-09-30": {
        "Diluted EPS": 0.04,
        "Total Revenue": 2,
        "Gross Profit": 1,
        "Operating Income": 0,
        "EBIT": 0,
        "Net Income": 0
    },
    "2017-06-30": {
        "Diluted EPS": 0.06,
        "Total Revenue": 2,
        "Gross Profit": 1,
        "Operating Income": 0,
        "EBIT": 0,
        "Net Income": 0
    },
    "2017-03-31": {
        "Diluted EPS": -0.02,
        "Total Revenue": 2,
        "Gross Profit": 1,
        "Operating Income": 0,
        "EBIT": 0,
        "Net Income": 0
    },
    "2016-12-31": {
        "Diluted EPS": 0.04,
        "Total Revenue": 2,
        "Gross Profit": 1,
        "Operating Income": 0,
        "EBIT": 0,
        "Net Income": 0
    },
    "2016-09-30": {
        "Diluted EPS": 0.01,
        "Total Revenue": 2,
        "Gross Profit": 1,
        "Operating Income": 0,
        "EBIT": 0,
        "Net Income": 0
    },
    "2016-06-30": {
        "Diluted EPS": 0.04,
        "Total Revenue": 2,
        "Gross Profit": 1,
        "Operating Income": 0,
        "EBIT": 0,
        "Net Income": 0
    },
    "2016-03-31": {
        "Diluted EPS": -0.03,
        "Total Revenue": 2,
        "Gross Profit": 1,
        "Operating Income": 0,
        "EBIT": 0,
        "Net Income": 0
    },
    "2015-12-31": {
        "Diluted EPS": 0.02,
        "Total Revenue": 2,
        "Gross Profit": 1,
        "Operating Income": 0,
        "EBIT": 0,
        "Net Income": 0
    },
    "2015-09-30": {
        "Diluted EPS": 0.05,
        "Total Revenue": 2,
        "Gross Profit": 1,
        "Operating Income": 0,
        "EBIT": 0,
        "Net Income": 0
    },
    "2015-06-30": {
        "Diluted EPS": 0.14,
        "Total Revenue": 2,
        "Gross Profit": 1,
        "Operating Income": 0,
        "EBIT": 0,
        "Net Income": 0
    },
    "2015-03-31": {
        "Diluted EPS": 0.15,
        "Total Revenue": 2,
        "Gross Profit": 1,
        "Operating Income": 0,
        "EBIT": 0,
        "Net Income": 1
    },
    "2014-12-31": {
        "Diluted EPS": 0.05,
        "Total Revenue": 2,
        "Gross Profit": 1,
        "Operating Income": 0,
        "EBIT": 0,
        "Net Income": 0
    },
    "2014-09-30": {
        "Diluted EPS": 0.09,
        "Total Revenue": 2,
        "Gross Profit": 1,
        "Operating Income": 0,
        "EBIT": 0,
        "Net Income": 0
    },
    "2014-06-30": {
        "Diluted EPS": 0.05,
        "Total Revenue": 2,
        "Gross Profit": 1,
        "Operating Income": 0,
        "EBIT": 0,
        "Net Income": 0
    },
    "2014-03-31": {
        "Diluted EPS": 0.11,
        "Total Revenue": 2,
        "Gross Profit": 1,
        "Operating Income": 0,
        "EBIT": 0,
        "Net Income": 0
    },
    "2013-12-31": {
        "Diluted EPS": 0.07,
        "Total Revenue": 2,
        "Gross Profit": 1,
        "Operating Income": 0,
        "EBIT": 0,
        "Net Income": 0
    },
    "2013-09-30": {
        "Diluted EPS": 0.02,
        "Total Revenue": 2,
        "Gross Profit": 1,
        "Operating Income": 0,
        "EBIT": 0,
        "Net Income": 0
    },
    "2013-06-30": {
        "Diluted EPS": 0.07,
        "Total Revenue": 2,
        "Gross Profit": 1,
        "Operating Income": 0,
        "EBIT": 0,
        "Net Income": 0
    },
    "2013-03-31": {
        "Diluted EPS": 0.04,
        "Total Revenue": 2,
        "Gross Profit": 1,
        "Operating Income": 0,
        "EBIT": 0,
        "Net Income": 0
    },
    "2012-12-31": {
        "Diluted EPS": 0.2,
        "Total Revenue": 1,
        "Gross Profit": 1,
        "Operating Income": 0,
        "EBIT": 0,
        "Net Income": 1
    },
    "2012-09-30": {
        "Diluted EPS": 0.04,
        "Total Revenue": 2,
        "Gross Profit": 1,
        "Operating Income": 0,
        "EBIT": 0,
        "Net Income": 0
    },
    "2012-06-30": {
        "Diluted EPS": 0.05,
        "Total Revenue": 2,
        "Gross Profit": 1,
        "Operating Income": 0,
        "EBIT": 0,
        "Net Income": 0
    },
    "2012-03-31": {
        "Diluted EPS": 0.02,
        "Total Revenue": 2,
        "Gross Profit": 1,
        "Operating Income": 0,
        "EBIT": 0,
        "Net Income": 0
    },
    "2011-12-31": {
        "Diluted EPS": 0.07,
        "Total Revenue": 1,
        "Gross Profit": 1,
        "Operating Income": 0,
        "EBIT": 0,
        "Net Income": 0
    },
    "2011-09-30": {
        "Diluted EPS": 0.03,
        "Total Revenue": 2,
        "Gross Profit": 1,
        "Operating Income": 0,
        "EBIT": 0,
        "Net Income": 0
    },
    "2011-06-30": {
        "Diluted EPS": 0.03,
        "Total Revenue": 2,
        "Gross Profit": 1,
        "Operating Income": 0,
        "EBIT": 0,
        "Net Income": 0
    },
    "2011-03-31": {
        "Diluted EPS": 0.03,
        "Total Revenue": 2,
        "Gross Profit": 1,
        "Operating Income": 0,
        "EBIT": 0,
        "Net Income": 0
    },
    "2010-12-31": {
        "Diluted EPS": 0.05,
        "Total Revenue": 1,
        "Gross Profit": 1,
        "Operating Income": 0,
        "EBIT": 0,
        "Net Income": 0
    },
    "2010-09-30": {
        "Diluted EPS": 0.04,
        "Total Revenue": 2,
        "Gross Profit": 1,
        "Operating Income": 0,
        "EBIT": 0,
        "Net Income": 0
    },
    "2010-06-30": {
        "Diluted EPS": 0.04,
        "Total Revenue": 2,
        "Gross Profit": 1,
        "Operating Income": 0,
        "EBIT": 0,
        "Net Income": 0
    },
    "2010-03-31": {
        "Diluted EPS": 0.02,
        "Total Revenue": 2,
        "Gross Profit": 1,
        "Operating Income": 0,
        "EBIT": 0,
        "Net Income": 0
    },
    "2009-12-31": {
        "Diluted EPS": 0.06,
        "Total Revenue": 2,
        "Gross Profit": -1,
        "Operating Income": -4,
        "EBIT": -4,
        "Net Income": 0
    },
    "2009-09-30": {
        "Diluted EPS": 0.05,
        "Total Revenue": 2,
        "Gross Profit": 1,
        "Operating Income": 0,
        "EBIT": 0,
        "Net Income": 0
    },
    "2009-06-30": {
        "Diluted EPS": 0.0,
        "Total Revenue": 1,
        "Gross Profit": 1,
        "Operating Income": 0,
        "EBIT": 0,
        "Net Income": 0
    },
    "2009-03-31": {
        "Diluted EPS": -0.01,
        "Total Revenue": 1,
        "Gross Profit": 1,
        "Operating Income": 0,
        "EBIT": 0,
        "Net Income": 0
    },
    "2023-06-30": {
        "Tax Effect Of Unusual Items": NaN,
        "Tax Rate For Calcs": NaN,
        "Normalized EBITDA": NaN,
        "Net Income From Continuing Operation Net Minority Interest": NaN,
        "Reconciled Depreciation": NaN,
        "Reconciled Cost Of Revenue": NaN,
        "EBITDA": NaN,
        "EBIT": NaN,
        "Net Interest Income": NaN,
        "Interest Expense": NaN,
        "Interest Income": NaN,
        "Normalized Income": NaN,
        "Net Income From Continuing And Discontinued Operation": NaN,
        "Total Expenses": NaN,
        "Total Operating Income As Reported": NaN,
        "Diluted Average Shares": 3443394.0,
        "Basic Average Shares": 3428021.0,
        "Diluted EPS": 0.03,
        "Basic EPS": 0.03,
        "Diluted NI Availto Com Stockholders": NaN,
        "Net Income Common Stockholders": NaN,
        "Net Income": NaN,
        "Net Income Including Noncontrolling Interests": NaN,
        "Net Income Continuous Operations": NaN,
        "Tax Provision": NaN,
        "Pretax Income": NaN,
        "Net Non Operating Interest Income Expense": NaN,
        "Interest Expense Non Operating": NaN,
        "Interest Income Non Operating": NaN,
        "Operating Income": NaN,
        "Operating Expense": NaN,
        "Research And Development": NaN,
        "Selling General And Administration": NaN,
        "Selling And Marketing Expense": NaN,
        "General And Administrative Expense": NaN,
        "Other Gand A": NaN,
        "Gross Profit": NaN,
        "Cost Of Revenue": NaN,
        "Total Revenue": NaN,
        "Operating Revenue": NaN
    },
    "2023-09-30": {
        "Tax Effect Of Unusual Items": NaN,
        "Tax Rate For Calcs": NaN,
        "Normalized EBITDA": NaN,
        "Net Income From Continuing Operation Net Minority Interest": NaN,
        "Reconciled Depreciation": NaN,
        "Reconciled Cost Of Revenue": NaN,
        "EBITDA": NaN,
        "EBIT": NaN,
        "Net Interest Income": NaN,
        "Interest Expense": 0.0,
        "Interest Income": NaN,
        "Normalized Income": NaN,
        "Net Income From Continuing And Discontinued Operation": NaN,
        "Total Expenses": NaN,
        "Total Operating Income As Reported": NaN,
        "Diluted Average Shares": 3428021.0,
        "Basic Average Shares": 3428021.0,
        "Diluted EPS": 0.002334,
        "Basic EPS": 0.002334,
        "Diluted NI Availto Com Stockholders": NaN,
        "Net Income Common Stockholders": NaN,
        "Net Income": NaN,
        "Net Income Including Noncontrolling Interests": NaN,
        "Net Income Continuous Operations": NaN,
        "Tax Provision": NaN,
        "Pretax Income": NaN,
        "Net Non Operating Interest Income Expense": NaN,
        "Interest Expense Non Operating": 0.0,
        "Interest Income Non Operating": NaN,
        "Operating Income": NaN,
        "Operating Expense": NaN,
        "Research And Development": NaN,
        "Selling General And Administration": NaN,
        "Selling And Marketing Expense": NaN,
        "General And Administrative Expense": NaN,
        "Other Gand A": NaN,
        "Gross Profit": NaN,
        "Cost Of Revenue": NaN,
        "Total Revenue": NaN,
        "Operating Revenue": NaN
    },
    "2023-12-31": {
        "Tax Effect Of Unusual Items": NaN,
        "Tax Rate For Calcs": NaN,
        "Normalized EBITDA": NaN,
        "Net Income From Continuing Operation Net Minority Interest": NaN,
        "Reconciled Depreciation": NaN,
        "Reconciled Cost Of Revenue": NaN,
        "EBITDA": NaN,
        "EBIT": NaN,
        "Net Interest Income": NaN,
        "Interest Expense": 0.0,
        "Interest Income": NaN,
        "Normalized Income": NaN,
        "Net Income From Continuing And Discontinued Operation": NaN,
        "Total Expenses": NaN,
        "Total Operating Income As Reported": NaN,
        "Diluted Average Shares": NaN,
        "Basic Average Shares": NaN,
        "Diluted EPS": NaN,
        "Basic EPS": NaN,
        "Diluted NI Availto Com Stockholders": NaN,
        "Net Income Common Stockholders": NaN,
        "Net Income": NaN,
        "Net Income Including Noncontrolling Interests": NaN,
        "Net Income Continuous Operations": NaN,
        "Tax Provision": NaN,
        "Pretax Income": NaN,
        "Net Non Operating Interest Income Expense": NaN,
        "Interest Expense Non Operating": 0.0,
        "Interest Income Non Operating": NaN,
        "Operating Income": NaN,
        "Operating Expense": NaN,
        "Research And Development": NaN,
        "Selling General And Administration": NaN,
        "Selling And Marketing Expense": NaN,
        "General And Administrative Expense": NaN,
        "Other Gand A": NaN,
        "Gross Profit": NaN,
        "Cost Of Revenue": NaN,
        "Total Revenue": NaN,
        "Operating Revenue": NaN
    },
    "2024-03-31": {
        "Tax Effect Of Unusual Items": 0.0,
        "Tax Rate For Calcs": 0.3125,
        "Normalized EBITDA": -76000.0,
        "Net Income From Continuing Operation Net Minority Interest": 11000.0,
        "Reconciled Depreciation": 24000.0,
        "Reconciled Cost Of Revenue": 1164000.0,
        "EBITDA": -76000.0,
        "EBIT": -100000.0,
        "Net Interest Income": 116000.0,
        "Interest Expense": NaN,
        "Interest Income": 116000.0,
        "Normalized Income": 11000.0,
        "Net Income From Continuing And Discontinued Operation": 11000.0,
        "Total Expenses": 2344000.0,
        "Total Operating Income As Reported": -100000.0,
        "Diluted Average Shares": 3428021.0,
        "Basic Average Shares": 3428021.0,
        "Diluted EPS": 0.0,
        "Basic EPS": 0.0,
        "Diluted NI Availto Com Stockholders": 11000.0,
        "Net Income Common Stockholders": 11000.0,
        "Net Income": 11000.0,
        "Net Income Including Noncontrolling Interests": 11000.0,
        "Net Income Continuous Operations": 11000.0,
        "Tax Provision": 5000.0,
        "Pretax Income": 16000.0,
        "Net Non Operating Interest Income Expense": 116000.0,
        "Interest Expense Non Operating": NaN,
        "Interest Income Non Operating": 116000.0,
        "Operating Income": -100000.0,
        "Operating Expense": 1180000.0,
        "Research And Development": 262000.0,
        "Selling General And Administration": 918000.0,
        "Selling And Marketing Expense": 351000.0,
        "General And Administrative Expense": 567000.0,
        "Other Gand A": 567000.0,
        "Gross Profit": 1080000.0,
        "Cost Of Revenue": 1164000.0,
        "Total Revenue": 2244000.0,
        "Operating Revenue": 2244000.0
    },
    "2024-06-30": {
        "Tax Effect Of Unusual Items": 0.0,
        "Tax Rate For Calcs": 0.21,
        "Normalized EBITDA": 25000.0,
        "Net Income From Continuing Operation Net Minority Interest": -4000.0,
        "Reconciled Depreciation": 23000.0,
        "Reconciled Cost Of Revenue": 1170000.0,
        "EBITDA": 25000.0,
        "EBIT": 2000.0,
        "Net Interest Income": 109000.0,
        "Interest Expense": 0.0,
        "Interest Income": 109000.0,
        "Normalized Income": -4000.0,
        "Net Income From Continuing And Discontinued Operation": -4000.0,
        "Total Expenses": 2324000.0,
        "Total Operating Income As Reported": -107000.0,
        "Diluted Average Shares": 3428021.0,
        "Basic Average Shares": 3428021.0,
        "Diluted EPS": -0.001167,
        "Basic EPS": -0.001167,
        "Diluted NI Availto Com Stockholders": -4000.0,
        "Net Income Common Stockholders": -4000.0,
        "Net Income": -4000.0,
        "Net Income Including Noncontrolling Interests": -4000.0,
        "Net Income Continuous Operations": -4000.0,
        "Tax Provision": 6000.0,
        "Pretax Income": 2000.0,
        "Net Non Operating Interest Income Expense": 109000.0,
        "Interest Expense Non Operating": 0.0,
        "Interest Income Non Operating": 109000.0,
        "Operating Income": -107000.0,
        "Operating Expense": 1154000.0,
        "Research And Development": 264000.0,
        "Selling General And Administration": 890000.0,
        "Selling And Marketing Expense": 353000.0,
        "General And Administrative Expense": 537000.0,
        "Other Gand A": 537000.0,
        "Gross Profit": 1047000.0,
        "Cost Of Revenue": 1170000.0,
        "Total Revenue": 2217000.0,
        "Operating Revenue": 2217000.0
    },
    "2024-09-30": {
        "Tax Effect Of Unusual Items": 0.0,
        "Tax Rate For Calcs": 0.17931,
        "Normalized EBITDA": 313000.0,
        "Net Income From Continuing Operation Net Minority Interest": 238000.0,
        "Reconciled Depreciation": 23000.0,
        "Reconciled Cost Of Revenue": 1247000.0,
        "EBITDA": 313000.0,
        "EBIT": 290000.0,
        "Net Interest Income": 117000.0,
        "Interest Expense": 0.0,
        "Interest Income": 117000.0,
        "Normalized Income": 238000.0,
        "Net Income From Continuing And Discontinued Operation": 238000.0,
        "Total Expenses": 2339000.0,
        "Total Operating Income As Reported": 173000.0,
        "Diluted Average Shares": 3434417.0,
        "Basic Average Shares": 3428021.0,
        "Diluted EPS": 0.07,
        "Basic EPS": 0.07,
        "Diluted NI Availto Com Stockholders": 238000.0,
        "Net Income Common Stockholders": 238000.0,
        "Net Income": 238000.0,
        "Net Income Including Noncontrolling Interests": 238000.0,
        "Net Income Continuous Operations": 238000.0,
        "Tax Provision": 52000.0,
        "Pretax Income": 290000.0,
        "Net Non Operating Interest Income Expense": 117000.0,
        "Interest Expense Non Operating": 0.0,
        "Interest Income Non Operating": 117000.0,
        "Operating Income": 173000.0,
        "Operating Expense": 1092000.0,
        "Research And Development": 235000.0,
        "Selling General And Administration": 857000.0,
        "Selling And Marketing Expense": 340000.0,
        "General And Administrative Expense": 517000.0,
        "Other Gand A": 517000.0,
        "Gross Profit": 1265000.0,
        "Cost Of Revenue": 1247000.0,
        "Total Revenue": 2512000.0,
        "Operating Revenue": 2512000.0
    },
    "2024-12-31": {
        "Tax Effect Of Unusual Items": 0.0,
        "Tax Rate For Calcs": 0.21,
        "Normalized EBITDA": 150000.0,
        "Net Income From Continuing Operation Net Minority Interest": 201000.0,
        "Reconciled Depreciation": 22000.0,
        "Reconciled Cost Of Revenue": 1210000.0,
        "EBITDA": 150000.0,
        "EBIT": 128000.0,
        "Net Interest Income": 98000.0,
        "Interest Expense": 0.0,
        "Interest Income": 98000.0,
        "Normalized Income": 201000.0,
        "Net Income From Continuing And Discontinued Operation": 201000.0,
        "Total Expenses": 2370000.0,
        "Total Operating Income As Reported": 30000.0,
        "Diluted Average Shares": NaN,
        "Basic Average Shares": NaN,
        "Diluted EPS": NaN,
        "Basic EPS": NaN,
        "Diluted NI Availto Com Stockholders": 201000.0,
        "Net Income Common Stockholders": 201000.0,
        "Net Income": 201000.0,
        "Net Income Including Noncontrolling Interests": 201000.0,
        "Net Income Continuous Operations": 201000.0,
        "Tax Provision": -73000.0,
        "Pretax Income": 128000.0,
        "Net Non Operating Interest Income Expense": 98000.0,
        "Interest Expense Non Operating": 0.0,
        "Interest Income Non Operating": 98000.0,
        "Operating Income": 30000.0,
        "Operating Expense": 1160000.0,
        "Research And Development": 252000.0,
        "Selling General And Administration": 908000.0,
        "Selling And Marketing Expense": 397000.0,
        "General And Administrative Expense": 511000.0,
        "Other Gand A": 511000.0,
        "Gross Profit": 1190000.0,
        "Cost Of Revenue": 1210000.0,
        "Total Revenue": 2400000.0,
        "Operating Revenue": 2400000.0
    },
    "2025-03-31": {
        "Tax Effect Of Unusual Items": 0.0,
        "Tax Rate For Calcs": 0.209877,
        "Normalized EBITDA": -146000.0,
        "Net Income From Continuing Operation Net Minority Interest": -64000.0,
        "Reconciled Depreciation": 23000.0,
        "Reconciled Cost Of Revenue": 1155000.0,
        "EBITDA": -146000.0,
        "EBIT": -169000.0,
        "Net Interest Income": 88000.0,
        "Interest Expense": NaN,
        "Interest Income": 88000.0,
        "Normalized Income": -64000.0,
        "Net Income From Continuing And Discontinued Operation": -64000.0,
        "Total Expenses": 2408000.0,
        "Total Operating Income As Reported": -169000.0,
        "Diluted Average Shares": 3449021.0,
        "Basic Average Shares": 3449021.0,
        "Diluted EPS": -0.02,
        "Basic EPS": -0.02,
        "Diluted NI Availto Com Stockholders": -64000.0,
        "Net Income Common Stockholders": -64000.0,
        "Net Income": -64000.0,
        "Net Income Including Noncontrolling Interests": -64000.0,
        "Net Income Continuous Operations": -64000.0,
        "Tax Provision": -17000.0,
        "Pretax Income": -81000.0,
        "Net Non Operating Interest Income Expense": 88000.0,
        "Interest Expense Non Operating": NaN,
        "Interest Income Non Operating": 88000.0,
        "Operating Income": -169000.0,
        "Operating Expense": 1253000.0,
        "Research And Development": 246000.0,
        "Selling General And Administration": 1007000.0,
        "Selling And Marketing Expense": 420000.0,
        "General And Administrative Expense": 587000.0,
        "Other Gand A": 587000.0,
        "Gross Profit": 1084000.0,
        "Cost Of Revenue": 1155000.0,
        "Total Revenue": 2239000.0,
        "Operating Revenue": 2239000.0
    }
}