{
    "2023-03-31": {
        "Tax Effect Of Unusual Items": NaN,
        "Tax Rate For Calcs": NaN,
        "Normalized EBITDA": NaN,
        "Total Unusual Items": NaN,
        "Total Unusual Items Excluding Goodwill": NaN,
        "Net Income From Continuing Operation Net Minority Interest": NaN,
        "Reconciled Depreciation": NaN,
        "EBITDA": NaN,
        "EBIT": NaN,
        "Net Interest Income": NaN,
        "Interest Expense": NaN,
        "Interest Income": NaN,
        "Normalized Income": NaN,
        "Net Income From Continuing And Discontinued Operation": NaN,
        "Total Expenses": NaN,
        "Total Operating Income As Reported": NaN,
        "Diluted Average Shares": 8732351.0,
        "Basic Average Shares": 8732351.0,
        "Diluted EPS": -0.919455,
        "Basic EPS": -0.919455,
        "Diluted NI Availto Com Stockholders": NaN,
        "Net Income Common Stockholders": NaN,
        "Net Income": NaN,
        "Net Income Including Noncontrolling Interests": NaN,
        "Net Income Continuous Operations": NaN,
        "Pretax Income": NaN,
        "Other Income Expense": NaN,
        "Special Income Charges": NaN,
        "Gain On Sale Of Ppe": 0.0,
        "Other Special Charges": NaN,
        "Gain On Sale Of Security": NaN,
        "Net Non Operating Interest Income Expense": NaN,
        "Total Other Finance Cost": NaN,
        "Interest Expense Non Operating": NaN,
        "Interest Income Non Operating": NaN,
        "Operating Income": NaN,
        "Operating Expense": NaN,
        "Research And Development": NaN,
        "Selling General And Administration": NaN,
        "General And Administrative Expense": NaN,
        "Other Gand A": NaN,
        "Total Revenue": NaN,
        "Operating Revenue": NaN
    },
    "2022-12-31": {
        "Tax Effect Of Unusual Items": 0.0,
        "Tax Rate For Calcs": 0.0,
        "Normalized EBITDA": -5906553.0,
        "Total Unusual Items": -653297.0,
        "Total Unusual Items Excluding Goodwill": -653297.0,
        "Net Income From Continuing Operation Net Minority Interest": -6650688.0,
        "Reconciled Depreciation": -372684.0,
        "EBITDA": -6559850.0,
        "EBIT": -6559850.0,
        "Net Interest Income": -36009.0,
        "Interest Expense": 90838.0,
        "Interest Income": 54829.0,
        "Normalized Income": -5997391.0,
        "Net Income From Continuing And Discontinued Operation": -6650688.0,
        "Total Expenses": 5961382.0,
        "Total Operating Income As Reported": -5961382.0,
        "Diluted Average Shares": NaN,
        "Basic Average Shares": NaN,
        "Diluted EPS": NaN,
        "Basic EPS": NaN,
        "Diluted NI Availto Com Stockholders": -6650688.0,
        "Net Income Common Stockholders": -6650688.0,
        "Net Income": -6650688.0,
        "Net Income Including Noncontrolling Interests": -6650688.0,
        "Net Income Continuous Operations": -6650688.0,
        "Pretax Income": -6650688.0,
        "Other Income Expense": -653297.0,
        "Special Income Charges": 6058.0,
        "Gain On Sale Of Ppe": NaN,
        "Other Special Charges": NaN,
        "Gain On Sale Of Security": -659355.0,
        "Net Non Operating Interest Income Expense": -36009.0,
        "Interest Expense Non Operating": 90838.0,
        "Interest Income Non Operating": 54829.0,
        "Operating Income": -5961382.0,
        "Operating Expense": 5961382.0,
        "Research And Development": 4290106.0,
        "Selling General And Administration": 1671276.0,
        "General And Administrative Expense": 1671276.0,
        "Other Gand A": 1671276.0,
        "Total Revenue": 0.0,
        "Operating Revenue": 0.0
    },
    "2022-09-30": {
        "Tax Effect Of Unusual Items": NaN,
        "Tax Rate For Calcs": NaN,
        "Normalized EBITDA": NaN,
        "Total Unusual Items": NaN,
        "Total Unusual Items Excluding Goodwill": NaN,
        "Net Income From Continuing Operation Net Minority Interest": NaN,
        "Reconciled Depreciation": NaN,
        "EBITDA": NaN,
        "EBIT": NaN,
        "Net Interest Income": NaN,
        "Interest Expense": NaN,
        "Interest Income": NaN,
        "Normalized Income": NaN,
        "Net Income From Continuing And Discontinued Operation": NaN,
        "Total Expenses": NaN,
        "Total Operating Income As Reported": NaN,
        "Diluted Average Shares": 317512.0,
        "Basic Average Shares": 317512.0,
        "Diluted EPS": -22.67,
        "Basic EPS": -22.67,
        "Diluted NI Availto Com Stockholders": NaN,
        "Net Income Common Stockholders": NaN,
        "Net Income": NaN,
        "Net Income Including Noncontrolling Interests": NaN,
        "Net Income Continuous Operations": NaN,
        "Pretax Income": NaN,
        "Other Income Expense": NaN,
        "Special Income Charges": NaN,
        "Gain On Sale Of Ppe": 0.0,
        "Other Special Charges": NaN,
        "Gain On Sale Of Security": NaN,
        "Net Non Operating Interest Income Expense": NaN,
        "Total Other Finance Cost": NaN,
        "Interest Expense Non Operating": NaN,
        "Interest Income Non Operating": NaN,
        "Operating Income": NaN,
        "Operating Expense": NaN,
        "Research And Development": NaN,
        "Selling General And Administration": NaN,
        "General And Administrative Expense": NaN,
        "Other Gand A": NaN,
        "Total Revenue": NaN,
        "Operating Revenue": NaN
    },
    "2022-06-30": {
        "Tax Effect Of Unusual Items": 0.0,
        "Tax Rate For Calcs": 0.0,
        "Normalized EBITDA": -6232000.0,
        "Total Unusual Items": 0.0,
        "Total Unusual Items Excluding Goodwill": 0.0,
        "Net Income From Continuing Operation Net Minority Interest": -7299000.0,
        "EBITDA": -6232000.0,
        "EBIT": -6232000.0,
        "Net Interest Income": -1067000.0,
        "Interest Expense": 1067000.0,
        "Interest Income": 0.0,
        "Normalized Income": -7299000.0,
        "Net Income From Continuing And Discontinued Operation": -7299000.0,
        "Total Expenses": 6232000.0,
        "Total Operating Income As Reported": -6232000.0,
        "Diluted Average Shares": 314572.0,
        "Basic Average Shares": 314572.0,
        "Diluted EPS": -23.2,
        "Basic EPS": -23.2,
        "Diluted NI Availto Com Stockholders": -7299000.0,
        "Net Income Common Stockholders": -7299000.0,
        "Net Income": -7299000.0,
        "Net Income Including Noncontrolling Interests": -7299000.0,
        "Net Income Continuous Operations": -7299000.0,
        "Pretax Income": -7299000.0,
        "Other Income Expense": NaN,
        "Other Non Operating Income Expenses": NaN,
        "Special Income Charges": 0.0,
        "Other Special Charges": NaN,
        "Gain On Sale Of Security": NaN,
        "Net Non Operating Interest Income Expense": -1067000.0,
        "Interest Expense Non Operating": 1067000.0,
        "Interest Income Non Operating": 0.0,
        "Operating Income": -6232000.0,
        "Operating Expense": 6232000.0,
        "Research And Development": 5041000.0,
        "Selling General And Administration": 1191000.0,
        "General And Administrative Expense": 1191000.0,
        "Other Gand A": 1191000.0,
        "Total Revenue": 0.0,
        "Operating Revenue": 0.0
    },
    "2022-03-31": {
        "Diluted EPS": -4.8,
        "Total Revenue": 2,
        "Gross Profit": 2,
        "Operating Income": -14,
        "EBIT": -14,
        "Net Income": -14
    },
    "2021-12-31": {
        "Diluted EPS": 7.37,
        "Total Revenue": 26,
        "Gross Profit": 26,
        "Operating Income": 15,
        "EBIT": 15,
        "Net Income": 15
    },
    "2021-09-30": {
        "Diluted EPS": -5.27,
        "Total Revenue": 1,
        "Gross Profit": 1,
        "Operating Income": -16,
        "EBIT": -16,
        "Net Income": -16
    },
    "2021-06-30": {
        "Diluted EPS": -5.8,
        "Total Revenue": 1,
        "Gross Profit": 1,
        "Operating Income": -18,
        "EBIT": -18,
        "Net Income": -17
    },
    "2021-03-31": {
        "Diluted EPS": -15.6,
        "Total Revenue": 0,
        "Gross Profit": 0,
        "Operating Income": -20,
        "EBIT": -18,
        "Net Income": -37
    },
    "2020-12-31": {
        "Diluted EPS": -19.0,
        "Total Revenue": 0,
        "Gross Profit": 0,
        "Operating Income": -14,
        "EBIT": -9,
        "Net Income": -29
    },
    "2020-09-30": {
        "Diluted EPS": -11.9,
        "Total Revenue": 1,
        "Gross Profit": 0,
        "Operating Income": -12,
        "EBIT": -9,
        "Net Income": -18
    },
    "2020-06-30": {
        "Diluted EPS": -14.0,
        "Total Revenue": 1,
        "Gross Profit": 0,
        "Operating Income": -17,
        "EBIT": -17,
        "Net Income": -20
    },
    "2020-03-31": {
        "Diluted EPS": -9.1,
        "Total Revenue": 1,
        "Gross Profit": 0,
        "Operating Income": -13,
        "EBIT": -12,
        "Net Income": -13
    },
    "2019-12-31": {
        "Diluted EPS": 0.0,
        "Total Revenue": NaN,
        "Gross Profit": NaN,
        "Operating Income": NaN,
        "EBIT": NaN,
        "Net Income": NaN
    },
    "2023-06-30": {
        "Tax Effect Of Unusual Items": NaN,
        "Tax Rate For Calcs": NaN,
        "Normalized EBITDA": NaN,
        "Total Unusual Items": NaN,
        "Total Unusual Items Excluding Goodwill": NaN,
        "Net Income From Continuing Operation Net Minority Interest": NaN,
        "Reconciled Depreciation": NaN,
        "EBITDA": NaN,
        "EBIT": NaN,
        "Net Interest Income": NaN,
        "Interest Expense": NaN,
        "Interest Income": NaN,
        "Normalized Income": NaN,
        "Net Income From Continuing And Discontinued Operation": NaN,
        "Total Expenses": NaN,
        "Total Operating Income As Reported": NaN,
        "Diluted Average Shares": 2893291.0,
        "Basic Average Shares": 2893291.0,
        "Diluted EPS": -2.61,
        "Basic EPS": -2.61,
        "Diluted NI Availto Com Stockholders": NaN,
        "Net Income Common Stockholders": NaN,
        "Net Income": NaN,
        "Net Income Including Noncontrolling Interests": NaN,
        "Net Income Continuous Operations": NaN,
        "Pretax Income": NaN,
        "Other Income Expense": NaN,
        "Special Income Charges": NaN,
        "Gain On Sale Of Ppe": 0.0,
        "Other Special Charges": -604000.0,
        "Gain On Sale Of Security": NaN,
        "Net Non Operating Interest Income Expense": NaN,
        "Total Other Finance Cost": NaN,
        "Interest Expense Non Operating": NaN,
        "Interest Income Non Operating": NaN,
        "Operating Income": NaN,
        "Operating Expense": NaN,
        "Research And Development": NaN,
        "Selling General And Administration": NaN,
        "General And Administrative Expense": NaN,
        "Other Gand A": NaN,
        "Total Revenue": NaN,
        "Operating Revenue": NaN
    },
    "2023-09-30": {
        "Tax Effect Of Unusual Items": NaN,
        "Tax Rate For Calcs": NaN,
        "Normalized EBITDA": NaN,
        "Total Unusual Items": NaN,
        "Total Unusual Items Excluding Goodwill": NaN,
        "Net Income From Continuing Operation Net Minority Interest": NaN,
        "Reconciled Depreciation": NaN,
        "EBITDA": NaN,
        "EBIT": NaN,
        "Net Interest Income": NaN,
        "Interest Expense": NaN,
        "Interest Income": NaN,
        "Normalized Income": NaN,
        "Net Income From Continuing And Discontinued Operation": NaN,
        "Total Expenses": NaN,
        "Total Operating Income As Reported": NaN,
        "Diluted Average Shares": 8378361.0,
        "Basic Average Shares": 8378361.0,
        "Diluted EPS": -1.27,
        "Basic EPS": -1.27,
        "Diluted NI Availto Com Stockholders": NaN,
        "Net Income Common Stockholders": NaN,
        "Net Income": NaN,
        "Net Income Including Noncontrolling Interests": NaN,
        "Net Income Continuous Operations": NaN,
        "Pretax Income": NaN,
        "Other Income Expense": NaN,
        "Special Income Charges": NaN,
        "Gain On Sale Of Ppe": NaN,
        "Other Special Charges": NaN,
        "Gain On Sale Of Security": NaN,
        "Net Non Operating Interest Income Expense": NaN,
        "Total Other Finance Cost": NaN,
        "Interest Expense Non Operating": NaN,
        "Interest Income Non Operating": NaN,
        "Operating Income": NaN,
        "Operating Expense": NaN,
        "Research And Development": NaN,
        "Selling General And Administration": NaN,
        "General And Administrative Expense": NaN,
        "Other Gand A": NaN,
        "Total Revenue": NaN,
        "Operating Revenue": NaN
    },
    "2023-12-31": {
        "Tax Effect Of Unusual Items": NaN,
        "Tax Rate For Calcs": NaN,
        "Normalized EBITDA": NaN,
        "Total Unusual Items": NaN,
        "Total Unusual Items Excluding Goodwill": NaN,
        "Net Income From Continuing Operation Net Minority Interest": NaN,
        "Reconciled Depreciation": NaN,
        "EBITDA": NaN,
        "EBIT": NaN,
        "Net Interest Income": NaN,
        "Interest Expense": NaN,
        "Interest Income": NaN,
        "Normalized Income": NaN,
        "Net Income From Continuing And Discontinued Operation": NaN,
        "Total Expenses": NaN,
        "Total Operating Income As Reported": NaN,
        "Diluted Average Shares": NaN,
        "Basic Average Shares": NaN,
        "Diluted EPS": NaN,
        "Basic EPS": NaN,
        "Diluted NI Availto Com Stockholders": NaN,
        "Net Income Common Stockholders": NaN,
        "Net Income": NaN,
        "Net Income Including Noncontrolling Interests": NaN,
        "Net Income Continuous Operations": NaN,
        "Pretax Income": NaN,
        "Other Income Expense": NaN,
        "Other Non Operating Income Expenses": NaN,
        "Special Income Charges": NaN,
        "Gain On Sale Of Ppe": NaN,
        "Other Special Charges": -1000.0,
        "Gain On Sale Of Security": NaN,
        "Net Non Operating Interest Income Expense": NaN,
        "Total Other Finance Cost": NaN,
        "Interest Expense Non Operating": NaN,
        "Interest Income Non Operating": NaN,
        "Operating Income": NaN,
        "Operating Expense": NaN,
        "Other Operating Expenses": NaN,
        "Research And Development": NaN,
        "Selling General And Administration": NaN,
        "General And Administrative Expense": NaN,
        "Other Gand A": NaN,
        "Total Revenue": NaN,
        "Operating Revenue": NaN
    },
    "2024-03-31": {
        "Tax Effect Of Unusual Items": NaN,
        "Tax Rate For Calcs": NaN,
        "Normalized EBITDA": NaN,
        "Total Unusual Items": NaN,
        "Total Unusual Items Excluding Goodwill": NaN,
        "Net Income From Continuing Operation Net Minority Interest": NaN,
        "Reconciled Depreciation": NaN,
        "EBITDA": NaN,
        "EBIT": NaN,
        "Net Interest Income": NaN,
        "Interest Expense": NaN,
        "Interest Income": NaN,
        "Normalized Income": NaN,
        "Net Income From Continuing And Discontinued Operation": NaN,
        "Total Expenses": NaN,
        "Total Operating Income As Reported": NaN,
        "Diluted Average Shares": 10273925.0,
        "Basic Average Shares": 10273925.0,
        "Diluted EPS": -1.15,
        "Basic EPS": -1.15,
        "Diluted NI Availto Com Stockholders": NaN,
        "Net Income Common Stockholders": NaN,
        "Net Income": NaN,
        "Net Income Including Noncontrolling Interests": NaN,
        "Net Income Continuous Operations": NaN,
        "Pretax Income": NaN,
        "Other Income Expense": NaN,
        "Other Non Operating Income Expenses": -578000.0,
        "Special Income Charges": NaN,
        "Gain On Sale Of Ppe": NaN,
        "Other Special Charges": NaN,
        "Gain On Sale Of Security": NaN,
        "Net Non Operating Interest Income Expense": NaN,
        "Total Other Finance Cost": 578000.0,
        "Interest Expense Non Operating": NaN,
        "Interest Income Non Operating": NaN,
        "Operating Income": NaN,
        "Operating Expense": NaN,
        "Other Operating Expenses": NaN,
        "Research And Development": NaN,
        "Selling General And Administration": NaN,
        "General And Administrative Expense": NaN,
        "Other Gand A": NaN,
        "Total Revenue": NaN,
        "Operating Revenue": NaN
    },
    "2024-06-30": {
        "Tax Effect Of Unusual Items": 0.0,
        "Tax Rate For Calcs": 0.0,
        "Normalized EBITDA": -10494000.0,
        "Total Unusual Items": 3607000.0,
        "Total Unusual Items Excluding Goodwill": 3607000.0,
        "Net Income From Continuing Operation Net Minority Interest": -7229000.0,
        "Reconciled Depreciation": 293000.0,
        "EBITDA": -6887000.0,
        "EBIT": -7180000.0,
        "Net Interest Income": 88000.0,
        "Interest Expense": 49000.0,
        "Interest Income": 137000.0,
        "Normalized Income": -10836000.0,
        "Net Income From Continuing And Discontinued Operation": -7229000.0,
        "Total Expenses": 10924000.0,
        "Total Operating Income As Reported": -10924000.0,
        "Diluted Average Shares": 11284853.0,
        "Basic Average Shares": 11284853.0,
        "Diluted EPS": -0.64,
        "Basic EPS": -0.64,
        "Diluted NI Availto Com Stockholders": -7229000.0,
        "Net Income Common Stockholders": -7229000.0,
        "Net Income": -7229000.0,
        "Net Income Including Noncontrolling Interests": -7229000.0,
        "Net Income Continuous Operations": -7229000.0,
        "Pretax Income": -7229000.0,
        "Other Income Expense": 3607000.0,
        "Other Non Operating Income Expenses": NaN,
        "Special Income Charges": 0.0,
        "Gain On Sale Of Ppe": 0.0,
        "Other Special Charges": NaN,
        "Gain On Sale Of Security": 3607000.0,
        "Net Non Operating Interest Income Expense": 88000.0,
        "Total Other Finance Cost": NaN,
        "Interest Expense Non Operating": 49000.0,
        "Interest Income Non Operating": 137000.0,
        "Operating Income": -10924000.0,
        "Operating Expense": 10924000.0,
        "Other Operating Expenses": NaN,
        "Research And Development": 8180000.0,
        "Selling General And Administration": 2744000.0,
        "General And Administrative Expense": 2744000.0,
        "Other Gand A": 2744000.0,
        "Total Revenue": 0.0,
        "Operating Revenue": 0.0
    },
    "2024-09-30": {
        "Tax Effect Of Unusual Items": 0.0,
        "Tax Rate For Calcs": 0.0,
        "Normalized EBITDA": -12793000.0,
        "Total Unusual Items": -5618000.0,
        "Total Unusual Items Excluding Goodwill": -5618000.0,
        "Net Income From Continuing Operation Net Minority Interest": -18838000.0,
        "Reconciled Depreciation": 290000.0,
        "EBITDA": -18411000.0,
        "EBIT": -18701000.0,
        "Net Interest Income": 48000.0,
        "Interest Expense": 137000.0,
        "Interest Income": 185000.0,
        "Normalized Income": -13220000.0,
        "Net Income From Continuing And Discontinued Operation": -18838000.0,
        "Total Expenses": 10344000.0,
        "Total Operating Income As Reported": -10344000.0,
        "Diluted Average Shares": 13582345.0,
        "Basic Average Shares": 13582345.0,
        "Diluted EPS": -1.39,
        "Basic EPS": -1.39,
        "Diluted NI Availto Com Stockholders": -18838000.0,
        "Net Income Common Stockholders": -18838000.0,
        "Net Income": -18838000.0,
        "Net Income Including Noncontrolling Interests": -18838000.0,
        "Net Income Continuous Operations": -18838000.0,
        "Pretax Income": -18838000.0,
        "Other Income Expense": -8542000.0,
        "Other Non Operating Income Expenses": -2924000.0,
        "Special Income Charges": 0.0,
        "Gain On Sale Of Ppe": 0.0,
        "Other Special Charges": NaN,
        "Gain On Sale Of Security": -5618000.0,
        "Net Non Operating Interest Income Expense": 48000.0,
        "Total Other Finance Cost": 2924000.0,
        "Interest Expense Non Operating": 137000.0,
        "Interest Income Non Operating": 185000.0,
        "Operating Income": -10344000.0,
        "Operating Expense": 10344000.0,
        "Other Operating Expenses": NaN,
        "Research And Development": 7208000.0,
        "Selling General And Administration": 3136000.0,
        "General And Administrative Expense": 3136000.0,
        "Other Gand A": 3136000.0,
        "Total Revenue": 0.0,
        "Operating Revenue": 0.0
    },
    "2024-12-31": {
        "Tax Effect Of Unusual Items": 0.0,
        "Tax Rate For Calcs": 0.0,
        "Normalized EBITDA": -12866000.0,
        "Total Unusual Items": -599000.0,
        "Total Unusual Items Excluding Goodwill": -599000.0,
        "Net Income From Continuing Operation Net Minority Interest": -14004000.0,
        "Reconciled Depreciation": 305000.0,
        "EBITDA": -13465000.0,
        "EBIT": -13770000.0,
        "Net Interest Income": 71000.0,
        "Interest Expense": 234000.0,
        "Interest Income": 305000.0,
        "Normalized Income": -13405000.0,
        "Net Income From Continuing And Discontinued Operation": -14004000.0,
        "Total Expenses": 13476000.0,
        "Total Operating Income As Reported": -13476000.0,
        "Diluted Average Shares": NaN,
        "Basic Average Shares": NaN,
        "Diluted EPS": NaN,
        "Basic EPS": NaN,
        "Diluted NI Availto Com Stockholders": -14004000.0,
        "Net Income Common Stockholders": -14004000.0,
        "Net Income": -14004000.0,
        "Net Income Including Noncontrolling Interests": -14004000.0,
        "Net Income Continuous Operations": -14004000.0,
        "Pretax Income": -14004000.0,
        "Other Income Expense": -599000.0,
        "Other Non Operating Income Expenses": 0.0,
        "Special Income Charges": 0.0,
        "Gain On Sale Of Ppe": 0.0,
        "Other Special Charges": NaN,
        "Gain On Sale Of Security": -599000.0,
        "Net Non Operating Interest Income Expense": 71000.0,
        "Total Other Finance Cost": 0.0,
        "Interest Expense Non Operating": 234000.0,
        "Interest Income Non Operating": 305000.0,
        "Operating Income": -13476000.0,
        "Operating Expense": 13476000.0,
        "Other Operating Expenses": NaN,
        "Research And Development": 10709000.0,
        "Selling General And Administration": 2767000.0,
        "General And Administrative Expense": 2767000.0,
        "Other Gand A": 2767000.0,
        "Total Revenue": 0.0,
        "Operating Revenue": 0.0
    },
    "2025-03-31": {
        "Tax Effect Of Unusual Items": 0.0,
        "Tax Rate For Calcs": 0.0,
        "Normalized EBITDA": -10248000.0,
        "Total Unusual Items": -507000.0,
        "Total Unusual Items Excluding Goodwill": -507000.0,
        "Net Income From Continuing Operation Net Minority Interest": -11209000.0,
        "Reconciled Depreciation": 278000.0,
        "EBITDA": -10755000.0,
        "EBIT": -11033000.0,
        "Net Interest Income": 34000.0,
        "Interest Expense": 176000.0,
        "Interest Income": 210000.0,
        "Normalized Income": -10702000.0,
        "Net Income From Continuing And Discontinued Operation": -11209000.0,
        "Total Expenses": 10736000.0,
        "Total Operating Income As Reported": -10736000.0,
        "Diluted Average Shares": 12950574.0,
        "Basic Average Shares": 12950574.0,
        "Diluted EPS": -0.87,
        "Basic EPS": -0.87,
        "Diluted NI Availto Com Stockholders": -11209000.0,
        "Net Income Common Stockholders": -11209000.0,
        "Net Income": -11209000.0,
        "Net Income Including Noncontrolling Interests": -11209000.0,
        "Net Income Continuous Operations": -11209000.0,
        "Pretax Income": -11209000.0,
        "Other Income Expense": -507000.0,
        "Other Non Operating Income Expenses": NaN,
        "Special Income Charges": 0.0,
        "Gain On Sale Of Ppe": 0.0,
        "Other Special Charges": NaN,
        "Gain On Sale Of Security": -507000.0,
        "Net Non Operating Interest Income Expense": 34000.0,
        "Total Other Finance Cost": NaN,
        "Interest Expense Non Operating": 176000.0,
        "Interest Income Non Operating": 210000.0,
        "Operating Income": -10736000.0,
        "Operating Expense": 10736000.0,
        "Other Operating Expenses": NaN,
        "Research And Development": 7778000.0,
        "Selling General And Administration": 2958000.0,
        "General And Administrative Expense": 2958000.0,
        "Other Gand A": 2958000.0,
        "Total Revenue": 0.0,
        "Operating Revenue": 0.0
    },
    "2025-06-30": {
        "Tax Effect Of Unusual Items": 0.0,
        "Tax Rate For Calcs": 0.0,
        "Normalized EBITDA": -9227000.0,
        "Total Unusual Items": -859000.0,
        "Total Unusual Items Excluding Goodwill": -859000.0,
        "Net Income From Continuing Operation Net Minority Interest": -10561000.0,
        "Reconciled Depreciation": 281000.0,
        "EBITDA": -10086000.0,
        "EBIT": -10367000.0,
        "Net Interest Income": -26000.0,
        "Interest Expense": 194000.0,
        "Interest Income": 168000.0,
        "Normalized Income": -9702000.0,
        "Net Income From Continuing And Discontinued Operation": -10561000.0,
        "Total Expenses": 9676000.0,
        "Total Operating Income As Reported": -10091000.0,
        "Diluted Average Shares": 16059423.0,
        "Basic Average Shares": 16059423.0,
        "Diluted EPS": -0.66,
        "Basic EPS": -0.66,
        "Diluted NI Availto Com Stockholders": -10561000.0,
        "Net Income Common Stockholders": -10561000.0,
        "Net Income": -10561000.0,
        "Net Income Including Noncontrolling Interests": -10561000.0,
        "Net Income Continuous Operations": -10561000.0,
        "Pretax Income": -10561000.0,
        "Other Income Expense": -859000.0,
        "Other Non Operating Income Expenses": NaN,
        "Special Income Charges": 0.0,
        "Gain On Sale Of Ppe": 0.0,
        "Other Special Charges": NaN,
        "Gain On Sale Of Security": -859000.0,
        "Net Non Operating Interest Income Expense": -26000.0,
        "Total Other Finance Cost": NaN,
        "Interest Expense Non Operating": 194000.0,
        "Interest Income Non Operating": 168000.0,
        "Operating Income": -9676000.0,
        "Operating Expense": 9676000.0,
        "Other Operating Expenses": -415000.0,
        "Research And Development": 7006000.0,
        "Selling General And Administration": 3085000.0,
        "General And Administrative Expense": 3085000.0,
        "Other Gand A": 3085000.0,
        "Total Revenue": 0.0,
        "Operating Revenue": 0.0
    }
}