{
    "2023-06-30": {
        "Tax Effect Of Unusual Items": -266910.0,
        "Tax Rate For Calcs": 0.21,
        "Normalized EBITDA": -4084000.0,
        "Total Unusual Items": -1271000.0,
        "Total Unusual Items Excluding Goodwill": -1271000.0,
        "Net Income From Continuing Operation Net Minority Interest": -7730000.0,
        "Reconciled Depreciation": 954000.0,
        "Reconciled Cost Of Revenue": 3637000.0,
        "EBITDA": -5355000.0,
        "EBIT": -6309000.0,
        "Net Interest Income": -1409000.0,
        "Interest Expense": 1409000.0,
        "Normalized Income": -6725910.0,
        "Net Income From Continuing And Discontinued Operation": -10621000.0,
        "Total Expenses": 11389000.0,
        "Total Operating Income As Reported": -6309000.0,
        "Diluted Average Shares": 16223919.0,
        "Basic Average Shares": 16223919.0,
        "Diluted EPS": -0.66,
        "Basic EPS": -0.65,
        "Diluted NI Availto Com Stockholders": -10621000.0,
        "Net Income Common Stockholders": -10621000.0,
        "Net Income": -10621000.0,
        "Net Income Including Noncontrolling Interests": -10621000.0,
        "Net Income Discontinuous Operations": -2891000.0,
        "Net Income Continuous Operations": -7730000.0,
        "Tax Provision": 12000.0,
        "Pretax Income": -7718000.0,
        "Other Income Expense": -1271000.0,
        "Other Non Operating Income Expenses": NaN,
        "Special Income Charges": -1271000.0,
        "Other Special Charges": 1271000.0,
        "Gain On Sale Of Security": NaN,
        "Net Non Operating Interest Income Expense": -1409000.0,
        "Interest Expense Non Operating": 1409000.0,
        "Operating Income": -5038000.0,
        "Operating Expense": 7752000.0,
        "Research And Development": 869000.0,
        "Selling General And Administration": 6883000.0,
        "Selling And Marketing Expense": 3022000.0,
        "General And Administrative Expense": 3861000.0,
        "Other Gand A": 3861000.0,
        "Gross Profit": 2714000.0,
        "Cost Of Revenue": 3637000.0,
        "Total Revenue": 6351000.0,
        "Operating Revenue": 6351000.0
    },
    "2023-03-31": {
        "Tax Effect Of Unusual Items": -401310.0,
        "Tax Rate For Calcs": 0.21,
        "Normalized EBITDA": -5481000.0,
        "Total Unusual Items": -1911000.0,
        "Total Unusual Items Excluding Goodwill": -1911000.0,
        "Net Income From Continuing Operation Net Minority Interest": -9781000.0,
        "Reconciled Depreciation": 947000.0,
        "Reconciled Cost Of Revenue": 3018000.0,
        "EBITDA": -7392000.0,
        "EBIT": -8339000.0,
        "Net Interest Income": -1430000.0,
        "Interest Expense": 1430000.0,
        "Normalized Income": -8271310.0,
        "Net Income From Continuing And Discontinued Operation": -7974000.0,
        "Total Expenses": 12820000.0,
        "Total Operating Income As Reported": -8339000.0,
        "Diluted Average Shares": 16149567.0,
        "Basic Average Shares": 16149567.0,
        "Diluted EPS": -0.49,
        "Basic EPS": -0.49,
        "Diluted NI Availto Com Stockholders": -7974000.0,
        "Net Income Common Stockholders": -7974000.0,
        "Net Income": -7974000.0,
        "Net Income Including Noncontrolling Interests": -7974000.0,
        "Net Income Discontinuous Operations": 1807000.0,
        "Net Income Continuous Operations": -9781000.0,
        "Tax Provision": 12000.0,
        "Pretax Income": -9769000.0,
        "Other Income Expense": -1911000.0,
        "Other Non Operating Income Expenses": NaN,
        "Special Income Charges": -1911000.0,
        "Other Special Charges": 1911000.0,
        "Gain On Sale Of Security": NaN,
        "Net Non Operating Interest Income Expense": -1430000.0,
        "Interest Expense Non Operating": 1430000.0,
        "Operating Income": -6428000.0,
        "Operating Expense": 9802000.0,
        "Research And Development": 1591000.0,
        "Selling General And Administration": 8211000.0,
        "Selling And Marketing Expense": 4691000.0,
        "General And Administrative Expense": 3520000.0,
        "Other Gand A": 3520000.0,
        "Gross Profit": 3374000.0,
        "Cost Of Revenue": 3018000.0,
        "Total Revenue": 6392000.0,
        "Operating Revenue": 6392000.0
    },
    "2022-12-31": {
        "Tax Effect Of Unusual Items": NaN,
        "Tax Rate For Calcs": NaN,
        "Normalized EBITDA": NaN,
        "Total Unusual Items": NaN,
        "Total Unusual Items Excluding Goodwill": NaN,
        "Net Income From Continuing Operation Net Minority Interest": NaN,
        "Reconciled Depreciation": NaN,
        "Reconciled Cost Of Revenue": NaN,
        "EBITDA": NaN,
        "EBIT": NaN,
        "Net Interest Income": NaN,
        "Interest Expense": NaN,
        "Normalized Income": NaN,
        "Net Income From Continuing And Discontinued Operation": NaN,
        "Total Expenses": NaN,
        "Total Operating Income As Reported": NaN,
        "Diluted Average Shares": NaN,
        "Basic Average Shares": NaN,
        "Diluted EPS": NaN,
        "Basic EPS": NaN,
        "Diluted NI Availto Com Stockholders": NaN,
        "Net Income Common Stockholders": NaN,
        "Net Income": NaN,
        "Net Income Including Noncontrolling Interests": NaN,
        "Net Income Discontinuous Operations": NaN,
        "Net Income Continuous Operations": NaN,
        "Tax Provision": NaN,
        "Pretax Income": NaN,
        "Other Income Expense": NaN,
        "Other Non Operating Income Expenses": 4962000.0,
        "Special Income Charges": NaN,
        "Other Special Charges": NaN,
        "Gain On Sale Of Security": NaN,
        "Net Non Operating Interest Income Expense": NaN,
        "Interest Expense Non Operating": NaN,
        "Operating Income": NaN,
        "Operating Expense": NaN,
        "Research And Development": NaN,
        "Selling General And Administration": NaN,
        "Selling And Marketing Expense": NaN,
        "General And Administrative Expense": NaN,
        "Other Gand A": NaN,
        "Gross Profit": NaN,
        "Cost Of Revenue": NaN,
        "Total Revenue": NaN,
        "Operating Revenue": NaN
    },
    "2022-09-30": {
        "Tax Effect Of Unusual Items": NaN,
        "Tax Rate For Calcs": NaN,
        "Normalized EBITDA": NaN,
        "Total Unusual Items": NaN,
        "Total Unusual Items Excluding Goodwill": NaN,
        "Net Income From Continuing Operation Net Minority Interest": NaN,
        "Reconciled Depreciation": NaN,
        "Reconciled Cost Of Revenue": NaN,
        "EBITDA": NaN,
        "EBIT": NaN,
        "Net Interest Income": NaN,
        "Interest Expense": NaN,
        "Normalized Income": NaN,
        "Net Income From Continuing And Discontinued Operation": NaN,
        "Total Expenses": NaN,
        "Total Operating Income As Reported": NaN,
        "Diluted Average Shares": NaN,
        "Basic Average Shares": NaN,
        "Diluted EPS": NaN,
        "Basic EPS": NaN,
        "Diluted NI Availto Com Stockholders": NaN,
        "Net Income Common Stockholders": NaN,
        "Net Income": NaN,
        "Net Income Including Noncontrolling Interests": NaN,
        "Net Income Discontinuous Operations": 1119000.0,
        "Net Income Continuous Operations": NaN,
        "Tax Provision": NaN,
        "Pretax Income": NaN,
        "Other Income Expense": NaN,
        "Other Non Operating Income Expenses": -803000.0,
        "Special Income Charges": NaN,
        "Other Special Charges": NaN,
        "Gain On Sale Of Security": NaN,
        "Net Non Operating Interest Income Expense": NaN,
        "Interest Expense Non Operating": NaN,
        "Operating Income": NaN,
        "Operating Expense": NaN,
        "Research And Development": NaN,
        "Selling General And Administration": NaN,
        "Selling And Marketing Expense": NaN,
        "General And Administrative Expense": NaN,
        "Other Gand A": NaN,
        "Gross Profit": NaN,
        "Cost Of Revenue": NaN,
        "Total Revenue": NaN,
        "Operating Revenue": NaN
    },
    "2022-06-30": {
        "Tax Effect Of Unusual Items": 0.0,
        "Tax Rate For Calcs": 0.4,
        "Normalized EBITDA": -8182000.0,
        "Total Unusual Items": NaN,
        "Total Unusual Items Excluding Goodwill": NaN,
        "Net Income From Continuing Operation Net Minority Interest": -9398000.0,
        "Reconciled Depreciation": 934000.0,
        "Reconciled Cost Of Revenue": 7740000.0,
        "EBITDA": -8182000.0,
        "EBIT": -8182000.0,
        "Net Interest Income": -1204000.0,
        "Interest Expense": 1204000.0,
        "Normalized Income": -9398000.0,
        "Net Income From Continuing And Discontinued Operation": -9398000.0,
        "Total Expenses": 20820000.0,
        "Total Operating Income As Reported": -8182000.0,
        "Diluted Average Shares": 13620196.0,
        "Basic Average Shares": 13620196.0,
        "Diluted EPS": -0.69,
        "Basic EPS": -0.69,
        "Diluted NI Availto Com Stockholders": -9398000.0,
        "Net Income Common Stockholders": -9398000.0,
        "Otherunder Preferred Stock Dividend": NaN,
        "Net Income": -9398000.0,
        "Net Income Including Noncontrolling Interests": -9398000.0,
        "Net Income Continuous Operations": -9398000.0,
        "Tax Provision": 12000.0,
        "Pretax Income": -9386000.0,
        "Other Income Expense": NaN,
        "Other Non Operating Income Expenses": NaN,
        "Special Income Charges": NaN,
        "Other Special Charges": NaN,
        "Net Non Operating Interest Income Expense": -1204000.0,
        "Interest Expense Non Operating": 1204000.0,
        "Operating Income": -8182000.0,
        "Operating Expense": 13080000.0,
        "Research And Development": 2617000.0,
        "Selling General And Administration": 10463000.0,
        "Selling And Marketing Expense": 5406000.0,
        "General And Administrative Expense": 5057000.0,
        "Other Gand A": 5057000.0,
        "Gross Profit": 4898000.0,
        "Cost Of Revenue": 7740000.0,
        "Total Revenue": 12638000.0,
        "Operating Revenue": 12638000.0
    },
    "2023-09-30": {
        "Tax Effect Of Unusual Items": NaN,
        "Tax Rate For Calcs": NaN,
        "Normalized EBITDA": NaN,
        "Total Unusual Items": NaN,
        "Total Unusual Items Excluding Goodwill": NaN,
        "Net Income From Continuing Operation Net Minority Interest": NaN,
        "Reconciled Depreciation": NaN,
        "Reconciled Cost Of Revenue": NaN,
        "EBITDA": NaN,
        "EBIT": NaN,
        "Net Interest Income": NaN,
        "Interest Expense": NaN,
        "Normalized Income": NaN,
        "Net Income From Continuing And Discontinued Operation": NaN,
        "Total Expenses": NaN,
        "Total Operating Income As Reported": NaN,
        "Diluted Average Shares": NaN,
        "Basic Average Shares": NaN,
        "Diluted EPS": NaN,
        "Basic EPS": NaN,
        "Diluted NI Availto Com Stockholders": NaN,
        "Average Dilution Earnings": 0.0,
        "Net Income Common Stockholders": NaN,
        "Otherunder Preferred Stock Dividend": 0.0,
        "Net Income": NaN,
        "Net Income Including Noncontrolling Interests": NaN,
        "Net Income Discontinuous Operations": NaN,
        "Net Income Continuous Operations": NaN,
        "Tax Provision": NaN,
        "Pretax Income": NaN,
        "Other Income Expense": NaN,
        "Other Non Operating Income Expenses": NaN,
        "Special Income Charges": NaN,
        "Other Special Charges": NaN,
        "Gain On Sale Of Security": NaN,
        "Net Non Operating Interest Income Expense": NaN,
        "Interest Expense Non Operating": NaN,
        "Operating Income": NaN,
        "Operating Expense": NaN,
        "Research And Development": NaN,
        "Selling General And Administration": NaN,
        "Selling And Marketing Expense": NaN,
        "General And Administrative Expense": NaN,
        "Other Gand A": NaN,
        "Gross Profit": NaN,
        "Cost Of Revenue": NaN,
        "Total Revenue": NaN,
        "Operating Revenue": NaN
    },
    "2023-12-31": {
        "Tax Effect Of Unusual Items": NaN,
        "Tax Rate For Calcs": NaN,
        "Normalized EBITDA": NaN,
        "Total Unusual Items": NaN,
        "Total Unusual Items Excluding Goodwill": NaN,
        "Net Income From Continuing Operation Net Minority Interest": NaN,
        "Reconciled Depreciation": NaN,
        "Reconciled Cost Of Revenue": NaN,
        "EBITDA": NaN,
        "EBIT": NaN,
        "Net Interest Income": NaN,
        "Interest Expense": NaN,
        "Normalized Income": NaN,
        "Net Income From Continuing And Discontinued Operation": NaN,
        "Total Expenses": NaN,
        "Total Operating Income As Reported": NaN,
        "Diluted Average Shares": NaN,
        "Basic Average Shares": NaN,
        "Diluted EPS": NaN,
        "Basic EPS": NaN,
        "Diluted NI Availto Com Stockholders": NaN,
        "Average Dilution Earnings": NaN,
        "Net Income Common Stockholders": NaN,
        "Otherunder Preferred Stock Dividend": NaN,
        "Net Income": NaN,
        "Net Income Including Noncontrolling Interests": NaN,
        "Net Income Discontinuous Operations": 5908000.0,
        "Net Income Continuous Operations": NaN,
        "Tax Provision": NaN,
        "Pretax Income": NaN,
        "Other Income Expense": NaN,
        "Other Non Operating Income Expenses": -5211000.0,
        "Special Income Charges": NaN,
        "Other Special Charges": NaN,
        "Gain On Sale Of Security": NaN,
        "Net Non Operating Interest Income Expense": NaN,
        "Interest Expense Non Operating": NaN,
        "Operating Income": NaN,
        "Operating Expense": NaN,
        "Research And Development": NaN,
        "Selling General And Administration": NaN,
        "Selling And Marketing Expense": NaN,
        "General And Administrative Expense": NaN,
        "Other Gand A": NaN,
        "Gross Profit": NaN,
        "Cost Of Revenue": NaN,
        "Total Revenue": NaN,
        "Operating Revenue": NaN
    },
    "2024-03-31": {
        "Tax Effect Of Unusual Items": NaN,
        "Tax Rate For Calcs": NaN,
        "Normalized EBITDA": NaN,
        "Total Unusual Items": NaN,
        "Total Unusual Items Excluding Goodwill": NaN,
        "Net Income From Continuing Operation Net Minority Interest": NaN,
        "Reconciled Depreciation": NaN,
        "Reconciled Cost Of Revenue": NaN,
        "EBITDA": NaN,
        "EBIT": NaN,
        "Net Interest Income": NaN,
        "Interest Expense": NaN,
        "Normalized Income": NaN,
        "Net Income From Continuing And Discontinued Operation": NaN,
        "Total Expenses": NaN,
        "Total Operating Income As Reported": NaN,
        "Diluted Average Shares": NaN,
        "Basic Average Shares": NaN,
        "Diluted EPS": NaN,
        "Basic EPS": NaN,
        "Diluted NI Availto Com Stockholders": NaN,
        "Average Dilution Earnings": NaN,
        "Net Income Common Stockholders": NaN,
        "Otherunder Preferred Stock Dividend": NaN,
        "Net Income": NaN,
        "Net Income Including Noncontrolling Interests": NaN,
        "Net Income Discontinuous Operations": NaN,
        "Net Income Continuous Operations": NaN,
        "Tax Provision": NaN,
        "Pretax Income": NaN,
        "Other Income Expense": NaN,
        "Other Non Operating Income Expenses": 1443000.0,
        "Special Income Charges": NaN,
        "Other Special Charges": NaN,
        "Gain On Sale Of Security": NaN,
        "Net Non Operating Interest Income Expense": NaN,
        "Interest Expense Non Operating": NaN,
        "Operating Income": NaN,
        "Operating Expense": NaN,
        "Research And Development": NaN,
        "Selling General And Administration": NaN,
        "Selling And Marketing Expense": NaN,
        "General And Administrative Expense": NaN,
        "Other Gand A": NaN,
        "Gross Profit": NaN,
        "Cost Of Revenue": NaN,
        "Total Revenue": NaN,
        "Operating Revenue": NaN
    },
    "2024-06-30": {
        "Tax Effect Of Unusual Items": NaN,
        "Tax Rate For Calcs": NaN,
        "Normalized EBITDA": NaN,
        "Total Unusual Items": NaN,
        "Total Unusual Items Excluding Goodwill": NaN,
        "Net Income From Continuing Operation Net Minority Interest": NaN,
        "Reconciled Depreciation": NaN,
        "Reconciled Cost Of Revenue": NaN,
        "EBITDA": NaN,
        "EBIT": NaN,
        "Net Interest Income": NaN,
        "Interest Expense": NaN,
        "Normalized Income": NaN,
        "Net Income From Continuing And Discontinued Operation": NaN,
        "Total Expenses": NaN,
        "Total Operating Income As Reported": NaN,
        "Diluted Average Shares": NaN,
        "Basic Average Shares": NaN,
        "Diluted EPS": NaN,
        "Basic EPS": NaN,
        "Diluted NI Availto Com Stockholders": NaN,
        "Average Dilution Earnings": 0.0,
        "Net Income Common Stockholders": NaN,
        "Otherunder Preferred Stock Dividend": NaN,
        "Net Income": NaN,
        "Net Income Including Noncontrolling Interests": NaN,
        "Net Income Discontinuous Operations": 180000.0,
        "Net Income Continuous Operations": NaN,
        "Tax Provision": NaN,
        "Pretax Income": NaN,
        "Other Income Expense": NaN,
        "Other Non Operating Income Expenses": -257000.0,
        "Special Income Charges": NaN,
        "Other Special Charges": NaN,
        "Gain On Sale Of Security": NaN,
        "Net Non Operating Interest Income Expense": NaN,
        "Interest Expense Non Operating": NaN,
        "Operating Income": NaN,
        "Operating Expense": NaN,
        "Research And Development": NaN,
        "Selling General And Administration": NaN,
        "Selling And Marketing Expense": NaN,
        "General And Administrative Expense": NaN,
        "Other Gand A": NaN,
        "Gross Profit": NaN,
        "Cost Of Revenue": NaN,
        "Total Revenue": NaN,
        "Operating Revenue": NaN
    },
    "2024-09-30": {
        "Tax Effect Of Unusual Items": 19049.895429,
        "Tax Rate For Calcs": 0.00239,
        "Normalized EBITDA": -3630000.0,
        "Total Unusual Items": 7970000.0,
        "Total Unusual Items Excluding Goodwill": 7970000.0,
        "Net Income From Continuing Operation Net Minority Interest": 3339000.0,
        "Reconciled Depreciation": 862000.0,
        "Reconciled Cost Of Revenue": 1871000.0,
        "EBITDA": 4340000.0,
        "EBIT": 3478000.0,
        "Net Interest Income": -131000.0,
        "Interest Expense": 131000.0,
        "Normalized Income": -4611950.104571,
        "Net Income From Continuing And Discontinued Operation": 1286000.0,
        "Total Expenses": 8154000.0,
        "Total Operating Income As Reported": -9175000.0,
        "Diluted Average Shares": 35520938.0,
        "Basic Average Shares": 32520134.0,
        "Diluted EPS": -0.33,
        "Basic EPS": 0.03,
        "Diluted NI Availto Com Stockholders": -11755000.0,
        "Average Dilution Earnings": -12822000.0,
        "Net Income Common Stockholders": 1067000.0,
        "Otherunder Preferred Stock Dividend": 219000.0,
        "Net Income": 1286000.0,
        "Net Income Including Noncontrolling Interests": 1286000.0,
        "Net Income Discontinuous Operations": -2053000.0,
        "Net Income Continuous Operations": 3339000.0,
        "Tax Provision": 8000.0,
        "Pretax Income": 3347000.0,
        "Other Income Expense": 7970000.0,
        "Other Non Operating Income Expenses": NaN,
        "Special Income Charges": -4683000.0,
        "Other Special Charges": 4683000.0,
        "Gain On Sale Of Security": 12653000.0,
        "Net Non Operating Interest Income Expense": -131000.0,
        "Interest Expense Non Operating": 131000.0,
        "Operating Income": -4492000.0,
        "Operating Expense": 6283000.0,
        "Research And Development": 702000.0,
        "Selling General And Administration": 5581000.0,
        "Selling And Marketing Expense": 1241000.0,
        "General And Administrative Expense": 4340000.0,
        "Other Gand A": 4340000.0,
        "Gross Profit": 1791000.0,
        "Cost Of Revenue": 1871000.0,
        "Total Revenue": 3662000.0,
        "Operating Revenue": 3662000.0
    },
    "2024-12-31": {
        "Tax Effect Of Unusual Items": -455280.0,
        "Tax Rate For Calcs": 0.21,
        "Normalized EBITDA": -4958000.0,
        "Total Unusual Items": -2168000.0,
        "Total Unusual Items Excluding Goodwill": -2168000.0,
        "Net Income From Continuing Operation Net Minority Interest": -9061000.0,
        "Reconciled Depreciation": 863000.0,
        "Reconciled Cost Of Revenue": 3144000.0,
        "EBITDA": -7126000.0,
        "EBIT": -7989000.0,
        "Net Interest Income": -1070000.0,
        "Interest Expense": 1070000.0,
        "Normalized Income": -7348280.0,
        "Net Income From Continuing And Discontinued Operation": -9061000.0,
        "Total Expenses": 11289000.0,
        "Total Operating Income As Reported": -8432000.0,
        "Diluted Average Shares": 34845672.0,
        "Basic Average Shares": 34845672.0,
        "Diluted EPS": -0.26,
        "Basic EPS": -0.26,
        "Diluted NI Availto Com Stockholders": -9061000.0,
        "Average Dilution Earnings": NaN,
        "Net Income Common Stockholders": -9061000.0,
        "Otherunder Preferred Stock Dividend": NaN,
        "Net Income": -9061000.0,
        "Net Income Including Noncontrolling Interests": -9061000.0,
        "Net Income Discontinuous Operations": 0.0,
        "Net Income Continuous Operations": -9061000.0,
        "Tax Provision": 2000.0,
        "Pretax Income": -9059000.0,
        "Other Income Expense": -2168000.0,
        "Other Non Operating Income Expenses": 0.0,
        "Special Income Charges": -2611000.0,
        "Other Special Charges": 2611000.0,
        "Gain On Sale Of Security": 443000.0,
        "Net Non Operating Interest Income Expense": -1070000.0,
        "Interest Expense Non Operating": 1070000.0,
        "Operating Income": -5821000.0,
        "Operating Expense": 8145000.0,
        "Research And Development": 834000.0,
        "Selling General And Administration": 7311000.0,
        "Selling And Marketing Expense": 2918000.0,
        "General And Administrative Expense": 4393000.0,
        "Other Gand A": 4393000.0,
        "Gross Profit": 2324000.0,
        "Cost Of Revenue": 3144000.0,
        "Total Revenue": 5468000.0,
        "Operating Revenue": 5468000.0
    },
    "2025-03-31": {
        "Tax Effect Of Unusual Items": 549150.0,
        "Tax Rate For Calcs": 0.21,
        "Normalized EBITDA": -4587000.0,
        "Total Unusual Items": 2615000.0,
        "Total Unusual Items Excluding Goodwill": 2615000.0,
        "Net Income From Continuing Operation Net Minority Interest": -3933000.0,
        "Reconciled Depreciation": 868000.0,
        "Reconciled Cost Of Revenue": 3573000.0,
        "EBITDA": -1972000.0,
        "EBIT": -2840000.0,
        "Net Interest Income": -1085000.0,
        "Interest Expense": 1085000.0,
        "Normalized Income": -5998850.0,
        "Net Income From Continuing And Discontinued Operation": -3933000.0,
        "Total Expenses": 11380000.0,
        "Total Operating Income As Reported": -7922000.0,
        "Diluted Average Shares": 42913111.0,
        "Basic Average Shares": 38616207.0,
        "Diluted EPS": -0.21,
        "Basic EPS": -0.1,
        "Diluted NI Availto Com Stockholders": -9134000.0,
        "Average Dilution Earnings": -5201000.0,
        "Net Income Common Stockholders": -3933000.0,
        "Otherunder Preferred Stock Dividend": NaN,
        "Net Income": -3933000.0,
        "Net Income Including Noncontrolling Interests": -3933000.0,
        "Net Income Discontinuous Operations": NaN,
        "Net Income Continuous Operations": -3933000.0,
        "Tax Provision": 8000.0,
        "Pretax Income": -3925000.0,
        "Other Income Expense": 2510000.0,
        "Other Non Operating Income Expenses": -105000.0,
        "Special Income Charges": -2572000.0,
        "Other Special Charges": 2572000.0,
        "Gain On Sale Of Security": 5187000.0,
        "Net Non Operating Interest Income Expense": -1085000.0,
        "Interest Expense Non Operating": 1085000.0,
        "Operating Income": -5350000.0,
        "Operating Expense": 7807000.0,
        "Research And Development": 905000.0,
        "Selling General And Administration": 6902000.0,
        "Selling And Marketing Expense": 3031000.0,
        "General And Administrative Expense": 3871000.0,
        "Other Gand A": 3871000.0,
        "Gross Profit": 2457000.0,
        "Cost Of Revenue": 3573000.0,
        "Total Revenue": 6030000.0,
        "Operating Revenue": 6030000.0
    },
    "2025-06-30": {
        "Tax Effect Of Unusual Items": -371910.0,
        "Tax Rate For Calcs": 0.21,
        "Normalized EBITDA": -6421000.0,
        "Total Unusual Items": -1771000.0,
        "Total Unusual Items Excluding Goodwill": -1771000.0,
        "Net Income From Continuing Operation Net Minority Interest": -9610000.0,
        "Reconciled Depreciation": 892000.0,
        "Reconciled Cost Of Revenue": 3205000.0,
        "EBITDA": -8192000.0,
        "EBIT": -9084000.0,
        "Net Interest Income": -518000.0,
        "Interest Expense": 518000.0,
        "Normalized Income": -8210910.0,
        "Net Income From Continuing And Discontinued Operation": -9610000.0,
        "Total Expenses": 12134000.0,
        "Total Operating Income As Reported": -9875000.0,
        "Diluted Average Shares": 46308642.0,
        "Basic Average Shares": 41782556.0,
        "Diluted EPS": -0.26,
        "Basic EPS": -0.23,
        "Diluted NI Availto Com Stockholders": -11843000.0,
        "Average Dilution Earnings": -2233000.0,
        "Net Income Common Stockholders": -9610000.0,
        "Otherunder Preferred Stock Dividend": NaN,
        "Net Income": -9610000.0,
        "Net Income Including Noncontrolling Interests": -9610000.0,
        "Net Income Discontinuous Operations": 0.0,
        "Net Income Continuous Operations": -9610000.0,
        "Tax Provision": 8000.0,
        "Pretax Income": -9602000.0,
        "Other Income Expense": -3213000.0,
        "Other Non Operating Income Expenses": -1442000.0,
        "Special Income Charges": -4004000.0,
        "Other Special Charges": 4004000.0,
        "Gain On Sale Of Security": 2233000.0,
        "Net Non Operating Interest Income Expense": -518000.0,
        "Interest Expense Non Operating": 518000.0,
        "Operating Income": -5871000.0,
        "Operating Expense": 8929000.0,
        "Research And Development": 1456000.0,
        "Selling General And Administration": 7473000.0,
        "Selling And Marketing Expense": 3778000.0,
        "General And Administrative Expense": 3695000.0,
        "Other Gand A": 3695000.0,
        "Gross Profit": 3058000.0,
        "Cost Of Revenue": 3205000.0,
        "Total Revenue": 6263000.0,
        "Operating Revenue": 6263000.0
    },
    "2025-09-30": {
        "Tax Effect Of Unusual Items": 891450.0,
        "Tax Rate For Calcs": 0.21,
        "Normalized EBITDA": -3627000.0,
        "Total Unusual Items": 4245000.0,
        "Total Unusual Items Excluding Goodwill": 4245000.0,
        "Net Income From Continuing Operation Net Minority Interest": -383000.0,
        "Reconciled Depreciation": 728000.0,
        "Reconciled Cost Of Revenue": 1470000.0,
        "EBITDA": 618000.0,
        "EBIT": -110000.0,
        "Net Interest Income": -265000.0,
        "Interest Expense": 265000.0,
        "Normalized Income": -3736550.0,
        "Net Income From Continuing And Discontinued Operation": -3868000.0,
        "Total Expenses": 7678000.0,
        "Total Operating Income As Reported": -5208000.0,
        "Diluted Average Shares": 46957199.0,
        "Basic Average Shares": 42431314.0,
        "Diluted EPS": -0.19,
        "Basic EPS": -0.09,
        "Diluted NI Availto Com Stockholders": -8966000.0,
        "Average Dilution Earnings": -5098000.0,
        "Net Income Common Stockholders": -3868000.0,
        "Otherunder Preferred Stock Dividend": 0.0,
        "Net Income": -3868000.0,
        "Net Income Including Noncontrolling Interests": -3868000.0,
        "Net Income Discontinuous Operations": -3485000.0,
        "Net Income Continuous Operations": -383000.0,
        "Tax Provision": 8000.0,
        "Pretax Income": -375000.0,
        "Other Income Expense": 4245000.0,
        "Other Non Operating Income Expenses": NaN,
        "Special Income Charges": -853000.0,
        "Other Special Charges": 853000.0,
        "Gain On Sale Of Security": 5098000.0,
        "Net Non Operating Interest Income Expense": -265000.0,
        "Interest Expense Non Operating": 265000.0,
        "Operating Income": -4355000.0,
        "Operating Expense": 6208000.0,
        "Research And Development": 1088000.0,
        "Selling General And Administration": 5120000.0,
        "Selling And Marketing Expense": 1601000.0,
        "General And Administrative Expense": 3519000.0,
        "Other Gand A": 3519000.0,
        "Gross Profit": 1853000.0,
        "Cost Of Revenue": 1470000.0,
        "Total Revenue": 3323000.0,
        "Operating Revenue": 3323000.0
    }
}