{
    "2025-03-31": {
        "Tax Effect Of Unusual Items": 0.0,
        "Tax Rate For Calcs": 0.0,
        "Normalized EBITDA": -2255070.0,
        "Total Unusual Items": 28432.0,
        "Total Unusual Items Excluding Goodwill": 28432.0,
        "Net Income From Continuing Operation Net Minority Interest": -2460430.0,
        "Reconciled Depreciation": 144609.0,
        "Reconciled Cost Of Revenue": 781383.0,
        "EBITDA": -2226638.0,
        "EBIT": -2371247.0,
        "Net Interest Income": -36412.0,
        "Interest Expense": 89183.0,
        "Interest Income": 52771.0,
        "Normalized Income": -2488862.0,
        "Net Income From Continuing And Discontinued Operation": -2460430.0,
        "Total Expenses": 3242520.0,
        "Total Operating Income As Reported": -2506471.0,
        "Diluted Average Shares": 338235.0,
        "Basic Average Shares": 338235.0,
        "Diluted EPS": -7.28,
        "Basic EPS": -7.28,
        "Diluted NI Availto Com Stockholders": -2460430.0,
        "Net Income Common Stockholders": -2460430.0,
        "Net Income": -2460430.0,
        "Net Income Including Noncontrolling Interests": -2460430.0,
        "Net Income Continuous Operations": -2460430.0,
        "Tax Provision": 0.0,
        "Pretax Income": -2460430.0,
        "Other Income Expense": 82453.0,
        "Other Non Operating Income Expenses": 54021.0,
        "Special Income Charges": NaN,
        "Other Special Charges": NaN,
        "Gain On Sale Of Security": 28432.0,
        "Net Non Operating Interest Income Expense": -36412.0,
        "Interest Expense Non Operating": 89183.0,
        "Interest Income Non Operating": 52771.0,
        "Operating Income": -2506471.0,
        "Operating Expense": 2461137.0,
        "Research And Development": 388523.0,
        "Selling General And Administration": 2072614.0,
        "Selling And Marketing Expense": 510957.0,
        "General And Administrative Expense": 1561657.0,
        "Other Gand A": 1561657.0,
        "Gross Profit": -45334.0,
        "Cost Of Revenue": 781383.0,
        "Total Revenue": 736049.0,
        "Operating Revenue": 736049.0
    },
    "2024-12-31": {
        "Tax Effect Of Unusual Items": 0.0,
        "Tax Rate For Calcs": 0.0,
        "Normalized EBITDA": -4895011.0,
        "Total Unusual Items": -94413.0,
        "Total Unusual Items Excluding Goodwill": -94413.0,
        "Net Income From Continuing Operation Net Minority Interest": -5217369.0,
        "Reconciled Depreciation": 194528.0,
        "Reconciled Cost Of Revenue": 3138559.0,
        "EBITDA": -4989424.0,
        "EBIT": -5183952.0,
        "Net Interest Income": -33417.0,
        "Interest Expense": 33417.0,
        "Interest Income": NaN,
        "Normalized Income": -5122956.0,
        "Net Income From Continuing And Discontinued Operation": -5217369.0,
        "Total Expenses": 6092695.0,
        "Total Operating Income As Reported": -5105779.0,
        "Diluted Average Shares": NaN,
        "Basic Average Shares": NaN,
        "Diluted EPS": NaN,
        "Basic EPS": NaN,
        "Diluted NI Availto Com Stockholders": -5217369.0,
        "Net Income Common Stockholders": -5217369.0,
        "Net Income": -5217369.0,
        "Net Income Including Noncontrolling Interests": -5217369.0,
        "Net Income Continuous Operations": -5217369.0,
        "Tax Provision": 0.0,
        "Pretax Income": -5217369.0,
        "Other Income Expense": -78173.0,
        "Other Non Operating Income Expenses": 16240.0,
        "Special Income Charges": 0.0,
        "Other Special Charges": 0.0,
        "Gain On Sale Of Security": -94413.0,
        "Net Non Operating Interest Income Expense": -33417.0,
        "Interest Expense Non Operating": 33417.0,
        "Interest Income Non Operating": NaN,
        "Operating Income": -5105779.0,
        "Operating Expense": 2954136.0,
        "Research And Development": 519483.0,
        "Selling General And Administration": 2434653.0,
        "Selling And Marketing Expense": 774026.0,
        "General And Administrative Expense": 1660627.0,
        "Other Gand A": 1660627.0,
        "Gross Profit": -2151643.0,
        "Cost Of Revenue": 3138559.0,
        "Total Revenue": 986916.0,
        "Operating Revenue": 986916.0
    },
    "2024-09-30": {
        "Tax Effect Of Unusual Items": 0.0,
        "Tax Rate For Calcs": 0.0,
        "Normalized EBITDA": -11965872.0,
        "Total Unusual Items": -1416830.0,
        "Total Unusual Items Excluding Goodwill": -1416830.0,
        "Net Income From Continuing Operation Net Minority Interest": -13638478.0,
        "Reconciled Depreciation": 172442.0,
        "Reconciled Cost Of Revenue": 10294720.0,
        "EBITDA": -13382702.0,
        "EBIT": -13555144.0,
        "Net Interest Income": -83334.0,
        "Interest Expense": 83334.0,
        "Interest Income": 0.0,
        "Normalized Income": -12221648.0,
        "Net Income From Continuing And Discontinued Operation": -13638478.0,
        "Total Expenses": 13210476.0,
        "Total Operating Income As Reported": -12134612.0,
        "Diluted Average Shares": 71234.0,
        "Basic Average Shares": 71234.0,
        "Diluted EPS": -191.46,
        "Basic EPS": -191.46,
        "Diluted NI Availto Com Stockholders": -13638478.0,
        "Net Income Common Stockholders": -13638478.0,
        "Net Income": -13638478.0,
        "Net Income Including Noncontrolling Interests": -13638478.0,
        "Net Income Continuous Operations": -13638478.0,
        "Tax Provision": 0.0,
        "Pretax Income": -13638478.0,
        "Other Income Expense": -1420532.0,
        "Other Non Operating Income Expenses": -3702.0,
        "Special Income Charges": -1470554.0,
        "Other Special Charges": 1470554.0,
        "Gain On Sale Of Security": 53724.0,
        "Net Non Operating Interest Income Expense": -83334.0,
        "Interest Expense Non Operating": 83334.0,
        "Interest Income Non Operating": 0.0,
        "Operating Income": -12134612.0,
        "Operating Expense": 2915756.0,
        "Research And Development": 528352.0,
        "Selling General And Administration": 2387404.0,
        "Selling And Marketing Expense": 470692.0,
        "General And Administrative Expense": 1916712.0,
        "Other Gand A": 1916712.0,
        "Gross Profit": -9218856.0,
        "Cost Of Revenue": 10294720.0,
        "Total Revenue": 1075864.0,
        "Operating Revenue": 1075864.0
    },
    "2024-06-30": {
        "Tax Effect Of Unusual Items": NaN,
        "Tax Rate For Calcs": NaN,
        "Normalized EBITDA": NaN,
        "Total Unusual Items": NaN,
        "Total Unusual Items Excluding Goodwill": NaN,
        "Net Income From Continuing Operation Net Minority Interest": NaN,
        "Reconciled Depreciation": NaN,
        "Reconciled Cost Of Revenue": NaN,
        "EBITDA": NaN,
        "EBIT": NaN,
        "Net Interest Income": NaN,
        "Interest Expense": NaN,
        "Interest Income": 0.0,
        "Normalized Income": NaN,
        "Net Income From Continuing And Discontinued Operation": NaN,
        "Total Expenses": NaN,
        "Total Operating Income As Reported": NaN,
        "Diluted Average Shares": 25666.0,
        "Basic Average Shares": 25666.0,
        "Diluted EPS": -23.627289,
        "Basic EPS": -23.627289,
        "Diluted NI Availto Com Stockholders": NaN,
        "Net Income Common Stockholders": NaN,
        "Net Income": NaN,
        "Net Income Including Noncontrolling Interests": NaN,
        "Net Income Continuous Operations": NaN,
        "Tax Provision": NaN,
        "Pretax Income": NaN,
        "Other Income Expense": NaN,
        "Other Non Operating Income Expenses": NaN,
        "Special Income Charges": 0.0,
        "Other Special Charges": NaN,
        "Gain On Sale Of Security": NaN,
        "Net Non Operating Interest Income Expense": NaN,
        "Interest Expense Non Operating": NaN,
        "Interest Income Non Operating": 0.0,
        "Operating Income": NaN,
        "Operating Expense": NaN,
        "Research And Development": NaN,
        "Selling General And Administration": NaN,
        "Selling And Marketing Expense": NaN,
        "General And Administrative Expense": NaN,
        "Other Gand A": NaN,
        "Gross Profit": NaN,
        "Cost Of Revenue": NaN,
        "Total Revenue": NaN,
        "Operating Revenue": NaN
    },
    "2024-03-31": {
        "Tax Effect Of Unusual Items": NaN,
        "Tax Rate For Calcs": NaN,
        "Normalized EBITDA": NaN,
        "Total Unusual Items": NaN,
        "Total Unusual Items Excluding Goodwill": NaN,
        "Net Income From Continuing Operation Net Minority Interest": NaN,
        "Reconciled Depreciation": NaN,
        "Reconciled Cost Of Revenue": NaN,
        "EBITDA": NaN,
        "EBIT": NaN,
        "Net Interest Income": NaN,
        "Interest Expense": NaN,
        "Interest Income": NaN,
        "Normalized Income": NaN,
        "Net Income From Continuing And Discontinued Operation": NaN,
        "Total Expenses": NaN,
        "Total Operating Income As Reported": NaN,
        "Diluted Average Shares": 2929.0,
        "Basic Average Shares": 2929.0,
        "Diluted EPS": -8893.152612,
        "Basic EPS": -8893.152612,
        "Diluted NI Availto Com Stockholders": NaN,
        "Net Income Common Stockholders": NaN,
        "Net Income": NaN,
        "Net Income Including Noncontrolling Interests": NaN,
        "Net Income Continuous Operations": NaN,
        "Tax Provision": NaN,
        "Pretax Income": NaN,
        "Other Income Expense": NaN,
        "Other Non Operating Income Expenses": NaN,
        "Special Income Charges": NaN,
        "Other Special Charges": NaN,
        "Gain On Sale Of Security": NaN,
        "Net Non Operating Interest Income Expense": NaN,
        "Interest Expense Non Operating": NaN,
        "Interest Income Non Operating": NaN,
        "Operating Income": NaN,
        "Operating Expense": NaN,
        "Research And Development": NaN,
        "Selling General And Administration": NaN,
        "Selling And Marketing Expense": NaN,
        "General And Administrative Expense": NaN,
        "Other Gand A": NaN,
        "Gross Profit": NaN,
        "Cost Of Revenue": NaN,
        "Total Revenue": NaN,
        "Operating Revenue": NaN
    },
    "2023-12-31": {
        "Tax Effect Of Unusual Items": NaN,
        "Tax Rate For Calcs": NaN,
        "Normalized EBITDA": NaN,
        "Total Unusual Items": NaN,
        "Total Unusual Items Excluding Goodwill": NaN,
        "Net Income From Continuing Operation Net Minority Interest": NaN,
        "Reconciled Depreciation": NaN,
        "Reconciled Cost Of Revenue": NaN,
        "EBITDA": NaN,
        "EBIT": NaN,
        "Net Interest Income": NaN,
        "Interest Expense": NaN,
        "Interest Income": NaN,
        "Normalized Income": NaN,
        "Net Income From Continuing And Discontinued Operation": NaN,
        "Total Expenses": NaN,
        "Total Operating Income As Reported": NaN,
        "Diluted Average Shares": NaN,
        "Basic Average Shares": NaN,
        "Diluted EPS": NaN,
        "Basic EPS": NaN,
        "Diluted NI Availto Com Stockholders": NaN,
        "Net Income Common Stockholders": NaN,
        "Net Income": NaN,
        "Net Income Including Noncontrolling Interests": NaN,
        "Net Income Continuous Operations": NaN,
        "Tax Provision": NaN,
        "Pretax Income": NaN,
        "Other Income Expense": NaN,
        "Other Non Operating Income Expenses": NaN,
        "Special Income Charges": 0.0,
        "Other Special Charges": 0.0,
        "Gain On Sale Of Security": NaN,
        "Net Non Operating Interest Income Expense": NaN,
        "Interest Expense Non Operating": NaN,
        "Interest Income Non Operating": NaN,
        "Operating Income": NaN,
        "Operating Expense": NaN,
        "Research And Development": NaN,
        "Selling General And Administration": NaN,
        "Selling And Marketing Expense": NaN,
        "General And Administrative Expense": NaN,
        "Other Gand A": NaN,
        "Gross Profit": NaN,
        "Cost Of Revenue": NaN,
        "Total Revenue": NaN,
        "Operating Revenue": NaN
    },
    "2025-06-30": {
        "Tax Effect Of Unusual Items": 0.0,
        "Tax Rate For Calcs": 0.0,
        "Normalized EBITDA": -3536652.0,
        "Total Unusual Items": -63242.0,
        "Total Unusual Items Excluding Goodwill": -63242.0,
        "Net Income From Continuing Operation Net Minority Interest": -3899897.0,
        "Reconciled Depreciation": 225539.0,
        "Reconciled Cost Of Revenue": 851476.0,
        "EBITDA": -3599894.0,
        "EBIT": -3825433.0,
        "Net Interest Income": 30057.0,
        "Interest Expense": 74464.0,
        "Interest Income": 104521.0,
        "Normalized Income": -3836655.0,
        "Net Income From Continuing And Discontinued Operation": -3899897.0,
        "Total Expenses": 4574742.0,
        "Total Operating Income As Reported": -3871806.0,
        "Diluted Average Shares": 64436.0,
        "Basic Average Shares": 64436.0,
        "Diluted EPS": -60.56,
        "Basic EPS": -60.56,
        "Diluted NI Availto Com Stockholders": -3899897.0,
        "Net Income Common Stockholders": -3899897.0,
        "Net Income": -3899897.0,
        "Net Income Including Noncontrolling Interests": -3899897.0,
        "Net Income Continuous Operations": -3899897.0,
        "Tax Provision": 0.0,
        "Pretax Income": -3899897.0,
        "Other Income Expense": -58148.0,
        "Other Non Operating Income Expenses": 5094.0,
        "Special Income Charges": 0.0,
        "Other Special Charges": NaN,
        "Gain On Sale Of Security": -63242.0,
        "Net Non Operating Interest Income Expense": 30057.0,
        "Interest Expense Non Operating": 74464.0,
        "Interest Income Non Operating": 104521.0,
        "Operating Income": -3871806.0,
        "Operating Expense": 3723266.0,
        "Research And Development": 221159.0,
        "Selling General And Administration": 3502107.0,
        "Selling And Marketing Expense": 622772.0,
        "General And Administrative Expense": 2879335.0,
        "Other Gand A": 2879335.0,
        "Gross Profit": -148540.0,
        "Cost Of Revenue": 851476.0,
        "Total Revenue": 702936.0,
        "Operating Revenue": 702936.0
    },
    "2025-09-30": {
        "Tax Effect Of Unusual Items": 0.0,
        "Tax Rate For Calcs": 0.0,
        "Normalized EBITDA": -19784214.0,
        "Total Unusual Items": -14192066.0,
        "Total Unusual Items Excluding Goodwill": -14192066.0,
        "Net Income From Continuing Operation Net Minority Interest": -34555301.0,
        "Reconciled Depreciation": 217557.0,
        "Reconciled Cost Of Revenue": 291602.0,
        "EBITDA": -33976280.0,
        "EBIT": -34193837.0,
        "Net Interest Income": -277330.0,
        "Interest Expense": 361464.0,
        "Interest Income": 84134.0,
        "Normalized Income": -20363235.0,
        "Net Income From Continuing And Discontinued Operation": -34555301.0,
        "Total Expenses": 20573876.0,
        "Total Operating Income As Reported": -34481797.0,
        "Diluted Average Shares": 36134736.0,
        "Basic Average Shares": 36134736.0,
        "Diluted EPS": -0.96,
        "Basic EPS": -0.96,
        "Diluted NI Availto Com Stockholders": -34555301.0,
        "Net Income Common Stockholders": -34555301.0,
        "Net Income": -34555301.0,
        "Net Income Including Noncontrolling Interests": -34555301.0,
        "Net Income Continuous Operations": -34555301.0,
        "Tax Provision": 0.0,
        "Pretax Income": -34555301.0,
        "Other Income Expense": -13902396.0,
        "Other Non Operating Income Expenses": 289670.0,
        "Special Income Charges": -125377.0,
        "Other Special Charges": 125377.0,
        "Gain On Sale Of Security": -14066689.0,
        "Net Non Operating Interest Income Expense": -277330.0,
        "Interest Expense Non Operating": 361464.0,
        "Interest Income Non Operating": 84134.0,
        "Operating Income": -20375575.0,
        "Operating Expense": 20282274.0,
        "Research And Development": 181671.0,
        "Selling General And Administration": 20100603.0,
        "Selling And Marketing Expense": 699843.0,
        "General And Administrative Expense": 19400760.0,
        "Other Gand A": 19400760.0,
        "Gross Profit": -93301.0,
        "Cost Of Revenue": 291602.0,
        "Total Revenue": 198301.0,
        "Operating Revenue": 198301.0
    }
}