{
    "2024-09-30": {
        "Tax Effect Of Unusual Items": -5.414927,
        "Tax Rate For Calcs": 0.020668,
        "Normalized EBITDA": -1065455.0,
        "Total Unusual Items": -262.0,
        "Total Unusual Items Excluding Goodwill": -262.0,
        "Net Income From Continuing Operation Net Minority Interest": -1842225.0,
        "Reconciled Depreciation": 710403.0,
        "Reconciled Cost Of Revenue": 13378369.0,
        "EBITDA": -1065717.0,
        "EBIT": -1776120.0,
        "Net Interest Income": -65457.0,
        "Interest Expense": 104983.0,
        "Interest Income": 39526.0,
        "Normalized Income": -1841968.414927,
        "Net Income From Continuing And Discontinued Operation": -1842225.0,
        "Total Expenses": 19129701.0,
        "Total Operating Income As Reported": -1765024.0,
        "Diluted Average Shares": 14793538.0,
        "Basic Average Shares": 14793538.0,
        "Diluted EPS": -0.12,
        "Basic EPS": -0.12,
        "Diluted NI Availto Com Stockholders": -1842225.0,
        "Net Income Common Stockholders": -1842225.0,
        "Net Income": -1842225.0,
        "Net Income Including Noncontrolling Interests": -1842225.0,
        "Net Income Continuous Operations": -1842225.0,
        "Tax Provision": -38878.0,
        "Pretax Income": -1881103.0,
        "Other Income Expense": -50884.0,
        "Other Non Operating Income Expenses": -50622.0,
        "Gain On Sale Of Security": -262.0,
        "Net Non Operating Interest Income Expense": -65457.0,
        "Interest Expense Non Operating": 104983.0,
        "Interest Income Non Operating": 39526.0,
        "Operating Income": -1764762.0,
        "Operating Expense": 5751332.0,
        "Selling General And Administration": 5751332.0,
        "Selling And Marketing Expense": 1924428.0,
        "General And Administrative Expense": 3826904.0,
        "Other Gand A": 3826904.0,
        "Gross Profit": 3986570.0,
        "Cost Of Revenue": 13378369.0,
        "Total Revenue": 17364939.0,
        "Operating Revenue": 17364939.0
    },
    "2024-06-30": {
        "Tax Effect Of Unusual Items": 0.0,
        "Tax Rate For Calcs": 0.037194,
        "Normalized EBITDA": -9986898.0,
        "Total Unusual Items": NaN,
        "Total Unusual Items Excluding Goodwill": NaN,
        "Net Income From Continuing Operation Net Minority Interest": -10349835.0,
        "Reconciled Depreciation": 687402.0,
        "Reconciled Cost Of Revenue": 17306766.0,
        "EBITDA": -9986898.0,
        "EBIT": -10674300.0,
        "Net Interest Income": -29701.0,
        "Interest Expense": 75358.0,
        "Interest Income": 45657.0,
        "Normalized Income": -10349835.0,
        "Net Income From Continuing And Discontinued Operation": -10349835.0,
        "Total Expenses": 33410573.0,
        "Total Operating Income As Reported": -10703779.0,
        "Diluted Average Shares": NaN,
        "Basic Average Shares": NaN,
        "Diluted EPS": NaN,
        "Basic EPS": NaN,
        "Diluted NI Availto Com Stockholders": -10349835.0,
        "Net Income Common Stockholders": -10349835.0,
        "Net Income": -10349835.0,
        "Net Income Including Noncontrolling Interests": -10349835.0,
        "Net Income Continuous Operations": -10349835.0,
        "Tax Provision": -399823.0,
        "Pretax Income": -10749658.0,
        "Other Income Expense": -18879.0,
        "Other Non Operating Income Expenses": -16178.0,
        "Gain On Sale Of Security": NaN,
        "Net Non Operating Interest Income Expense": -29701.0,
        "Interest Expense Non Operating": 75358.0,
        "Interest Income Non Operating": 45657.0,
        "Operating Income": -10701078.0,
        "Operating Expense": 16103807.0,
        "Selling General And Administration": 16103807.0,
        "Selling And Marketing Expense": 2285678.0,
        "General And Administrative Expense": 13818129.0,
        "Other Gand A": 13818129.0,
        "Gross Profit": 5402729.0,
        "Cost Of Revenue": 17306766.0,
        "Total Revenue": 22709495.0,
        "Operating Revenue": 22709495.0
    },
    "2024-03-31": {
        "Tax Effect Of Unusual Items": 0.0,
        "Tax Rate For Calcs": 0.25,
        "Normalized EBITDA": -10128831.0,
        "Total Unusual Items": NaN,
        "Total Unusual Items Excluding Goodwill": NaN,
        "Net Income From Continuing Operation Net Minority Interest": -10901284.0,
        "Reconciled Depreciation": 691465.0,
        "Reconciled Cost Of Revenue": 26597407.0,
        "EBITDA": -10128831.0,
        "EBIT": -10820296.0,
        "Net Interest Income": -32914.0,
        "Interest Expense": 75461.0,
        "Interest Income": 42547.0,
        "Normalized Income": -10901284.0,
        "Net Income From Continuing And Discontinued Operation": -10901284.0,
        "Total Expenses": 43909603.0,
        "Total Operating Income As Reported": -10971286.0,
        "Diluted Average Shares": 14203877.0,
        "Basic Average Shares": 14203877.0,
        "Diluted EPS": -0.79,
        "Basic EPS": -0.79,
        "Diluted NI Availto Com Stockholders": -10901284.0,
        "Net Income Common Stockholders": -10901284.0,
        "Net Income": -10901284.0,
        "Net Income Including Noncontrolling Interests": -10901284.0,
        "Net Income Continuous Operations": -10901284.0,
        "Tax Provision": 5527.0,
        "Pretax Income": -10895757.0,
        "Other Income Expense": 108443.0,
        "Other Non Operating Income Expenses": 108443.0,
        "Gain On Sale Of Security": NaN,
        "Net Non Operating Interest Income Expense": -32914.0,
        "Interest Expense Non Operating": 75461.0,
        "Interest Income Non Operating": 42547.0,
        "Operating Income": -10971286.0,
        "Operating Expense": 17312196.0,
        "Selling General And Administration": 17312196.0,
        "Selling And Marketing Expense": 1855189.0,
        "General And Administrative Expense": 15457007.0,
        "Other Gand A": 15457007.0,
        "Gross Profit": 6340910.0,
        "Cost Of Revenue": 26597407.0,
        "Total Revenue": 32938317.0,
        "Operating Revenue": 32938317.0
    },
    "2023-12-31": {
        "Tax Effect Of Unusual Items": NaN,
        "Tax Rate For Calcs": NaN,
        "Normalized EBITDA": NaN,
        "Total Unusual Items": NaN,
        "Total Unusual Items Excluding Goodwill": NaN,
        "Net Income From Continuing Operation Net Minority Interest": NaN,
        "Reconciled Depreciation": NaN,
        "Reconciled Cost Of Revenue": NaN,
        "EBITDA": NaN,
        "EBIT": NaN,
        "Net Interest Income": NaN,
        "Interest Expense": NaN,
        "Interest Income": NaN,
        "Normalized Income": NaN,
        "Net Income From Continuing And Discontinued Operation": NaN,
        "Total Expenses": NaN,
        "Total Operating Income As Reported": NaN,
        "Diluted Average Shares": 13380914.0,
        "Basic Average Shares": 13380914.0,
        "Diluted EPS": -0.4,
        "Basic EPS": -0.4,
        "Diluted NI Availto Com Stockholders": NaN,
        "Net Income Common Stockholders": NaN,
        "Net Income": NaN,
        "Net Income Including Noncontrolling Interests": NaN,
        "Net Income Continuous Operations": NaN,
        "Tax Provision": NaN,
        "Pretax Income": NaN,
        "Other Income Expense": NaN,
        "Other Non Operating Income Expenses": NaN,
        "Gain On Sale Of Security": NaN,
        "Net Non Operating Interest Income Expense": NaN,
        "Interest Expense Non Operating": NaN,
        "Interest Income Non Operating": NaN,
        "Operating Income": NaN,
        "Operating Expense": NaN,
        "Selling General And Administration": NaN,
        "Selling And Marketing Expense": NaN,
        "General And Administrative Expense": NaN,
        "Other Gand A": NaN,
        "Gross Profit": NaN,
        "Cost Of Revenue": NaN,
        "Total Revenue": NaN,
        "Operating Revenue": NaN
    },
    "2023-09-30": {
        "Tax Effect Of Unusual Items": NaN,
        "Tax Rate For Calcs": NaN,
        "Normalized EBITDA": NaN,
        "Total Unusual Items": NaN,
        "Total Unusual Items Excluding Goodwill": NaN,
        "Net Income From Continuing Operation Net Minority Interest": NaN,
        "Reconciled Depreciation": NaN,
        "Reconciled Cost Of Revenue": NaN,
        "EBITDA": NaN,
        "EBIT": NaN,
        "Net Interest Income": NaN,
        "Interest Expense": NaN,
        "Interest Income": NaN,
        "Normalized Income": NaN,
        "Net Income From Continuing And Discontinued Operation": NaN,
        "Total Expenses": NaN,
        "Total Operating Income As Reported": NaN,
        "Diluted Average Shares": 13380914.0,
        "Basic Average Shares": 13380914.0,
        "Diluted EPS": -0.13,
        "Basic EPS": -0.13,
        "Diluted NI Availto Com Stockholders": NaN,
        "Net Income Common Stockholders": NaN,
        "Net Income": NaN,
        "Net Income Including Noncontrolling Interests": NaN,
        "Net Income Continuous Operations": NaN,
        "Tax Provision": NaN,
        "Pretax Income": NaN,
        "Other Income Expense": NaN,
        "Other Non Operating Income Expenses": NaN,
        "Gain On Sale Of Security": NaN,
        "Net Non Operating Interest Income Expense": NaN,
        "Interest Expense Non Operating": NaN,
        "Interest Income Non Operating": NaN,
        "Operating Income": NaN,
        "Operating Expense": NaN,
        "Selling General And Administration": NaN,
        "Selling And Marketing Expense": NaN,
        "General And Administrative Expense": NaN,
        "Other Gand A": NaN,
        "Gross Profit": NaN,
        "Cost Of Revenue": NaN,
        "Total Revenue": NaN,
        "Operating Revenue": NaN
    },
    "2023-06-30": {
        "Tax Effect Of Unusual Items": NaN,
        "Tax Rate For Calcs": NaN,
        "Normalized EBITDA": NaN,
        "Total Unusual Items": NaN,
        "Total Unusual Items Excluding Goodwill": NaN,
        "Net Income From Continuing Operation Net Minority Interest": NaN,
        "Reconciled Depreciation": NaN,
        "Reconciled Cost Of Revenue": NaN,
        "EBITDA": NaN,
        "EBIT": NaN,
        "Net Interest Income": NaN,
        "Interest Expense": NaN,
        "Interest Income": NaN,
        "Normalized Income": NaN,
        "Net Income From Continuing And Discontinued Operation": NaN,
        "Total Expenses": NaN,
        "Total Operating Income As Reported": NaN,
        "Diluted Average Shares": NaN,
        "Basic Average Shares": NaN,
        "Diluted EPS": NaN,
        "Basic EPS": NaN,
        "Diluted NI Availto Com Stockholders": NaN,
        "Net Income Common Stockholders": NaN,
        "Net Income": NaN,
        "Net Income Including Noncontrolling Interests": NaN,
        "Net Income Discontinuous Operations": 0.0,
        "Net Income Continuous Operations": NaN,
        "Tax Provision": NaN,
        "Pretax Income": NaN,
        "Other Income Expense": NaN,
        "Other Non Operating Income Expenses": NaN,
        "Gain On Sale Of Security": NaN,
        "Net Non Operating Interest Income Expense": NaN,
        "Interest Expense Non Operating": NaN,
        "Interest Income Non Operating": NaN,
        "Operating Income": NaN,
        "Operating Expense": NaN,
        "Selling General And Administration": NaN,
        "Selling And Marketing Expense": NaN,
        "General And Administrative Expense": NaN,
        "Other Gand A": NaN,
        "Gross Profit": NaN,
        "Cost Of Revenue": NaN,
        "Total Revenue": NaN,
        "Operating Revenue": NaN
    },
    "2023-03-31": {
        "Tax Effect Of Unusual Items": NaN,
        "Tax Rate For Calcs": NaN,
        "Normalized EBITDA": NaN,
        "Total Unusual Items": NaN,
        "Total Unusual Items Excluding Goodwill": NaN,
        "Net Income From Continuing Operation Net Minority Interest": NaN,
        "Reconciled Depreciation": NaN,
        "Reconciled Cost Of Revenue": NaN,
        "EBITDA": NaN,
        "EBIT": NaN,
        "Net Interest Income": NaN,
        "Interest Expense": NaN,
        "Interest Income": NaN,
        "Normalized Income": NaN,
        "Net Income From Continuing And Discontinued Operation": NaN,
        "Total Expenses": NaN,
        "Total Operating Income As Reported": NaN,
        "Diluted Average Shares": 13380914.0,
        "Basic Average Shares": 13380914.0,
        "Diluted EPS": 0.02,
        "Basic EPS": 0.02,
        "Diluted NI Availto Com Stockholders": NaN,
        "Net Income Common Stockholders": NaN,
        "Net Income": NaN,
        "Net Income Including Noncontrolling Interests": NaN,
        "Net Income Discontinuous Operations": 0.0,
        "Net Income Continuous Operations": NaN,
        "Tax Provision": NaN,
        "Pretax Income": NaN,
        "Other Income Expense": NaN,
        "Other Non Operating Income Expenses": NaN,
        "Gain On Sale Of Security": NaN,
        "Net Non Operating Interest Income Expense": NaN,
        "Interest Expense Non Operating": NaN,
        "Interest Income Non Operating": NaN,
        "Operating Income": NaN,
        "Operating Expense": NaN,
        "Selling General And Administration": NaN,
        "Selling And Marketing Expense": NaN,
        "General And Administrative Expense": NaN,
        "Other Gand A": NaN,
        "Gross Profit": NaN,
        "Cost Of Revenue": NaN,
        "Total Revenue": NaN,
        "Operating Revenue": NaN
    },
    "2024-12-31": {
        "Tax Effect Of Unusual Items": 0.529446,
        "Tax Rate For Calcs": 0.002021,
        "Normalized EBITDA": -4407065.0,
        "Total Unusual Items": 262.0,
        "Total Unusual Items Excluding Goodwill": 262.0,
        "Net Income From Continuing Operation Net Minority Interest": -5132650.0,
        "Reconciled Depreciation": 615051.0,
        "Reconciled Cost Of Revenue": 10881359.0,
        "EBITDA": -4406803.0,
        "EBIT": -5021854.0,
        "Net Interest Income": -81843.0,
        "Interest Expense": 121189.0,
        "Interest Income": 39346.0,
        "Normalized Income": -5132911.470554,
        "Net Income From Continuing And Discontinued Operation": -5132650.0,
        "Total Expenses": 19141005.0,
        "Total Operating Income As Reported": -4792605.0,
        "Diluted Average Shares": 14793538.0,
        "Basic Average Shares": 14793538.0,
        "Diluted EPS": -0.35,
        "Basic EPS": -0.35,
        "Diluted NI Availto Com Stockholders": -5132650.0,
        "Net Income Common Stockholders": -5132650.0,
        "Net Income": -5132650.0,
        "Net Income Including Noncontrolling Interests": -5132650.0,
        "Net Income Continuous Operations": -5132650.0,
        "Tax Provision": -10393.0,
        "Pretax Income": -5143043.0,
        "Other Income Expense": -268332.0,
        "Other Non Operating Income Expenses": -268594.0,
        "Gain On Sale Of Security": 262.0,
        "Net Non Operating Interest Income Expense": -81843.0,
        "Interest Expense Non Operating": 121189.0,
        "Interest Income Non Operating": 39346.0,
        "Operating Income": -4792867.0,
        "Operating Expense": 8259646.0,
        "Selling General And Administration": 8259646.0,
        "Selling And Marketing Expense": 1817206.0,
        "General And Administrative Expense": 6442440.0,
        "Other Gand A": 6442440.0,
        "Gross Profit": 3466779.0,
        "Cost Of Revenue": 10881359.0,
        "Total Revenue": 14348138.0,
        "Operating Revenue": 14348138.0
    },
    "2025-03-31": {
        "Tax Effect Of Unusual Items": 0.0,
        "Tax Rate For Calcs": 0.000291,
        "Normalized EBITDA": -195739.0,
        "Total Unusual Items": NaN,
        "Total Unusual Items Excluding Goodwill": NaN,
        "Net Income From Continuing Operation Net Minority Interest": -875223.0,
        "Reconciled Depreciation": 557937.0,
        "Reconciled Cost Of Revenue": 19826414.0,
        "EBITDA": -195739.0,
        "EBIT": -753676.0,
        "Net Interest Income": -96428.0,
        "Interest Expense": 121802.0,
        "Interest Income": 25374.0,
        "Normalized Income": -875223.0,
        "Net Income From Continuing And Discontinued Operation": -875223.0,
        "Total Expenses": 25384941.0,
        "Total Operating Income As Reported": -599223.0,
        "Diluted Average Shares": 14563347.0,
        "Basic Average Shares": 14563347.0,
        "Diluted EPS": -0.06,
        "Basic EPS": -0.06,
        "Diluted NI Availto Com Stockholders": -875223.0,
        "Net Income Common Stockholders": -875223.0,
        "Net Income": -875223.0,
        "Net Income Including Noncontrolling Interests": -875223.0,
        "Net Income Continuous Operations": -875223.0,
        "Tax Provision": -255.0,
        "Pretax Income": -875478.0,
        "Other Income Expense": -179827.0,
        "Other Non Operating Income Expenses": -179827.0,
        "Gain On Sale Of Security": NaN,
        "Net Non Operating Interest Income Expense": -96428.0,
        "Interest Expense Non Operating": 121802.0,
        "Interest Income Non Operating": 25374.0,
        "Operating Income": -599223.0,
        "Operating Expense": 5558527.0,
        "Selling General And Administration": 5558527.0,
        "Selling And Marketing Expense": 1716374.0,
        "General And Administrative Expense": 3842153.0,
        "Other Gand A": 3842153.0,
        "Gross Profit": 4959304.0,
        "Cost Of Revenue": 19826414.0,
        "Total Revenue": 24785718.0,
        "Operating Revenue": 24785718.0
    }
}