{
    "2023-03-31": {
        "Tax Effect Of Unusual Items": -2235068769.204761,
        "Tax Rate For Calcs": 0.235345,
        "Normalized EBITDA": 299101000000.0,
        "Total Unusual Items": -9497000000.0,
        "Total Unusual Items Excluding Goodwill": -9497000000.0,
        "Net Income From Continuing Operation Net Minority Interest": 140468000000.0,
        "Reconciled Depreciation": 55755000000.0,
        "Reconciled Cost Of Revenue": 830974000000.0,
        "EBITDA": 289604000000.0,
        "EBIT": 233849000000.0,
        "Net Interest Income": -13390000000.0,
        "Interest Expense": 32727000000.0,
        "Interest Income": 19337000000.0,
        "Normalized Income": 147729931230.79523,
        "Net Income From Continuing And Discontinued Operation": 140468000000.0,
        "Total Expenses": 973770000000.0,
        "Total Operating Income As Reported": 215631000000.0,
        "Diluted Average Shares": 1383331144.0,
        "Basic Average Shares": 1383331144.0,
        "Diluted EPS": 101.5,
        "Basic EPS": 101.5,
        "Diluted NI Availto Com Stockholders": 140468000000.0,
        "Net Income Common Stockholders": 140468000000.0,
        "Net Income": 140468000000.0,
        "Minority Interests": -13321000000.0,
        "Net Income Including Noncontrolling Interests": 153789000000.0,
        "Net Income Continuous Operations": 153789000000.0,
        "Tax Provision": 47333000000.0,
        "Pretax Income": 201122000000.0,
        "Other Income Expense": -7978000000.0,
        "Other Non Operating Income Expenses": 2050000000.0,
        "Special Income Charges": -5826000000.0,
        "Gain On Sale Of Ppe": 1033000000.0,
        "Write Off": 6859000000.0,
        "Earnings From Equity Interest": -531000000.0,
        "Gain On Sale Of Security": -3671000000.0,
        "Net Non Operating Interest Income Expense": -13390000000.0,
        "Interest Expense Non Operating": 32727000000.0,
        "Interest Income Non Operating": 19337000000.0,
        "Operating Income": 222491000000.0,
        "Operating Expense": 142796000000.0,
        "Other Operating Expenses": 47106000000.0,
        "Depreciation Amortization Depletion Income Statement": 55755000000.0,
        "Depreciation And Amortization In Income Statement": 55755000000.0,
        "Selling General And Administration": 39935000000.0,
        "General And Administrative Expense": 39935000000.0,
        "Salaries And Wages": 39935000000.0,
        "Gross Profit": 365287000000.0,
        "Cost Of Revenue": 830974000000.0,
        "Total Revenue": 1196261000000.0,
        "Operating Revenue": 1148782000000.0
    },
    "2022-12-31": {
        "Tax Effect Of Unusual Items": 298104394848.28644,
        "Tax Rate For Calcs": 0.298498,
        "Normalized EBITDA": 593303197000.0,
        "Total Unusual Items": 998680475000.0,
        "Total Unusual Items Excluding Goodwill": 998680475000.0,
        "Net Income From Continuing Operation Net Minority Interest": 1102640258000.0,
        "Reconciled Depreciation": 63307951000.0,
        "Reconciled Cost Of Revenue": 890475014000.0,
        "EBITDA": 1591983672000.0,
        "EBIT": 1528675721000.0,
        "Net Interest Income": -29983503000.0,
        "Interest Expense": -94133948000.0,
        "Interest Income": -8714806000.0,
        "Normalized Income": 402064177848.28644,
        "Net Income From Continuing And Discontinued Operation": 1102640258000.0,
        "Total Expenses": 510416524000.0,
        "Total Operating Income As Reported": 689932237000.0,
        "Diluted Average Shares": 1383331144.0,
        "Basic Average Shares": 1383331144.0,
        "Diluted EPS": 797.0,
        "Basic EPS": 797.0,
        "Diluted NI Availto Com Stockholders": 1102640258000.0,
        "Net Income Common Stockholders": 1102640258000.0,
        "Net Income": 1102640258000.0,
        "Minority Interests": -35763531000.0,
        "Net Income Including Noncontrolling Interests": 1138402789000.0,
        "Net Income Continuous Operations": 1138402789000.0,
        "Tax Provision": 484405880000.0,
        "Pretax Income": 1622809669000.0,
        "Other Income Expense": 996555606000.0,
        "Other Non Operating Income Expenses": -2434110000.0,
        "Special Income Charges": 936897448000.0,
        "Gain On Sale Of Ppe": -224000.0,
        "Write Off": 4786354000.0,
        "Earnings From Equity Interest": 309241000.0,
        "Gain On Sale Of Security": 61783027000.0,
        "Net Non Operating Interest Income Expense": -29983503000.0,
        "Interest Expense Non Operating": -94133948000.0,
        "Interest Income Non Operating": -8714806000.0,
        "Operating Income": 656236566000.0,
        "Operating Expense": -380058490000.0,
        "Other Operating Expenses": -616339115000.0,
        "Depreciation Amortization Depletion Income Statement": 63307951000.0,
        "Depreciation And Amortization In Income Statement": 63307951000.0,
        "Selling General And Administration": 166199277000.0,
        "General And Administrative Expense": 163207948000.0,
        "Salaries And Wages": 40300393000.0,
        "Gross Profit": 276178076000.0,
        "Cost Of Revenue": 890475014000.0,
        "Total Revenue": 1166653090000.0,
        "Operating Revenue": 1270440090000.0
    },
    "2022-09-30": {
        "Tax Effect Of Unusual Items": 1793540273.236427,
        "Tax Rate For Calcs": 0.083347,
        "Normalized EBITDA": 223909000000.0,
        "Total Unusual Items": 21519000000.0,
        "Total Unusual Items Excluding Goodwill": 21519000000.0,
        "Net Income From Continuing Operation Net Minority Interest": 100246000000.0,
        "Reconciled Depreciation": 58978000000.0,
        "Reconciled Cost Of Revenue": 996076000000.0,
        "EBITDA": 245428000000.0,
        "EBIT": 186450000000.0,
        "Net Interest Income": -48550000000.0,
        "Interest Expense": 62894000000.0,
        "Interest Income": 14344000000.0,
        "Normalized Income": 80520540273.23642,
        "Net Income From Continuing And Discontinued Operation": 100246000000.0,
        "Total Expenses": 1149112000000.0,
        "Total Operating Income As Reported": 146195000000.0,
        "Diluted Average Shares": 1383331144.0,
        "Basic Average Shares": 1383331144.0,
        "Diluted EPS": 72.5,
        "Basic EPS": 72.5,
        "Diluted NI Availto Com Stockholders": 100246000000.0,
        "Net Income Common Stockholders": 100246000000.0,
        "Net Income": 100246000000.0,
        "Minority Interests": -13012000000.0,
        "Net Income Including Noncontrolling Interests": 113258000000.0,
        "Net Income Continuous Operations": 113258000000.0,
        "Tax Provision": 10298000000.0,
        "Pretax Income": 123556000000.0,
        "Other Income Expense": 24165000000.0,
        "Other Non Operating Income Expenses": 1226000000.0,
        "Special Income Charges": -1746000000.0,
        "Gain On Sale Of Ppe": 0.0,
        "Write Off": 1746000000.0,
        "Earnings From Equity Interest": 1420000000.0,
        "Gain On Sale Of Security": 23265000000.0,
        "Net Non Operating Interest Income Expense": -48550000000.0,
        "Interest Expense Non Operating": 62894000000.0,
        "Interest Income Non Operating": 14344000000.0,
        "Operating Income": 147942000000.0,
        "Operating Expense": 153036000000.0,
        "Other Operating Expenses": 50492000000.0,
        "Depreciation Amortization Depletion Income Statement": 58978000000.0,
        "Depreciation And Amortization In Income Statement": 58978000000.0,
        "Selling General And Administration": 43566000000.0,
        "General And Administrative Expense": 43566000000.0,
        "Salaries And Wages": 43566000000.0,
        "Gross Profit": 300978000000.0,
        "Cost Of Revenue": 996076000000.0,
        "Total Revenue": 1297054000000.0,
        "Operating Revenue": 1273149000000.0
    },
    "2022-06-30": {
        "Tax Effect Of Unusual Items": -3767600000.0,
        "Tax Rate For Calcs": 0.4,
        "Normalized EBITDA": 73678000000.0,
        "Total Unusual Items": -9419000000.0,
        "Total Unusual Items Excluding Goodwill": -9419000000.0,
        "Net Income From Continuing Operation Net Minority Interest": -11145000000.0,
        "Reconciled Depreciation": 59634000000.0,
        "Reconciled Cost Of Revenue": 899475000000.0,
        "EBITDA": 64259000000.0,
        "EBIT": 4625000000.0,
        "Net Interest Income": -23794000000.0,
        "Interest Expense": 47014000000.0,
        "Interest Income": 23220000000.0,
        "Normalized Income": -5493600000.0,
        "Net Income From Continuing And Discontinued Operation": -11145000000.0,
        "Total Expenses": 1035644000000.0,
        "Total Operating Income As Reported": -27197000000.0,
        "Diluted Average Shares": 1383331144.0,
        "Basic Average Shares": 1383331144.0,
        "Diluted EPS": -8.0,
        "Basic EPS": -8.0,
        "Diluted NI Availto Com Stockholders": -11145000000.0,
        "Net Income Common Stockholders": -11145000000.0,
        "Net Income": -11145000000.0,
        "Minority Interests": -2923000000.0,
        "Net Income Including Noncontrolling Interests": -8223000000.0,
        "Net Income Continuous Operations": -8223000000.0,
        "Tax Provision": -34166000000.0,
        "Pretax Income": -42389000000.0,
        "Other Income Expense": -1159000000.0,
        "Other Non Operating Income Expenses": 7166000000.0,
        "Special Income Charges": -9226000000.0,
        "Gain On Sale Of Ppe": 535000000.0,
        "Write Off": 9761000000.0,
        "Impairment Of Capital Assets": 0.0,
        "Earnings From Equity Interest": 1094000000.0,
        "Gain On Sale Of Security": -193000000.0,
        "Net Non Operating Interest Income Expense": -23794000000.0,
        "Interest Expense Non Operating": 47014000000.0,
        "Interest Income Non Operating": 23220000000.0,
        "Operating Income": -17436000000.0,
        "Operating Expense": 136169000000.0,
        "Other Operating Expenses": 37432000000.0,
        "Depreciation Amortization Depletion Income Statement": 59634000000.0,
        "Depreciation And Amortization In Income Statement": 59634000000.0,
        "Selling General And Administration": 39103000000.0,
        "General And Administrative Expense": 39103000000.0,
        "Salaries And Wages": 39103000000.0,
        "Gross Profit": 118733000000.0,
        "Cost Of Revenue": 899475000000.0,
        "Total Revenue": 1018208000000.0,
        "Operating Revenue": 970262000000.0
    },
    "2023-06-30": {
        "Tax Effect Of Unusual Items": -976697985.322302,
        "Tax Rate For Calcs": 0.372785,
        "Normalized EBITDA": 73713000000.0,
        "Total Unusual Items": -2620000000.0,
        "Total Unusual Items Excluding Goodwill": -2620000000.0,
        "Net Income From Continuing Operation Net Minority Interest": -26726000000.0,
        "Reconciled Depreciation": 59919000000.0,
        "Reconciled Cost Of Revenue": 810737000000.0,
        "EBITDA": 71093000000.0,
        "EBIT": 11174000000.0,
        "Net Interest Income": -35819000000.0,
        "Interest Expense": 53960000000.0,
        "Interest Income": 18141000000.0,
        "Normalized Income": -25082697985.322304,
        "Net Income From Continuing And Discontinued Operation": -26726000000.0,
        "Total Expenses": 960811000000.0,
        "Total Operating Income As Reported": -16966000000.0,
        "Diluted Average Shares": 1383331144.0,
        "Basic Average Shares": 1383331144.0,
        "Diluted EPS": -19.5,
        "Basic EPS": -19.5,
        "Diluted NI Availto Com Stockholders": -26726000000.0,
        "Net Income Common Stockholders": -26726000000.0,
        "Net Income": -26726000000.0,
        "Minority Interests": 111000000.0,
        "Net Income Including Noncontrolling Interests": -26837000000.0,
        "Net Income Continuous Operations": -26837000000.0,
        "Tax Provision": -15950000000.0,
        "Pretax Income": -42786000000.0,
        "Other Income Expense": 8818000000.0,
        "Other Non Operating Income Expenses": 5860000000.0,
        "Special Income Charges": -1628000000.0,
        "Gain On Sale Of Ppe": -447000000.0,
        "Write Off": 1181000000.0,
        "Earnings From Equity Interest": 5578000000.0,
        "Gain On Sale Of Security": -992000000.0,
        "Net Non Operating Interest Income Expense": -35819000000.0,
        "Interest Expense Non Operating": 53960000000.0,
        "Interest Income Non Operating": 18141000000.0,
        "Operating Income": -15785000000.0,
        "Operating Expense": 150074000000.0,
        "Other Operating Expenses": 48751000000.0,
        "Depreciation Amortization Depletion Income Statement": 59919000000.0,
        "Depreciation And Amortization In Income Statement": 59919000000.0,
        "Selling General And Administration": 41404000000.0,
        "General And Administrative Expense": 41404000000.0,
        "Salaries And Wages": 41404000000.0,
        "Gross Profit": 134289000000.0,
        "Cost Of Revenue": 810737000000.0,
        "Total Revenue": 945026000000.0,
        "Operating Revenue": 911895000000.0
    },
    "2022-03-31": {
        "Diluted EPS": 0.05,
        "Total Revenue": NaN,
        "Gross Profit": 280,
        "Operating Income": 124,
        "EBIT": 124,
        "Net Income": 72
    },
    "2021-09-30": {
        "Diluted EPS": -0.01,
        "Total Revenue": NaN,
        "Gross Profit": 176,
        "Operating Income": 6,
        "EBIT": 6,
        "Net Income": -20
    },
    "2021-06-30": {
        "Diluted EPS": 0.02,
        "Total Revenue": 955,
        "Gross Profit": 331,
        "Operating Income": 129,
        "EBIT": 129,
        "Net Income": 28
    },
    "2020-09-30": {
        "Diluted EPS": 0.1,
        "Total Revenue": 858,
        "Gross Profit": 417,
        "Operating Income": 226,
        "EBIT": 226,
        "Net Income": 132
    },
    "2020-06-30": {
        "Diluted EPS": -0.35,
        "Total Revenue": 765,
        "Gross Profit": 317,
        "Operating Income": -675,
        "EBIT": -675,
        "Net Income": -479
    },
    "2020-03-31": {
        "Diluted EPS": 0.06,
        "Total Revenue": 780,
        "Gross Profit": 326,
        "Operating Income": 155,
        "Net Income": 85
    },
    "2018-03-31": {
        "Diluted EPS": 0.12,
        "Total Revenue": 955,
        "Gross Profit": 392,
        "Operating Income": 232,
        "EBIT": 232,
        "Net Income": 119
    },
    "2017-12-31": {
        "Diluted EPS": 0.15,
        "Total Revenue": 894,
        "Gross Profit": 453,
        "Operating Income": 263,
        "EBIT": 263,
        "Net Income": 140
    },
    "2017-09-30": {
        "Diluted EPS": 0.13,
        "Total Revenue": NaN,
        "Gross Profit": 414,
        "Operating Income": 252,
        "EBIT": 252,
        "Net Income": 125
    },
    "2017-06-30": {
        "Diluted EPS": 0.09,
        "Total Revenue": 986,
        "Gross Profit": 308,
        "Operating Income": 156,
        "EBIT": 156,
        "Net Income": 85
    },
    "2017-03-31": {
        "Diluted EPS": 0.18,
        "Total Revenue": 892,
        "Gross Profit": 337,
        "Operating Income": 196,
        "EBIT": 196,
        "Net Income": 175
    },
    "2016-03-31": {
        "Diluted EPS": 0.05,
        "Total Revenue": 313,
        "Gross Profit": 112,
        "Operating Income": 65,
        "EBIT": 65,
        "Net Income": 52
    },
    "2015-12-31": {
        "Diluted EPS": 0.0,
        "Total Revenue": NaN,
        "Gross Profit": NaN,
        "Operating Income": NaN,
        "EBIT": NaN,
        "Net Income": NaN
    },
    "2014-12-31": {
        "Diluted EPS": 0.0,
        "Total Revenue": NaN,
        "Gross Profit": NaN,
        "Operating Income": NaN,
        "EBIT": NaN,
        "Net Income": NaN
    },
    "2023-09-30": {
        "Tax Effect Of Unusual Items": 6941152989.666089,
        "Tax Rate For Calcs": 0.301619,
        "Normalized EBITDA": 352128000000.0,
        "Total Unusual Items": 23013000000.0,
        "Total Unusual Items Excluding Goodwill": 23013000000.0,
        "Net Income From Continuing Operation Net Minority Interest": 161916000000.0,
        "Reconciled Depreciation": 67569000000.0,
        "Reconciled Cost Of Revenue": 617894000000.0,
        "EBITDA": 375141000000.0,
        "EBIT": 307572000000.0,
        "Net Interest Income": -27881000000.0,
        "Interest Expense": 56457000000.0,
        "Interest Income": 28576000000.0,
        "Normalized Income": 145844152989.66608,
        "Net Income From Continuing And Discontinued Operation": 161916000000.0,
        "Total Expenses": 782451000000.0,
        "Total Operating Income As Reported": 251145000000.0,
        "Diluted Average Shares": 1383331144.0,
        "Basic Average Shares": 1383331144.0,
        "Diluted EPS": 117.0,
        "Basic EPS": 117.0,
        "Diluted NI Availto Com Stockholders": 161916000000.0,
        "Net Income Common Stockholders": 161916000000.0,
        "Net Income": 161916000000.0,
        "Minority Interests": -13459000000.0,
        "Net Income Including Noncontrolling Interests": 175374000000.0,
        "Net Income Continuous Operations": 175374000000.0,
        "Tax Provision": 75741000000.0,
        "Pretax Income": 251115000000.0,
        "Other Income Expense": 25472000000.0,
        "Other Non Operating Income Expenses": 1291000000.0,
        "Special Income Charges": -2379000000.0,
        "Gain On Sale Of Ppe": 0.0,
        "Write Off": 2379000000.0,
        "Earnings From Equity Interest": 1168000000.0,
        "Gain On Sale Of Security": 25392000000.0,
        "Net Non Operating Interest Income Expense": -27881000000.0,
        "Interest Expense Non Operating": 56457000000.0,
        "Interest Income Non Operating": 28576000000.0,
        "Operating Income": 253526000000.0,
        "Operating Expense": 164557000000.0,
        "Other Operating Expenses": 54307000000.0,
        "Depreciation Amortization Depletion Income Statement": 67569000000.0,
        "Depreciation And Amortization In Income Statement": 67569000000.0,
        "Selling General And Administration": 42681000000.0,
        "General And Administrative Expense": 42681000000.0,
        "Salaries And Wages": 42681000000.0,
        "Gross Profit": 418083000000.0,
        "Cost Of Revenue": 617894000000.0,
        "Total Revenue": 1035977000000.0,
        "Operating Revenue": 998348000000.0
    },
    "2024-03-31": {
        "Tax Effect Of Unusual Items": NaN,
        "Tax Rate For Calcs": NaN,
        "Normalized EBITDA": NaN,
        "Total Unusual Items": NaN,
        "Total Unusual Items Excluding Goodwill": NaN,
        "Net Income From Continuing Operation Net Minority Interest": NaN,
        "Reconciled Depreciation": NaN,
        "Reconciled Cost Of Revenue": NaN,
        "EBITDA": NaN,
        "EBIT": NaN,
        "Net Interest Income": NaN,
        "Interest Expense": NaN,
        "Interest Income": NaN,
        "Normalized Income": NaN,
        "Net Income From Continuing And Discontinued Operation": NaN,
        "Total Expenses": NaN,
        "Total Operating Income As Reported": NaN,
        "Diluted Average Shares": NaN,
        "Basic Average Shares": NaN,
        "Diluted EPS": NaN,
        "Basic EPS": NaN,
        "Diluted NI Availto Com Stockholders": NaN,
        "Net Income Common Stockholders": NaN,
        "Net Income": NaN,
        "Minority Interests": NaN,
        "Net Income Including Noncontrolling Interests": NaN,
        "Net Income Continuous Operations": NaN,
        "Tax Provision": NaN,
        "Pretax Income": NaN,
        "Other Income Expense": NaN,
        "Other Non Operating Income Expenses": NaN,
        "Special Income Charges": NaN,
        "Gain On Sale Of Ppe": 0.0,
        "Write Off": NaN,
        "Impairment Of Capital Assets": NaN,
        "Earnings From Equity Interest": NaN,
        "Gain On Sale Of Security": NaN,
        "Net Non Operating Interest Income Expense": NaN,
        "Interest Expense Non Operating": NaN,
        "Interest Income Non Operating": NaN,
        "Operating Income": NaN,
        "Operating Expense": NaN,
        "Other Operating Expenses": NaN,
        "Depreciation Amortization Depletion Income Statement": NaN,
        "Depreciation And Amortization In Income Statement": NaN,
        "Selling General And Administration": NaN,
        "General And Administrative Expense": NaN,
        "Salaries And Wages": NaN,
        "Gross Profit": NaN,
        "Cost Of Revenue": NaN,
        "Total Revenue": NaN,
        "Operating Revenue": NaN
    },
    "2023-12-31": {
        "Tax Effect Of Unusual Items": NaN,
        "Tax Rate For Calcs": NaN,
        "Normalized EBITDA": NaN,
        "Total Unusual Items": NaN,
        "Total Unusual Items Excluding Goodwill": NaN,
        "Net Income From Continuing Operation Net Minority Interest": NaN,
        "Reconciled Depreciation": NaN,
        "Reconciled Cost Of Revenue": NaN,
        "EBITDA": NaN,
        "EBIT": NaN,
        "Net Interest Income": NaN,
        "Interest Expense": NaN,
        "Interest Income": NaN,
        "Normalized Income": NaN,
        "Net Income From Continuing And Discontinued Operation": NaN,
        "Total Expenses": NaN,
        "Total Operating Income As Reported": NaN,
        "Diluted Average Shares": NaN,
        "Basic Average Shares": NaN,
        "Diluted EPS": NaN,
        "Basic EPS": NaN,
        "Diluted NI Availto Com Stockholders": NaN,
        "Net Income Common Stockholders": NaN,
        "Net Income": NaN,
        "Minority Interests": NaN,
        "Net Income Including Noncontrolling Interests": NaN,
        "Net Income Continuous Operations": NaN,
        "Tax Provision": NaN,
        "Pretax Income": NaN,
        "Other Income Expense": NaN,
        "Other Non Operating Income Expenses": NaN,
        "Special Income Charges": NaN,
        "Gain On Sale Of Ppe": 4310322.680316,
        "Write Off": NaN,
        "Impairment Of Capital Assets": NaN,
        "Earnings From Equity Interest": NaN,
        "Gain On Sale Of Security": NaN,
        "Net Non Operating Interest Income Expense": NaN,
        "Interest Expense Non Operating": NaN,
        "Interest Income Non Operating": NaN,
        "Operating Income": NaN,
        "Operating Expense": NaN,
        "Other Operating Expenses": NaN,
        "Depreciation Amortization Depletion Income Statement": NaN,
        "Depreciation And Amortization In Income Statement": NaN,
        "Selling General And Administration": NaN,
        "General And Administrative Expense": NaN,
        "Salaries And Wages": NaN,
        "Gross Profit": NaN,
        "Cost Of Revenue": NaN,
        "Total Revenue": NaN,
        "Operating Revenue": NaN
    },
    "2024-06-30": {
        "Tax Effect Of Unusual Items": NaN,
        "Tax Rate For Calcs": NaN,
        "Normalized EBITDA": NaN,
        "Total Unusual Items": NaN,
        "Total Unusual Items Excluding Goodwill": NaN,
        "Net Income From Continuing Operation Net Minority Interest": NaN,
        "Reconciled Depreciation": NaN,
        "Reconciled Cost Of Revenue": NaN,
        "EBITDA": NaN,
        "EBIT": NaN,
        "Net Interest Income": NaN,
        "Interest Expense": NaN,
        "Interest Income": NaN,
        "Normalized Income": NaN,
        "Net Income From Continuing And Discontinued Operation": NaN,
        "Total Expenses": NaN,
        "Total Operating Income As Reported": NaN,
        "Diluted Average Shares": NaN,
        "Basic Average Shares": NaN,
        "Diluted EPS": NaN,
        "Basic EPS": NaN,
        "Diluted NI Availto Com Stockholders": NaN,
        "Net Income Common Stockholders": NaN,
        "Net Income": NaN,
        "Minority Interests": NaN,
        "Net Income Including Noncontrolling Interests": NaN,
        "Net Income Continuous Operations": NaN,
        "Tax Provision": NaN,
        "Pretax Income": NaN,
        "Other Income Expense": NaN,
        "Other Non Operating Income Expenses": NaN,
        "Special Income Charges": NaN,
        "Gain On Sale Of Ppe": 0.0,
        "Write Off": NaN,
        "Impairment Of Capital Assets": 0.0,
        "Earnings From Equity Interest": NaN,
        "Gain On Sale Of Security": NaN,
        "Net Non Operating Interest Income Expense": NaN,
        "Interest Expense Non Operating": NaN,
        "Interest Income Non Operating": NaN,
        "Operating Income": NaN,
        "Operating Expense": NaN,
        "Other Operating Expenses": NaN,
        "Depreciation Amortization Depletion Income Statement": NaN,
        "Depreciation And Amortization In Income Statement": NaN,
        "Selling General And Administration": NaN,
        "General And Administrative Expense": NaN,
        "Salaries And Wages": NaN,
        "Gross Profit": NaN,
        "Cost Of Revenue": NaN,
        "Total Revenue": NaN,
        "Operating Revenue": NaN
    },
    "2024-09-30": {
        "Tax Effect Of Unusual Items": -4476251.892307,
        "Tax Rate For Calcs": 0.252553,
        "Normalized EBITDA": 422320000.0,
        "Total Unusual Items": -17724000.0,
        "Total Unusual Items Excluding Goodwill": -17724000.0,
        "Net Income From Continuing Operation Net Minority Interest": 179562000.0,
        "Reconciled Depreciation": 83099000.0,
        "Reconciled Cost Of Revenue": 795744000.0,
        "EBITDA": 404596000.0,
        "EBIT": 321497000.0,
        "Net Interest Income": -48141000.0,
        "Interest Expense": 58194000.0,
        "Interest Income": 10053000.0,
        "Normalized Income": 192809748.107693,
        "Net Income From Continuing And Discontinued Operation": 179562000.0,
        "Total Expenses": 967769000.0,
        "Total Operating Income As Reported": 320187000.0,
        "Diluted Average Shares": 1383331140.0,
        "Basic Average Shares": 1383331140.0,
        "Diluted EPS": 0.13,
        "Basic EPS": 0.13,
        "Diluted NI Availto Com Stockholders": 179562000.0,
        "Net Income Common Stockholders": 179562000.0,
        "Net Income": 179562000.0,
        "Minority Interests": -17243000.0,
        "Net Income Including Noncontrolling Interests": 196805000.0,
        "Net Income Continuous Operations": 196805000.0,
        "Tax Provision": 66498000.0,
        "Pretax Income": 263303000.0,
        "Other Income Expense": -13155000.0,
        "Other Non Operating Income Expenses": 41000.0,
        "Special Income Charges": -4412000.0,
        "Gain On Sale Of Ppe": 0.0,
        "Write Off": 4412000.0,
        "Impairment Of Capital Assets": NaN,
        "Earnings From Equity Interest": 4528000.0,
        "Gain On Sale Of Security": -13312000.0,
        "Net Non Operating Interest Income Expense": -48141000.0,
        "Interest Expense Non Operating": 58194000.0,
        "Interest Income Non Operating": 10053000.0,
        "Operating Income": 324599000.0,
        "Operating Expense": 172025000.0,
        "Other Operating Expenses": 46453000.0,
        "Depreciation Amortization Depletion Income Statement": 83099000.0,
        "Depreciation And Amortization In Income Statement": 83099000.0,
        "Selling General And Administration": 42473000.0,
        "General And Administrative Expense": 42473000.0,
        "Salaries And Wages": 42473000.0,
        "Gross Profit": 496624000.0,
        "Cost Of Revenue": 795744000.0,
        "Total Revenue": 1292368000.0,
        "Operating Revenue": 1292368000.0
    },
    "2025-03-31": {
        "Tax Effect Of Unusual Items": 0.0,
        "Tax Rate For Calcs": 0.253012,
        "Normalized EBITDA": 390000000.0,
        "Total Unusual Items": 0.0,
        "Total Unusual Items Excluding Goodwill": 0.0,
        "Net Income From Continuing Operation Net Minority Interest": 175000000.0,
        "Reconciled Depreciation": 84000000.0,
        "Reconciled Cost Of Revenue": 645000000.0,
        "EBITDA": 390000000.0,
        "EBIT": 306000000.0,
        "Net Interest Income": -42000000.0,
        "Interest Expense": 57000000.0,
        "Interest Income": 15000000.0,
        "Normalized Income": 175000000.0,
        "Net Income From Continuing And Discontinued Operation": 175000000.0,
        "Total Expenses": 821000000.0,
        "Total Operating Income As Reported": 272000000.0,
        "Diluted Average Shares": 1383331144.0,
        "Basic Average Shares": 1383331144.0,
        "Diluted EPS": 0.125,
        "Basic EPS": 0.125,
        "Diluted NI Availto Com Stockholders": 175000000.0,
        "Net Income Common Stockholders": 175000000.0,
        "Net Income": 175000000.0,
        "Minority Interests": -12000000.0,
        "Net Income Including Noncontrolling Interests": 186000000.0,
        "Net Income Continuous Operations": 186000000.0,
        "Tax Provision": 63000000.0,
        "Pretax Income": 249000000.0,
        "Other Income Expense": 11000000.0,
        "Other Non Operating Income Expenses": 8000000.0,
        "Special Income Charges": -9000000.0,
        "Gain On Sale Of Ppe": NaN,
        "Write Off": 9000000.0,
        "Impairment Of Capital Assets": NaN,
        "Earnings From Equity Interest": 3000000.0,
        "Gain On Sale Of Security": 9000000.0,
        "Net Non Operating Interest Income Expense": -42000000.0,
        "Interest Expense Non Operating": 57000000.0,
        "Interest Income Non Operating": 15000000.0,
        "Operating Income": 281000000.0,
        "Operating Expense": 176000000.0,
        "Other Operating Expenses": 54000000.0,
        "Depreciation Amortization Depletion Income Statement": 84000000.0,
        "Depreciation And Amortization In Income Statement": 84000000.0,
        "Selling General And Administration": 38000000.0,
        "General And Administrative Expense": 38000000.0,
        "Salaries And Wages": 38000000.0,
        "Gross Profit": 457000000.0,
        "Cost Of Revenue": 645000000.0,
        "Total Revenue": 1102000000.0,
        "Operating Revenue": 1052000000.0
    },
    "2024-12-31": {
        "Tax Effect Of Unusual Items": -4573453.687176,
        "Tax Rate For Calcs": 0.287128,
        "Normalized EBITDA": -472475055.145752,
        "Total Unusual Items": -15928282.965265,
        "Total Unusual Items Excluding Goodwill": -15928282.965265,
        "Net Income From Continuing Operation Net Minority Interest": -318969967.464082,
        "Reconciled Depreciation": 48396297.752927,
        "Reconciled Cost Of Revenue": 335061717.408487,
        "EBITDA": -488403338.111017,
        "EBIT": -536799635.863944,
        "Net Interest Income": -22020374.875956,
        "Interest Expense": -91710680.192884,
        "Interest Income": -25682372.06884,
        "Normalized Income": -307615138.185994,
        "Net Income From Continuing And Discontinued Operation": -318969967.464082,
        "Total Expenses": 349285753.838014,
        "Total Operating Income As Reported": -408477294.781537,
        "Diluted Average Shares": 1383331144.0,
        "Basic Average Shares": 1383331144.0,
        "Diluted EPS": -0.1975,
        "Basic EPS": -0.1975,
        "Diluted NI Availto Com Stockholders": -318969967.464082,
        "Net Income Common Stockholders": -318969967.464082,
        "Net Income": -318969967.464082,
        "Minority Interests": -1677337.955747,
        "Net Income Including Noncontrolling Interests": -317292629.508336,
        "Net Income Continuous Operations": -317292629.508336,
        "Tax Provision": -127797436.162726,
        "Pretax Income": -445088955.67106,
        "Other Income Expense": -18473052.997047,
        "Other Non Operating Income Expenses": -3477045.024301,
        "Special Income Charges": -18556372.98348,
        "Gain On Sale Of Ppe": 0.0,
        "Write Off": 1909725.98348,
        "Impairment Of Capital Assets": NaN,
        "Earnings From Equity Interest": 932274.992519,
        "Gain On Sale Of Security": 2628090.018215,
        "Net Non Operating Interest Income Expense": -22020374.875956,
        "Interest Expense Non Operating": -91710680.192884,
        "Interest Income Non Operating": -25682372.06884,
        "Operating Income": -404595527.798057,
        "Operating Expense": 14224036.429527,
        "Other Operating Expenses": -206352956.188339,
        "Depreciation Amortization Depletion Income Statement": 48396297.752927,
        "Depreciation And Amortization In Income Statement": 48396297.752927,
        "Selling General And Administration": 166299244.864939,
        "General And Administrative Expense": 163524198.864939,
        "Salaries And Wages": 28875663.864939,
        "Gross Profit": -390371491.36853,
        "Cost Of Revenue": 335061717.408487,
        "Total Revenue": -55309773.960043,
        "Operating Revenue": 10755206.106022
    },
    "2025-06-30": {
        "Tax Effect Of Unusual Items": -10810810.810811,
        "Tax Rate For Calcs": 0.27027,
        "Normalized EBITDA": 314000000.0,
        "Total Unusual Items": -40000000.0,
        "Total Unusual Items Excluding Goodwill": -40000000.0,
        "Net Income From Continuing Operation Net Minority Interest": 71000000.0,
        "Reconciled Depreciation": 90000000.0,
        "Reconciled Cost Of Revenue": 751000000.0,
        "EBITDA": 274000000.0,
        "EBIT": 184000000.0,
        "Net Interest Income": -60000000.0,
        "Interest Expense": 73000000.0,
        "Interest Income": 13000000.0,
        "Normalized Income": 100189189.189189,
        "Net Income From Continuing And Discontinued Operation": 71000000.0,
        "Total Expenses": 973000000.0,
        "Total Operating Income As Reported": 166000000.0,
        "Diluted Average Shares": 1383331144.0,
        "Basic Average Shares": 1383331144.0,
        "Diluted EPS": 0.0,
        "Basic EPS": 0.0,
        "Diluted NI Availto Com Stockholders": 71000000.0,
        "Net Income Common Stockholders": 71000000.0,
        "Net Income": 71000000.0,
        "Minority Interests": -10000000.0,
        "Net Income Including Noncontrolling Interests": 81000000.0,
        "Net Income Continuous Operations": 81000000.0,
        "Tax Provision": 30000000.0,
        "Pretax Income": 111000000.0,
        "Other Income Expense": -33000000.0,
        "Other Non Operating Income Expenses": 3000000.0,
        "Special Income Charges": -38000000.0,
        "Gain On Sale Of Ppe": NaN,
        "Write Off": 9000000.0,
        "Impairment Of Capital Assets": 29000000.0,
        "Earnings From Equity Interest": 4000000.0,
        "Gain On Sale Of Security": -2000000.0,
        "Net Non Operating Interest Income Expense": -60000000.0,
        "Interest Expense Non Operating": 73000000.0,
        "Interest Income Non Operating": 13000000.0,
        "Operating Income": 203000000.0,
        "Operating Expense": 222000000.0,
        "Other Operating Expenses": 79000000.0,
        "Depreciation Amortization Depletion Income Statement": 90000000.0,
        "Depreciation And Amortization In Income Statement": 90000000.0,
        "Selling General And Administration": 53000000.0,
        "General And Administrative Expense": 53000000.0,
        "Salaries And Wages": 53000000.0,
        "Gross Profit": 425000000.0,
        "Cost Of Revenue": 751000000.0,
        "Total Revenue": 1176000000.0,
        "Operating Revenue": 1175000000.0
    },
    "2025-09-30": {
        "Tax Effect Of Unusual Items": -9247973.205682,
        "Tax Rate For Calcs": 0.271959,
        "Normalized EBITDA": 361836000.0,
        "Total Unusual Items": -34005000.0,
        "Total Unusual Items Excluding Goodwill": -34005000.0,
        "Net Income From Continuing Operation Net Minority Interest": 106175000.0,
        "Reconciled Depreciation": 100465000.0,
        "Reconciled Cost Of Revenue": 736975000.0,
        "EBITDA": 327831000.0,
        "EBIT": 227366000.0,
        "Net Interest Income": -54880000.0,
        "Interest Expense": 66511000.0,
        "Interest Income": 11631000.0,
        "Normalized Income": 130932026.794318,
        "Net Income From Continuing And Discontinued Operation": 106175000.0,
        "Total Expenses": 900716000.0,
        "Total Operating Income As Reported": 228590000.0,
        "Diluted Average Shares": 1383331140.0,
        "Basic Average Shares": 1383331140.0,
        "Diluted EPS": 0.077,
        "Basic EPS": 0.077,
        "Diluted NI Availto Com Stockholders": 106175000.0,
        "Net Income Common Stockholders": 106175000.0,
        "Net Income": 106175000.0,
        "Minority Interests": -10934000.0,
        "Net Income Including Noncontrolling Interests": 117109000.0,
        "Net Income Continuous Operations": 117109000.0,
        "Tax Provision": 43746000.0,
        "Pretax Income": 160855000.0,
        "Other Income Expense": -28631000.0,
        "Other Non Operating Income Expenses": 1942000.0,
        "Special Income Charges": -15776000.0,
        "Gain On Sale Of Ppe": NaN,
        "Write Off": 9717000.0,
        "Impairment Of Capital Assets": 6059000.0,
        "Earnings From Equity Interest": 3432000.0,
        "Gain On Sale Of Security": -18229000.0,
        "Net Non Operating Interest Income Expense": -54880000.0,
        "Interest Expense Non Operating": 66511000.0,
        "Interest Income Non Operating": 11631000.0,
        "Operating Income": 244366000.0,
        "Operating Expense": 163741000.0,
        "Other Operating Expenses": 19770000.0,
        "Depreciation Amortization Depletion Income Statement": 100465000.0,
        "Depreciation And Amortization In Income Statement": 100465000.0,
        "Selling General And Administration": 43506000.0,
        "General And Administrative Expense": 43506000.0,
        "Salaries And Wages": 43506000.0,
        "Gross Profit": 408107000.0,
        "Cost Of Revenue": 736975000.0,
        "Total Revenue": 1145082000.0,
        "Operating Revenue": 1145082000.0
    }
}