{
    "2023-03-31": {
        "Tax Effect Of Unusual Items": 0.0,
        "Tax Rate For Calcs": 0.0,
        "Normalized EBITDA": -4035194.0,
        "Total Unusual Items": 0.0,
        "Total Unusual Items Excluding Goodwill": 0.0,
        "Net Income From Continuing Operation Net Minority Interest": -4328296.0,
        "Reconciled Depreciation": 28242.0,
        "EBIT": -4063436.0,
        "Net Interest Income": -264860.0,
        "Interest Expense": 264860.0,
        "Interest Income": NaN,
        "Normalized Income": -4328296.0,
        "Net Income From Continuing And Discontinued Operation": -4328296.0,
        "Total Expenses": 4063436.0,
        "Total Operating Income As Reported": -4063436.0,
        "Diluted Average Shares": 55974605.0,
        "Basic Average Shares": 55974605.0,
        "Diluted EPS": -0.08,
        "Basic EPS": -0.08,
        "Diluted NI Availto Com Stockholders": -4328296.0,
        "Net Income Common Stockholders": -4328296.0,
        "Net Income": -4328296.0,
        "Net Income Including Noncontrolling Interests": -4328296.0,
        "Net Income Continuous Operations": -4328296.0,
        "Tax Provision": 0.0,
        "Pretax Income": -4328296.0,
        "Other Income Expense": NaN,
        "Special Income Charges": 0.0,
        "Other Special Charges": NaN,
        "Restructuring And Mergern Acquisition": 0.0,
        "Gain On Sale Of Security": NaN,
        "Net Non Operating Interest Income Expense": -264860.0,
        "Interest Expense Non Operating": 264860.0,
        "Interest Income Non Operating": NaN,
        "Operating Income": -4063436.0,
        "Operating Expense": 4063436.0,
        "Depreciation Amortization Depletion Income Statement": 28242.0,
        "Depreciation And Amortization In Income Statement": 28242.0,
        "Research And Development": 239137.0,
        "Selling General And Administration": 3796057.0,
        "General And Administrative Expense": 3796057.0,
        "Other Gand A": 3796057.0,
        "Total Revenue": 0.0,
        "Operating Revenue": 0.0,
        "Gross Profit": NaN
    },
    "2022-12-31": {
        "Tax Effect Of Unusual Items": 0.0,
        "Tax Rate For Calcs": 0.0,
        "Normalized EBITDA": -4336012.0,
        "Total Unusual Items": 0.0,
        "Total Unusual Items Excluding Goodwill": 0.0,
        "Net Income From Continuing Operation Net Minority Interest": -4457748.0,
        "Reconciled Depreciation": 28844.0,
        "EBIT": -4364856.0,
        "Net Interest Income": -89882.0,
        "Interest Expense": 92892.0,
        "Interest Income": 3010.0,
        "Normalized Income": -4457748.0,
        "Net Income From Continuing And Discontinued Operation": -4457748.0,
        "Total Expenses": 4367866.0,
        "Total Operating Income As Reported": -4367866.0,
        "Diluted Average Shares": 55509239.0,
        "Basic Average Shares": 55509239.0,
        "Diluted EPS": -0.08,
        "Basic EPS": -0.08,
        "Diluted NI Availto Com Stockholders": -4457748.0,
        "Net Income Common Stockholders": -4457748.0,
        "Net Income": -4457748.0,
        "Net Income Including Noncontrolling Interests": -4457748.0,
        "Net Income Continuous Operations": -4457748.0,
        "Tax Provision": 0.0,
        "Pretax Income": -4457748.0,
        "Other Income Expense": NaN,
        "Special Income Charges": 0.0,
        "Other Special Charges": NaN,
        "Restructuring And Mergern Acquisition": 0.0,
        "Gain On Sale Of Security": NaN,
        "Net Non Operating Interest Income Expense": -89882.0,
        "Interest Expense Non Operating": 92892.0,
        "Interest Income Non Operating": 3010.0,
        "Operating Income": -4367866.0,
        "Operating Expense": 4367866.0,
        "Depreciation Amortization Depletion Income Statement": 28844.0,
        "Depreciation And Amortization In Income Statement": 28844.0,
        "Research And Development": 325959.0,
        "Selling General And Administration": 4013063.0,
        "General And Administrative Expense": 4013063.0,
        "Other Gand A": 4013063.0,
        "Total Revenue": 0.0,
        "Operating Revenue": 0.0,
        "Gross Profit": NaN
    },
    "2022-09-30": {
        "Tax Effect Of Unusual Items": 0.0,
        "Tax Rate For Calcs": 0.0,
        "Normalized EBITDA": -7156592.0,
        "Total Unusual Items": -419182.0,
        "Total Unusual Items Excluding Goodwill": -419182.0,
        "Net Income From Continuing Operation Net Minority Interest": -7699760.0,
        "Reconciled Depreciation": 28401.0,
        "EBIT": -7604175.0,
        "Net Interest Income": -89962.0,
        "Interest Expense": 95585.0,
        "Interest Income": 5623.0,
        "Normalized Income": -7280578.0,
        "Net Income From Continuing And Discontinued Operation": -7699760.0,
        "Total Expenses": 7190616.0,
        "Total Operating Income As Reported": -7190616.0,
        "Diluted Average Shares": 55099473.0,
        "Basic Average Shares": 55099473.0,
        "Diluted EPS": -0.14,
        "Basic EPS": -0.14,
        "Diluted NI Availto Com Stockholders": -7699760.0,
        "Net Income Common Stockholders": -7699760.0,
        "Net Income": -7699760.0,
        "Net Income Including Noncontrolling Interests": -7699760.0,
        "Net Income Continuous Operations": -7699760.0,
        "Tax Provision": 0.0,
        "Pretax Income": -7699760.0,
        "Other Income Expense": -419182.0,
        "Special Income Charges": -419182.0,
        "Other Special Charges": 419182.0,
        "Restructuring And Mergern Acquisition": 0.0,
        "Gain On Sale Of Security": NaN,
        "Net Non Operating Interest Income Expense": -89962.0,
        "Interest Expense Non Operating": 95585.0,
        "Interest Income Non Operating": 5623.0,
        "Operating Income": -7190616.0,
        "Operating Expense": 7190616.0,
        "Depreciation Amortization Depletion Income Statement": 28401.0,
        "Depreciation And Amortization In Income Statement": 28401.0,
        "Research And Development": 2605375.0,
        "Selling General And Administration": 4556840.0,
        "General And Administrative Expense": 4556840.0,
        "Other Gand A": 4556840.0,
        "Total Revenue": 0.0,
        "Operating Revenue": 0.0,
        "Gross Profit": NaN
    },
    "2022-06-30": {
        "Tax Effect Of Unusual Items": 0.0,
        "Tax Rate For Calcs": 0.0,
        "Normalized EBITDA": -4828686.0,
        "Total Unusual Items": -85285482.0,
        "Total Unusual Items Excluding Goodwill": -85285482.0,
        "Net Income From Continuing Operation Net Minority Interest": -90237017.0,
        "Reconciled Depreciation": 28332.0,
        "EBIT": -90142500.0,
        "Net Interest Income": 4636.0,
        "Interest Expense": 94517.0,
        "Interest Income": 99153.0,
        "Normalized Income": -4951535.0,
        "Net Income From Continuing And Discontinued Operation": -90237017.0,
        "Total Expenses": 4956171.0,
        "Total Operating Income As Reported": -98209171.0,
        "Diluted Average Shares": NaN,
        "Basic Average Shares": NaN,
        "Diluted EPS": NaN,
        "Basic EPS": NaN,
        "Diluted NI Availto Com Stockholders": -90237017.0,
        "Net Income Common Stockholders": -90237017.0,
        "Net Income": -90237017.0,
        "Net Income Including Noncontrolling Interests": -90237017.0,
        "Net Income Continuous Operations": -90237017.0,
        "Tax Provision": 0.0,
        "Pretax Income": -90237017.0,
        "Other Income Expense": -85285482.0,
        "Special Income Charges": -85285482.0,
        "Other Special Charges": NaN,
        "Restructuring And Mergern Acquisition": -7967518.0,
        "Gain On Sale Of Security": 0.0,
        "Net Non Operating Interest Income Expense": 4636.0,
        "Interest Expense Non Operating": 94517.0,
        "Interest Income Non Operating": 99153.0,
        "Operating Income": -4956171.0,
        "Operating Expense": 4956171.0,
        "Depreciation Amortization Depletion Income Statement": 28332.0,
        "Depreciation And Amortization In Income Statement": 28332.0,
        "Research And Development": 1767762.0,
        "Selling General And Administration": 3160077.0,
        "General And Administrative Expense": 3160077.0,
        "Other Gand A": 3160077.0,
        "Total Revenue": 0.0,
        "Operating Revenue": 0.0,
        "Gross Profit": NaN
    },
    "2022-03-31": {
        "Diluted EPS": -0.12,
        "Total Revenue": NaN,
        "Gross Profit": NaN,
        "Operating Income": -4,
        "EBIT": -4,
        "Net Income": -6
    },
    "2021-12-31": {
        "Diluted EPS": -0.13,
        "Total Revenue": NaN,
        "Gross Profit": NaN,
        "Operating Income": -6,
        "EBIT": -6,
        "Net Income": -7
    },
    "2021-09-30": {
        "Diluted EPS": -0.2,
        "Total Revenue": NaN,
        "Gross Profit": NaN,
        "Operating Income": -8,
        "EBIT": -7,
        "Net Income": -10
    },
    "2021-06-30": {
        "Diluted EPS": -0.37,
        "Total Revenue": NaN,
        "Gross Profit": NaN,
        "Operating Income": -14,
        "EBIT": -14,
        "Net Income": -17
    },
    "2021-03-31": {
        "Diluted EPS": -0.09,
        "Total Revenue": NaN,
        "Gross Profit": NaN,
        "Operating Income": -3,
        "EBIT": -3,
        "Net Income": -4
    },
    "2020-12-31": {
        "Diluted EPS": -0.06,
        "Total Revenue": NaN,
        "Gross Profit": NaN,
        "Operating Income": -3,
        "EBIT": -3,
        "Net Income": -3
    },
    "2020-09-30": {
        "Diluted EPS": -0.05,
        "Total Revenue": NaN,
        "Gross Profit": NaN,
        "Operating Income": -3,
        "EBIT": -3,
        "Net Income": -2
    },
    "2020-06-30": {
        "Diluted EPS": -0.09,
        "Total Revenue": NaN,
        "Gross Profit": NaN,
        "Operating Income": -3,
        "EBIT": -3,
        "Net Income": -4
    },
    "2020-03-31": {
        "Diluted EPS": -0.03,
        "Total Revenue": NaN,
        "Gross Profit": NaN,
        "Operating Income": -4,
        "EBIT": -4,
        "Net Income": -2
    },
    "2019-12-31": {
        "Diluted EPS": -0.04,
        "Total Revenue": NaN,
        "Gross Profit": NaN,
        "Operating Income": -3,
        "EBIT": -3,
        "Net Income": -2
    },
    "2019-09-30": {
        "Diluted EPS": -0.09,
        "Total Revenue": NaN,
        "Gross Profit": NaN,
        "Operating Income": -2,
        "EBIT": -2,
        "Net Income": -4
    },
    "2019-06-30": {
        "Diluted EPS": 0.05,
        "Total Revenue": NaN,
        "Gross Profit": NaN,
        "Operating Income": -2,
        "EBIT": -2,
        "Net Income": 1
    },
    "2019-03-31": {
        "Diluted EPS": -0.07,
        "Total Revenue": NaN,
        "Gross Profit": NaN,
        "Operating Income": -3,
        "EBIT": -3,
        "Net Income": -3
    },
    "2018-12-31": {
        "Diluted EPS": -0.45,
        "Total Revenue": NaN,
        "Gross Profit": NaN,
        "Operating Income": -4,
        "EBIT": -4,
        "Net Income": -16
    },
    "2018-09-30": {
        "Diluted EPS": -0.01,
        "Total Revenue": NaN,
        "Gross Profit": NaN,
        "Operating Income": -2,
        "EBIT": -2,
        "Net Income": 0
    },
    "2018-06-30": {
        "Diluted EPS": -0.07,
        "Total Revenue": NaN,
        "Gross Profit": NaN,
        "Operating Income": 0,
        "EBIT": -1,
        "Net Income": -2
    },
    "2018-03-31": {
        "Diluted EPS": -0.12,
        "Total Revenue": NaN,
        "Gross Profit": NaN,
        "Operating Income": -3,
        "EBIT": -2,
        "Net Income": -3
    },
    "2017-12-31": {
        "Diluted EPS": -0.08,
        "Total Revenue": NaN,
        "Gross Profit": NaN,
        "Operating Income": -1,
        "EBIT": -1,
        "Net Income": -1
    },
    "2017-09-30": {
        "Diluted EPS": -0.02,
        "Total Revenue": NaN,
        "Gross Profit": NaN,
        "Operating Income": -1,
        "EBIT": -1,
        "Net Income": 0
    },
    "2017-06-30": {
        "Diluted EPS": 0.04,
        "Total Revenue": NaN,
        "Gross Profit": NaN,
        "Operating Income": -1,
        "EBIT": -1,
        "Net Income": 0
    },
    "2017-03-31": {
        "Diluted EPS": -0.03,
        "Total Revenue": NaN,
        "Gross Profit": NaN,
        "Operating Income": 0,
        "EBIT": 0,
        "Net Income": 0
    },
    "2016-12-31": {
        "Diluted EPS": -0.1,
        "Total Revenue": NaN,
        "Gross Profit": NaN,
        "Operating Income": -1,
        "EBIT": -1,
        "Net Income": -1
    },
    "2016-09-30": {
        "Diluted EPS": -0.08,
        "Total Revenue": NaN,
        "Gross Profit": NaN,
        "Operating Income": -1,
        "EBIT": -1,
        "Net Income": -1
    },
    "2016-06-30": {
        "Diluted EPS": -0.08,
        "Total Revenue": 0,
        "Gross Profit": 0,
        "Operating Income": -1,
        "EBIT": -1,
        "Net Income": -1
    },
    "2016-03-31": {
        "Diluted EPS": -0.02,
        "Total Revenue": NaN,
        "Gross Profit": NaN,
        "Operating Income": -1,
        "EBIT": -1,
        "Net Income": 0
    },
    "2015-12-31": {
        "Diluted EPS": -0.04,
        "Total Revenue": 0,
        "Gross Profit": 0,
        "Operating Income": -1,
        "EBIT": -1,
        "Net Income": 0
    },
    "2015-09-30": {
        "Diluted EPS": -0.04,
        "Total Revenue": NaN,
        "Gross Profit": NaN,
        "Operating Income": 0,
        "EBIT": 0,
        "Net Income": 0
    },
    "2015-03-31": {
        "Diluted EPS": -0.13,
        "Total Revenue": NaN,
        "Gross Profit": 0,
        "Operating Income": -1,
        "EBIT": -1,
        "Net Income": -1
    },
    "2014-12-31": {
        "Diluted EPS": 0.0,
        "Total Revenue": NaN,
        "Gross Profit": NaN,
        "Operating Income": NaN,
        "EBIT": NaN,
        "Net Income": NaN
    },
    "2014-09-30": {
        "Diluted EPS": -0.07,
        "Total Revenue": NaN,
        "Gross Profit": 0,
        "Operating Income": -1,
        "EBIT": -1,
        "Net Income": -1
    },
    "2014-06-30": {
        "Diluted EPS": -0.06,
        "Total Revenue": NaN,
        "Gross Profit": 0,
        "Operating Income": -1,
        "EBIT": NaN,
        "Net Income": 0
    },
    "2013-12-31": {
        "Diluted EPS": 0.0,
        "Total Revenue": NaN,
        "Gross Profit": NaN,
        "Operating Income": NaN,
        "EBIT": 0,
        "Net Income": NaN
    },
    "2013-09-30": {
        "Diluted EPS": -0.07,
        "Total Revenue": 0,
        "Gross Profit": 0,
        "Operating Income": 0,
        "EBIT": 0,
        "Net Income": 0
    },
    "2013-06-30": {
        "Diluted EPS": -0.06,
        "Total Revenue": NaN,
        "Gross Profit": 0,
        "Operating Income": 0,
        "EBIT": NaN,
        "Net Income": 0
    },
    "2012-12-31": {
        "Diluted EPS": 0.0,
        "Total Revenue": NaN,
        "Gross Profit": NaN,
        "Operating Income": NaN,
        "EBIT": NaN,
        "Net Income": NaN
    }
}