{
    "2023-03-31": {
        "Tax Effect Of Unusual Items": NaN,
        "Tax Rate For Calcs": NaN,
        "Normalized EBITDA": NaN,
        "Total Unusual Items": 146479.0,
        "Total Unusual Items Excluding Goodwill": 146479.0,
        "Net Income From Continuing Operation Net Minority Interest": NaN,
        "EBITDA": NaN,
        "EBIT": NaN,
        "Net Interest Income": NaN,
        "Interest Expense": NaN,
        "Normalized Income": NaN,
        "Net Income From Continuing And Discontinued Operation": NaN,
        "Total Expenses": NaN,
        "Total Operating Income As Reported": NaN,
        "Diluted Average Shares": NaN,
        "Basic Average Shares": NaN,
        "Diluted EPS": NaN,
        "Basic EPS": NaN,
        "Diluted NI Availto Com Stockholders": NaN,
        "Net Income Common Stockholders": NaN,
        "Otherunder Preferred Stock Dividend": NaN,
        "Net Income": NaN,
        "Minority Interests": NaN,
        "Net Income Including Noncontrolling Interests": NaN,
        "Net Income Continuous Operations": NaN,
        "Pretax Income": NaN,
        "Other Income Expense": NaN,
        "Other Non Operating Income Expenses": NaN,
        "Special Income Charges": 0.0,
        "Gain On Sale Of Security": 146479.0,
        "Net Non Operating Interest Income Expense": NaN,
        "Interest Expense Non Operating": NaN,
        "Operating Income": NaN,
        "Operating Expense": NaN,
        "Other Operating Expenses": NaN,
        "Research And Development": NaN,
        "Selling General And Administration": NaN,
        "General And Administrative Expense": NaN,
        "Other Gand A": NaN,
        "Total Revenue": NaN,
        "Operating Revenue": NaN
    },
    "2022-12-31": {
        "Tax Effect Of Unusual Items": NaN,
        "Tax Rate For Calcs": NaN,
        "Normalized EBITDA": NaN,
        "Total Unusual Items": -413142.0,
        "Total Unusual Items Excluding Goodwill": -413142.0,
        "Net Income From Continuing Operation Net Minority Interest": NaN,
        "Reconciled Depreciation": 0.0,
        "EBITDA": NaN,
        "EBIT": NaN,
        "Net Interest Income": NaN,
        "Interest Expense": NaN,
        "Normalized Income": NaN,
        "Net Income From Continuing And Discontinued Operation": NaN,
        "Total Expenses": NaN,
        "Total Operating Income As Reported": NaN,
        "Diluted Average Shares": NaN,
        "Basic Average Shares": NaN,
        "Diluted EPS": NaN,
        "Basic EPS": NaN,
        "Diluted NI Availto Com Stockholders": NaN,
        "Net Income Common Stockholders": NaN,
        "Otherunder Preferred Stock Dividend": NaN,
        "Net Income": NaN,
        "Minority Interests": NaN,
        "Net Income Including Noncontrolling Interests": NaN,
        "Net Income Continuous Operations": NaN,
        "Pretax Income": NaN,
        "Other Income Expense": NaN,
        "Other Non Operating Income Expenses": NaN,
        "Special Income Charges": 35522.0,
        "Other Special Charges": -35522.0,
        "Gain On Sale Of Security": -413142.0,
        "Net Non Operating Interest Income Expense": NaN,
        "Total Other Finance Cost": 19019.0,
        "Interest Expense Non Operating": NaN,
        "Operating Income": NaN,
        "Operating Expense": NaN,
        "Other Operating Expenses": NaN,
        "Research And Development": NaN,
        "Selling General And Administration": NaN,
        "General And Administrative Expense": NaN,
        "Other Gand A": NaN,
        "Total Revenue": NaN,
        "Operating Revenue": NaN
    },
    "2022-09-30": {
        "Tax Effect Of Unusual Items": NaN,
        "Tax Rate For Calcs": NaN,
        "Normalized EBITDA": NaN,
        "Total Unusual Items": NaN,
        "Total Unusual Items Excluding Goodwill": NaN,
        "Net Income From Continuing Operation Net Minority Interest": NaN,
        "Reconciled Depreciation": 0.0,
        "EBITDA": NaN,
        "EBIT": NaN,
        "Net Interest Income": NaN,
        "Interest Expense": NaN,
        "Normalized Income": NaN,
        "Net Income From Continuing And Discontinued Operation": NaN,
        "Total Expenses": NaN,
        "Total Operating Income As Reported": NaN,
        "Diluted Average Shares": NaN,
        "Basic Average Shares": NaN,
        "Diluted EPS": NaN,
        "Basic EPS": NaN,
        "Diluted NI Availto Com Stockholders": NaN,
        "Net Income Common Stockholders": NaN,
        "Otherunder Preferred Stock Dividend": NaN,
        "Net Income": NaN,
        "Minority Interests": NaN,
        "Net Income Including Noncontrolling Interests": NaN,
        "Net Income Continuous Operations": NaN,
        "Pretax Income": NaN,
        "Other Income Expense": NaN,
        "Other Non Operating Income Expenses": NaN,
        "Special Income Charges": NaN,
        "Other Special Charges": 1404877.0,
        "Gain On Sale Of Security": NaN,
        "Net Non Operating Interest Income Expense": NaN,
        "Total Other Finance Cost": 4856092.0,
        "Interest Expense Non Operating": NaN,
        "Operating Income": NaN,
        "Operating Expense": NaN,
        "Other Operating Expenses": NaN,
        "Research And Development": NaN,
        "Selling General And Administration": NaN,
        "General And Administrative Expense": NaN,
        "Other Gand A": NaN,
        "Total Revenue": NaN,
        "Operating Revenue": NaN
    },
    "2022-06-30": {
        "Tax Effect Of Unusual Items": 0.0,
        "Tax Rate For Calcs": 0.0,
        "Normalized EBITDA": -7141096.0,
        "Total Unusual Items": -744243.0,
        "Total Unusual Items Excluding Goodwill": -744243.0,
        "Net Income From Continuing Operation Net Minority Interest": -7999290.0,
        "Reconciled Depreciation": 0.0,
        "EBITDA": -7885339.0,
        "EBIT": -7885339.0,
        "Net Interest Income": -37781.0,
        "Interest Expense": 37781.0,
        "Normalized Income": -7255047.0,
        "Net Income From Continuing And Discontinued Operation": -7999290.0,
        "Total Expenses": 7055183.0,
        "Total Operating Income As Reported": -7055183.0,
        "Diluted Average Shares": 141615.0,
        "Basic Average Shares": 141615.0,
        "Diluted EPS": -56.49,
        "Basic EPS": -56.49,
        "Diluted NI Availto Com Stockholders": -7999290.0,
        "Net Income Common Stockholders": -7999290.0,
        "Otherunder Preferred Stock Dividend": 102479.0,
        "Net Income": -7999290.0,
        "Minority Interests": 26309.0,
        "Net Income Including Noncontrolling Interests": -7923120.0,
        "Net Income Continuous Operations": -7923120.0,
        "Pretax Income": -7923120.0,
        "Other Income Expense": -830156.0,
        "Other Non Operating Income Expenses": -85913.0,
        "Special Income Charges": -892636.0,
        "Other Special Charges": 892636.0,
        "Gain On Sale Of Security": 148393.0,
        "Net Non Operating Interest Income Expense": -37781.0,
        "Total Other Finance Cost": NaN,
        "Interest Expense Non Operating": 37781.0,
        "Operating Income": -7055183.0,
        "Operating Expense": 7055183.0,
        "Other Operating Expenses": -207471.0,
        "Research And Development": 5311298.0,
        "Selling General And Administration": 1951356.0,
        "General And Administrative Expense": 1951356.0,
        "Other Gand A": 1951356.0,
        "Total Revenue": 0.0,
        "Operating Revenue": 0.0
    },
    "2022-03-31": {
        "Diluted EPS": -14.66,
        "Total Revenue": 1,
        "Gross Profit": 1,
        "Operating Income": -5,
        "EBIT": -5,
        "Net Income": -2
    },
    "2021-12-31": {
        "Diluted EPS": -157.14,
        "Total Revenue": 2,
        "Gross Profit": 2,
        "Operating Income": -2,
        "EBIT": -2,
        "Net Income": -11
    },
    "2021-09-30": {
        "Diluted EPS": -169.87,
        "Total Revenue": 1,
        "Gross Profit": 1,
        "Operating Income": -17,
        "EBIT": -17,
        "Net Income": -17
    },
    "2021-06-30": {
        "Diluted EPS": -14.41,
        "Total Revenue": 0,
        "Gross Profit": 0,
        "Operating Income": 0,
        "EBIT": 0,
        "Net Income": -1
    },
    "2021-03-31": {
        "Diluted EPS": -14.41,
        "Total Revenue": 0,
        "Gross Profit": 0,
        "Operating Income": -1,
        "EBIT": -1,
        "Net Income": -1
    },
    "2020-12-31": {
        "Diluted EPS": -78.41,
        "Total Revenue": 1,
        "Gross Profit": 1,
        "Operating Income": 0,
        "EBIT": 0,
        "Net Income": -3
    },
    "2020-09-30": {
        "Diluted EPS": 21.61,
        "Total Revenue": 1,
        "Gross Profit": 1,
        "Operating Income": 0,
        "EBIT": 0,
        "Net Income": 2
    },
    "2020-06-30": {
        "Diluted EPS": -9.6,
        "Total Revenue": 2,
        "Gross Profit": 2,
        "Operating Income": 0,
        "EBIT": 0,
        "Net Income": -1
    },
    "2020-03-31": {
        "Diluted EPS": 67.23,
        "Total Revenue": NaN,
        "Gross Profit": NaN,
        "Operating Income": -1,
        "EBIT": -1,
        "Net Income": 2
    },
    "2019-12-31": {
        "Diluted EPS": -100.84,
        "Total Revenue": NaN,
        "Gross Profit": NaN,
        "Operating Income": -2,
        "EBIT": -2,
        "Net Income": -3
    },
    "2019-09-30": {
        "Diluted EPS": -19.21,
        "Total Revenue": NaN,
        "Gross Profit": NaN,
        "Operating Income": -1,
        "EBIT": -1,
        "Net Income": 0
    },
    "2019-06-30": {
        "Diluted EPS": -21.61,
        "Total Revenue": NaN,
        "Gross Profit": NaN,
        "Operating Income": -1,
        "EBIT": -1,
        "Net Income": 0
    },
    "2019-03-31": {
        "Diluted EPS": -9.6,
        "Total Revenue": NaN,
        "Gross Profit": NaN,
        "Operating Income": 0,
        "EBIT": 0,
        "Net Income": 1
    },
    "2018-12-31": {
        "Diluted EPS": -24.01,
        "Total Revenue": NaN,
        "Gross Profit": NaN,
        "Operating Income": 0,
        "EBIT": 0,
        "Net Income": 1
    },
    "2018-09-30": {
        "Diluted EPS": -12.01,
        "Total Revenue": NaN,
        "Gross Profit": NaN,
        "Operating Income": 0,
        "EBIT": 0,
        "Net Income": 1
    },
    "2018-06-30": {
        "Diluted EPS": -12.01,
        "Total Revenue": NaN,
        "Gross Profit": NaN,
        "Operating Income": 0,
        "EBIT": 0,
        "Net Income": 0
    },
    "2018-03-31": {
        "Diluted EPS": -4.8,
        "Total Revenue": NaN,
        "Gross Profit": NaN,
        "Operating Income": 0,
        "EBIT": 0,
        "Net Income": 0
    },
    "2017-12-31": {
        "Diluted EPS": 0.0,
        "Total Revenue": NaN,
        "Gross Profit": NaN,
        "Operating Income": NaN,
        "EBIT": NaN,
        "Net Income": NaN
    },
    "2017-09-30": {
        "Diluted EPS": 0.0,
        "Total Revenue": NaN,
        "Gross Profit": NaN,
        "Operating Income": NaN,
        "EBIT": NaN,
        "Net Income": NaN
    },
    "2023-06-30": {
        "Tax Effect Of Unusual Items": NaN,
        "Tax Rate For Calcs": NaN,
        "Normalized EBITDA": NaN,
        "Total Unusual Items": 43622.0,
        "Total Unusual Items Excluding Goodwill": 43622.0,
        "Net Income From Continuing Operation Net Minority Interest": NaN,
        "EBITDA": NaN,
        "EBIT": NaN,
        "Net Interest Income": NaN,
        "Interest Expense": NaN,
        "Normalized Income": NaN,
        "Net Income From Continuing And Discontinued Operation": NaN,
        "Total Expenses": NaN,
        "Total Operating Income As Reported": NaN,
        "Diluted Average Shares": 2274113.0,
        "Basic Average Shares": 2274113.0,
        "Diluted EPS": -0.98,
        "Basic EPS": -0.98,
        "Diluted NI Availto Com Stockholders": NaN,
        "Net Income Common Stockholders": NaN,
        "Otherunder Preferred Stock Dividend": NaN,
        "Net Income": NaN,
        "Minority Interests": NaN,
        "Net Income Including Noncontrolling Interests": NaN,
        "Net Income Continuous Operations": NaN,
        "Pretax Income": NaN,
        "Other Income Expense": NaN,
        "Other Non Operating Income Expenses": NaN,
        "Special Income Charges": 0.0,
        "Gain On Sale Of Security": 43622.0,
        "Net Non Operating Interest Income Expense": NaN,
        "Interest Expense Non Operating": NaN,
        "Operating Income": NaN,
        "Operating Expense": NaN,
        "Other Operating Expenses": NaN,
        "Research And Development": NaN,
        "Selling General And Administration": NaN,
        "General And Administrative Expense": NaN,
        "Other Gand A": NaN,
        "Total Revenue": NaN,
        "Operating Revenue": NaN
    },
    "2023-09-30": {
        "Tax Effect Of Unusual Items": 0.0,
        "Tax Rate For Calcs": 0.0,
        "Normalized EBITDA": -2683157.0,
        "Total Unusual Items": 17223.0,
        "Total Unusual Items Excluding Goodwill": 17223.0,
        "Net Income From Continuing Operation Net Minority Interest": -2689571.0,
        "EBITDA": -2683157.0,
        "EBIT": -2683157.0,
        "Net Interest Income": -7649.0,
        "Interest Expense": 7649.0,
        "Normalized Income": -2689571.0,
        "Net Income From Continuing And Discontinued Operation": -2689571.0,
        "Total Expenses": 2707314.0,
        "Total Operating Income As Reported": -2707314.0,
        "Diluted Average Shares": 3085873.0,
        "Basic Average Shares": 3085873.0,
        "Diluted EPS": -0.87,
        "Basic EPS": -0.87,
        "Diluted NI Availto Com Stockholders": -2689571.0,
        "Net Income Common Stockholders": -2689571.0,
        "Otherunder Preferred Stock Dividend": 0.0,
        "Net Income": -2689571.0,
        "Minority Interests": 1235.0,
        "Net Income Including Noncontrolling Interests": -2690806.0,
        "Net Income Continuous Operations": -2690806.0,
        "Pretax Income": -2690806.0,
        "Other Income Expense": 24157.0,
        "Other Non Operating Income Expenses": 24157.0,
        "Special Income Charges": 0.0,
        "Gain On Sale Of Security": 17223.0,
        "Net Non Operating Interest Income Expense": -7649.0,
        "Interest Expense Non Operating": 7649.0,
        "Operating Income": -2707314.0,
        "Operating Expense": 2707314.0,
        "Other Operating Expenses": -435380.0,
        "Research And Development": 1914970.0,
        "Selling General And Administration": 1227724.0,
        "General And Administrative Expense": 1227724.0,
        "Other Gand A": 1227724.0,
        "Total Revenue": 0.0,
        "Operating Revenue": 0.0
    },
    "2023-12-31": {
        "Tax Effect Of Unusual Items": 0.0,
        "Tax Rate For Calcs": 0.0,
        "Normalized EBITDA": -3159562.0,
        "Total Unusual Items": 4085.0,
        "Total Unusual Items Excluding Goodwill": 4085.0,
        "Net Income From Continuing Operation Net Minority Interest": -3503396.0,
        "EBITDA": -3159562.0,
        "EBIT": -3159562.0,
        "Net Interest Income": -344799.0,
        "Interest Expense": 344799.0,
        "Normalized Income": -3503396.0,
        "Net Income From Continuing And Discontinued Operation": -3503396.0,
        "Total Expenses": 3155685.0,
        "Total Operating Income As Reported": -3155685.0,
        "Diluted Average Shares": NaN,
        "Basic Average Shares": NaN,
        "Diluted EPS": NaN,
        "Basic EPS": NaN,
        "Diluted NI Availto Com Stockholders": -3504295.0,
        "Net Income Common Stockholders": -3504295.0,
        "Otherunder Preferred Stock Dividend": 899.0,
        "Net Income": -3503396.0,
        "Minority Interests": 965.0,
        "Net Income Including Noncontrolling Interests": -3504361.0,
        "Net Income Continuous Operations": -3504361.0,
        "Pretax Income": -3504361.0,
        "Other Income Expense": -3877.0,
        "Other Non Operating Income Expenses": 142602.0,
        "Special Income Charges": 146479.0,
        "Gain On Sale Of Security": -142394.0,
        "Net Non Operating Interest Income Expense": -344799.0,
        "Interest Expense Non Operating": 344799.0,
        "Operating Income": -3155685.0,
        "Operating Expense": 3155685.0,
        "Other Operating Expenses": -515032.0,
        "Research And Development": 2232760.0,
        "Selling General And Administration": 1437957.0,
        "General And Administrative Expense": 1437957.0,
        "Other Gand A": 1437957.0,
        "Total Revenue": 0.0,
        "Operating Revenue": 0.0
    },
    "2024-03-31": {
        "Tax Effect Of Unusual Items": 0.0,
        "Tax Rate For Calcs": 0.0,
        "Normalized EBITDA": -1868498.0,
        "Total Unusual Items": NaN,
        "Total Unusual Items Excluding Goodwill": NaN,
        "Net Income From Continuing Operation Net Minority Interest": -3116489.0,
        "EBITDA": -1868498.0,
        "EBIT": -1868498.0,
        "Net Interest Income": -1248065.0,
        "Interest Expense": 1248065.0,
        "Normalized Income": -3116489.0,
        "Net Income From Continuing And Discontinued Operation": -3116489.0,
        "Total Expenses": 1842964.0,
        "Total Operating Income As Reported": -1842964.0,
        "Diluted Average Shares": 5694466.0,
        "Basic Average Shares": 5694466.0,
        "Diluted EPS": -0.55,
        "Basic EPS": -0.55,
        "Diluted NI Availto Com Stockholders": -3116779.0,
        "Net Income Common Stockholders": -3116779.0,
        "Otherunder Preferred Stock Dividend": 290.0,
        "Net Income": -3116489.0,
        "Minority Interests": 74.0,
        "Net Income Including Noncontrolling Interests": -3116563.0,
        "Net Income Continuous Operations": -3116563.0,
        "Pretax Income": -3116563.0,
        "Other Income Expense": -25534.0,
        "Other Non Operating Income Expenses": -25534.0,
        "Special Income Charges": NaN,
        "Gain On Sale Of Security": NaN,
        "Net Non Operating Interest Income Expense": -1248065.0,
        "Interest Expense Non Operating": 1248065.0,
        "Operating Income": -1842964.0,
        "Operating Expense": 1842964.0,
        "Other Operating Expenses": -305722.0,
        "Research And Development": 778904.0,
        "Selling General And Administration": 1369782.0,
        "General And Administrative Expense": 1369782.0,
        "Other Gand A": 1369782.0,
        "Total Revenue": 0.0,
        "Operating Revenue": 0.0
    },
    "2024-06-30": {
        "Tax Effect Of Unusual Items": 0.0,
        "Tax Rate For Calcs": 0.0,
        "Normalized EBITDA": -1940230.0,
        "Total Unusual Items": NaN,
        "Total Unusual Items Excluding Goodwill": NaN,
        "Net Income From Continuing Operation Net Minority Interest": -1967793.0,
        "EBITDA": -1940230.0,
        "EBIT": -1940230.0,
        "Net Interest Income": -27563.0,
        "Interest Expense": 27563.0,
        "Normalized Income": -1967793.0,
        "Net Income From Continuing And Discontinued Operation": -1967793.0,
        "Total Expenses": 1955442.0,
        "Total Operating Income As Reported": -1955442.0,
        "Diluted Average Shares": 8817316.0,
        "Basic Average Shares": 8817316.0,
        "Diluted EPS": -0.22,
        "Basic EPS": -0.22,
        "Diluted NI Availto Com Stockholders": -1967793.0,
        "Net Income Common Stockholders": -1967793.0,
        "Otherunder Preferred Stock Dividend": 0.0,
        "Net Income": -1967793.0,
        "Minority Interests": 0.0,
        "Net Income Including Noncontrolling Interests": -1967793.0,
        "Net Income Continuous Operations": -1967793.0,
        "Pretax Income": -1967793.0,
        "Other Income Expense": 15212.0,
        "Other Non Operating Income Expenses": 15212.0,
        "Special Income Charges": NaN,
        "Gain On Sale Of Security": NaN,
        "Net Non Operating Interest Income Expense": -27563.0,
        "Interest Expense Non Operating": 27563.0,
        "Operating Income": -1955442.0,
        "Operating Expense": 1955442.0,
        "Other Operating Expenses": -181797.0,
        "Research And Development": 947229.0,
        "Selling General And Administration": 1190010.0,
        "General And Administrative Expense": 1190010.0,
        "Other Gand A": 1190010.0,
        "Total Revenue": 0.0,
        "Operating Revenue": 0.0
    },
    "2024-09-30": {
        "Tax Effect Of Unusual Items": 0.0,
        "Tax Rate For Calcs": 0.21,
        "Normalized EBITDA": 665832.0,
        "Total Unusual Items": NaN,
        "Total Unusual Items Excluding Goodwill": NaN,
        "Net Income From Continuing Operation Net Minority Interest": 661769.0,
        "EBITDA": 665832.0,
        "EBIT": 665832.0,
        "Net Interest Income": -4063.0,
        "Interest Expense": 4063.0,
        "Normalized Income": 661769.0,
        "Net Income From Continuing And Discontinued Operation": 661769.0,
        "Total Expenses": -644746.0,
        "Total Operating Income As Reported": 644746.0,
        "Diluted Average Shares": 9890390.0,
        "Basic Average Shares": 9890390.0,
        "Diluted EPS": 0.07,
        "Basic EPS": 0.07,
        "Diluted NI Availto Com Stockholders": 661769.0,
        "Net Income Common Stockholders": 661769.0,
        "Otherunder Preferred Stock Dividend": 0.0,
        "Net Income": 661769.0,
        "Minority Interests": 0.0,
        "Net Income Including Noncontrolling Interests": 661769.0,
        "Net Income Continuous Operations": 661769.0,
        "Pretax Income": 661769.0,
        "Other Income Expense": 21086.0,
        "Other Non Operating Income Expenses": 21086.0,
        "Special Income Charges": NaN,
        "Gain On Sale Of Security": NaN,
        "Net Non Operating Interest Income Expense": -4063.0,
        "Interest Expense Non Operating": 4063.0,
        "Operating Income": 644746.0,
        "Operating Expense": -644746.0,
        "Other Operating Expenses": -3418853.0,
        "Research And Development": 1690674.0,
        "Selling General And Administration": 1083433.0,
        "General And Administrative Expense": 1083433.0,
        "Other Gand A": 1083433.0,
        "Total Revenue": 0.0,
        "Operating Revenue": 0.0
    }
}