{
    "2023-06-30": {
        "Tax Effect Of Unusual Items": NaN,
        "Tax Rate For Calcs": NaN,
        "Normalized EBITDA": NaN,
        "Total Unusual Items": NaN,
        "Total Unusual Items Excluding Goodwill": NaN,
        "Net Income From Continuing Operation Net Minority Interest": NaN,
        "Reconciled Depreciation": NaN,
        "Reconciled Cost Of Revenue": NaN,
        "EBITDA": NaN,
        "EBIT": NaN,
        "Net Interest Income": NaN,
        "Interest Expense": NaN,
        "Interest Income": NaN,
        "Normalized Income": NaN,
        "Net Income From Continuing And Discontinued Operation": NaN,
        "Total Expenses": NaN,
        "Total Operating Income As Reported": NaN,
        "Diluted Average Shares": NaN,
        "Basic Average Shares": NaN,
        "Diluted EPS": NaN,
        "Basic EPS": NaN,
        "Diluted NI Availto Com Stockholders": NaN,
        "Average Dilution Earnings": 0.0,
        "Net Income Common Stockholders": NaN,
        "Net Income": NaN,
        "Minority Interests": NaN,
        "Net Income Including Noncontrolling Interests": NaN,
        "Net Income Continuous Operations": NaN,
        "Tax Provision": NaN,
        "Pretax Income": NaN,
        "Other Income Expense": NaN,
        "Other Non Operating Income Expenses": NaN,
        "Special Income Charges": NaN,
        "Impairment Of Capital Assets": NaN,
        "Restructuring And Mergern Acquisition": NaN,
        "Gain On Sale Of Security": NaN,
        "Net Non Operating Interest Income Expense": NaN,
        "Interest Expense Non Operating": NaN,
        "Interest Income Non Operating": NaN,
        "Operating Income": NaN,
        "Operating Expense": NaN,
        "Research And Development": NaN,
        "Selling General And Administration": NaN,
        "Gross Profit": NaN,
        "Cost Of Revenue": NaN,
        "Total Revenue": NaN,
        "Operating Revenue": NaN
    },
    "2023-03-31": {
        "Tax Effect Of Unusual Items": NaN,
        "Tax Rate For Calcs": NaN,
        "Normalized EBITDA": NaN,
        "Total Unusual Items": NaN,
        "Total Unusual Items Excluding Goodwill": NaN,
        "Net Income From Continuing Operation Net Minority Interest": NaN,
        "Reconciled Depreciation": NaN,
        "Reconciled Cost Of Revenue": NaN,
        "EBITDA": NaN,
        "EBIT": NaN,
        "Net Interest Income": NaN,
        "Interest Expense": NaN,
        "Interest Income": NaN,
        "Normalized Income": NaN,
        "Net Income From Continuing And Discontinued Operation": NaN,
        "Total Expenses": NaN,
        "Total Operating Income As Reported": NaN,
        "Diluted Average Shares": NaN,
        "Basic Average Shares": NaN,
        "Diluted EPS": NaN,
        "Basic EPS": NaN,
        "Diluted NI Availto Com Stockholders": NaN,
        "Average Dilution Earnings": 0.0,
        "Net Income Common Stockholders": NaN,
        "Net Income": NaN,
        "Minority Interests": 0.0,
        "Net Income Including Noncontrolling Interests": NaN,
        "Net Income Continuous Operations": NaN,
        "Tax Provision": 0.0,
        "Pretax Income": NaN,
        "Other Income Expense": NaN,
        "Other Non Operating Income Expenses": NaN,
        "Special Income Charges": NaN,
        "Impairment Of Capital Assets": NaN,
        "Restructuring And Mergern Acquisition": NaN,
        "Gain On Sale Of Security": NaN,
        "Net Non Operating Interest Income Expense": NaN,
        "Interest Expense Non Operating": NaN,
        "Interest Income Non Operating": NaN,
        "Operating Income": NaN,
        "Operating Expense": NaN,
        "Research And Development": NaN,
        "Selling General And Administration": NaN,
        "Gross Profit": NaN,
        "Cost Of Revenue": NaN,
        "Total Revenue": NaN,
        "Operating Revenue": NaN
    },
    "2022-12-31": {
        "Tax Effect Of Unusual Items": 0.0,
        "Tax Rate For Calcs": 0.0,
        "Normalized EBITDA": -109659000.0,
        "Total Unusual Items": 26219000.0,
        "Total Unusual Items Excluding Goodwill": 26219000.0,
        "Net Income From Continuing Operation Net Minority Interest": -11181000.0,
        "Reconciled Depreciation": 3177000.0,
        "Reconciled Cost Of Revenue": 10356000.0,
        "EBITDA": -83440000.0,
        "EBIT": -86617000.0,
        "Net Interest Income": 5231000.0,
        "Interest Expense": NaN,
        "Interest Income": NaN,
        "Normalized Income": -37400000.0,
        "Net Income From Continuing And Discontinued Operation": -11181000.0,
        "Total Expenses": 41326000.0,
        "Total Operating Income As Reported": -45154000.0,
        "Diluted Average Shares": 155283324.0,
        "Basic Average Shares": 154190752.0,
        "Diluted EPS": -0.27,
        "Basic EPS": -0.07,
        "Diluted NI Availto Com Stockholders": 32859000.0,
        "Average Dilution Earnings": NaN,
        "Net Income Common Stockholders": -11181000.0,
        "Net Income": -11181000.0,
        "Net Income Including Noncontrolling Interests": -11181000.0,
        "Net Income Continuous Operations": -11181000.0,
        "Pretax Income": -11181000.0,
        "Other Income Expense": 23821000.0,
        "Other Non Operating Income Expenses": -2398000.0,
        "Special Income Charges": NaN,
        "Impairment Of Capital Assets": NaN,
        "Restructuring And Mergern Acquisition": NaN,
        "Gain On Sale Of Security": 31140000.0,
        "Net Non Operating Interest Income Expense": 5231000.0,
        "Interest Expense Non Operating": NaN,
        "Interest Income Non Operating": NaN,
        "Operating Income": -40233000.0,
        "Operating Expense": 30970000.0,
        "Research And Development": 15545000.0,
        "Selling General And Administration": 15425000.0,
        "Gross Profit": -9263000.0,
        "Cost Of Revenue": 10356000.0,
        "Total Revenue": 1093000.0,
        "Operating Revenue": 1093000.0
    },
    "2022-09-30": {
        "Tax Effect Of Unusual Items": NaN,
        "Tax Rate For Calcs": NaN,
        "Normalized EBITDA": NaN,
        "Total Unusual Items": NaN,
        "Total Unusual Items Excluding Goodwill": NaN,
        "Net Income From Continuing Operation Net Minority Interest": NaN,
        "Reconciled Depreciation": NaN,
        "Reconciled Cost Of Revenue": NaN,
        "EBITDA": NaN,
        "EBIT": NaN,
        "Net Interest Income": NaN,
        "Interest Expense": NaN,
        "Interest Income": NaN,
        "Normalized Income": NaN,
        "Net Income From Continuing And Discontinued Operation": NaN,
        "Total Expenses": NaN,
        "Total Operating Income As Reported": NaN,
        "Diluted Average Shares": NaN,
        "Basic Average Shares": NaN,
        "Diluted EPS": NaN,
        "Basic EPS": NaN,
        "Diluted NI Availto Com Stockholders": NaN,
        "Average Dilution Earnings": 0.0,
        "Net Income Common Stockholders": NaN,
        "Net Income": NaN,
        "Minority Interests": NaN,
        "Net Income Including Noncontrolling Interests": NaN,
        "Net Income Continuous Operations": NaN,
        "Tax Provision": NaN,
        "Pretax Income": NaN,
        "Other Income Expense": NaN,
        "Other Non Operating Income Expenses": NaN,
        "Special Income Charges": 0.0,
        "Impairment Of Capital Assets": 0.0,
        "Restructuring And Mergern Acquisition": 0.0,
        "Gain On Sale Of Security": NaN,
        "Net Non Operating Interest Income Expense": NaN,
        "Interest Expense Non Operating": NaN,
        "Interest Income Non Operating": NaN,
        "Operating Income": NaN,
        "Operating Expense": NaN,
        "Research And Development": NaN,
        "Selling General And Administration": NaN,
        "Gross Profit": NaN,
        "Cost Of Revenue": NaN,
        "Total Revenue": NaN,
        "Operating Revenue": NaN
    },
    "2022-06-30": {
        "Tax Effect Of Unusual Items": 0.0,
        "Tax Rate For Calcs": 0.0,
        "Normalized EBITDA": -26183000.0,
        "Total Unusual Items": 26400000.0,
        "Total Unusual Items Excluding Goodwill": 26400000.0,
        "Net Income From Continuing Operation Net Minority Interest": -1135000.0,
        "Reconciled Depreciation": 1352000.0,
        "Reconciled Cost Of Revenue": 5739000.0,
        "EBITDA": 217000.0,
        "EBIT": -1135000.0,
        "Net Interest Income": 0.0,
        "Interest Expense": 0.0,
        "Interest Income": NaN,
        "Normalized Income": -27535000.0,
        "Net Income From Continuing And Discontinued Operation": -1135000.0,
        "Total Expenses": 33132000.0,
        "Total Operating Income As Reported": -28031000.0,
        "Diluted Average Shares": 152521389.0,
        "Basic Average Shares": 152521389.0,
        "Diluted EPS": -0.18,
        "Basic EPS": -0.01,
        "Diluted NI Availto Com Stockholders": -1135000.0,
        "Average Dilution Earnings": -26400000.0,
        "Net Income Common Stockholders": -1135000.0,
        "Net Income": -1135000.0,
        "Net Income Including Noncontrolling Interests": -1135000.0,
        "Net Income Continuous Operations": -1135000.0,
        "Pretax Income": -1135000.0,
        "Other Income Expense": 26896000.0,
        "Other Non Operating Income Expenses": 496000.0,
        "Special Income Charges": NaN,
        "Impairment Of Capital Assets": NaN,
        "Gain On Sale Of Security": 26400000.0,
        "Net Non Operating Interest Income Expense": 0.0,
        "Interest Expense Non Operating": 0.0,
        "Interest Income Non Operating": NaN,
        "Operating Income": -28031000.0,
        "Operating Expense": 27393000.0,
        "Research And Development": 15827000.0,
        "Selling General And Administration": 11566000.0,
        "Gross Profit": -638000.0,
        "Cost Of Revenue": 5739000.0,
        "Total Revenue": 5101000.0,
        "Operating Revenue": 5101000.0
    },
    "2022-03-31": {
        "Diluted EPS": -0.16,
        "Total Revenue": NaN,
        "Gross Profit": -1,
        "Operating Income": -25,
        "EBIT": -25,
        "Net Income": 43
    },
    "2021-12-31": {
        "Diluted EPS": -0.61,
        "Total Revenue": NaN,
        "Gross Profit": 0,
        "Operating Income": -25,
        "EBIT": -24,
        "Net Income": -85
    },
    "2021-09-30": {
        "Diluted EPS": -0.14,
        "Total Revenue": NaN,
        "Gross Profit": 0,
        "Operating Income": -19,
        "EBIT": -19,
        "Net Income": -11
    },
    "2021-06-30": {
        "Diluted EPS": -0.15,
        "Total Revenue": NaN,
        "Gross Profit": 0,
        "Operating Income": -14,
        "EBIT": -14,
        "Net Income": -14
    },
    "2021-03-31": {
        "Diluted EPS": -0.17,
        "Total Revenue": NaN,
        "Gross Profit": -2,
        "Operating Income": -11,
        "EBIT": -11,
        "Net Income": -16
    },
    "2020-12-31": {
        "Diluted EPS": 0.0,
        "Total Revenue": NaN,
        "Gross Profit": NaN,
        "Operating Income": NaN,
        "EBIT": NaN,
        "Net Income": NaN
    },
    "2020-09-30": {
        "Diluted EPS": -0.16,
        "Total Revenue": NaN,
        "Gross Profit": -1,
        "Operating Income": -6,
        "EBIT": -6,
        "Net Income": -13
    },
    "2023-09-30": {
        "Tax Effect Of Unusual Items": NaN,
        "Tax Rate For Calcs": NaN,
        "Normalized EBITDA": NaN,
        "Total Unusual Items": NaN,
        "Total Unusual Items Excluding Goodwill": NaN,
        "Net Income From Continuing Operation Net Minority Interest": NaN,
        "Reconciled Depreciation": NaN,
        "Reconciled Cost Of Revenue": NaN,
        "EBITDA": NaN,
        "EBIT": NaN,
        "Net Interest Income": NaN,
        "Interest Expense": NaN,
        "Interest Income": NaN,
        "Normalized Income": NaN,
        "Net Income From Continuing And Discontinued Operation": NaN,
        "Total Expenses": NaN,
        "Total Operating Income As Reported": NaN,
        "Diluted Average Shares": NaN,
        "Basic Average Shares": NaN,
        "Diluted EPS": NaN,
        "Basic EPS": NaN,
        "Diluted NI Availto Com Stockholders": NaN,
        "Average Dilution Earnings": -31320000.0,
        "Net Income Common Stockholders": NaN,
        "Net Income": NaN,
        "Minority Interests": NaN,
        "Net Income Including Noncontrolling Interests": NaN,
        "Net Income Continuous Operations": NaN,
        "Tax Provision": NaN,
        "Pretax Income": NaN,
        "Other Income Expense": NaN,
        "Other Non Operating Income Expenses": NaN,
        "Special Income Charges": -3021000.0,
        "Impairment Of Capital Assets": 0.0,
        "Restructuring And Mergern Acquisition": 3021000.0,
        "Gain On Sale Of Security": NaN,
        "Net Non Operating Interest Income Expense": NaN,
        "Interest Expense Non Operating": NaN,
        "Interest Income Non Operating": NaN,
        "Operating Income": NaN,
        "Operating Expense": NaN,
        "Research And Development": NaN,
        "Selling General And Administration": NaN,
        "Gross Profit": NaN,
        "Cost Of Revenue": NaN,
        "Total Revenue": NaN,
        "Operating Revenue": NaN
    },
    "2023-12-31": {
        "Tax Effect Of Unusual Items": NaN,
        "Tax Rate For Calcs": NaN,
        "Normalized EBITDA": NaN,
        "Total Unusual Items": NaN,
        "Total Unusual Items Excluding Goodwill": NaN,
        "Net Income From Continuing Operation Net Minority Interest": NaN,
        "Reconciled Depreciation": NaN,
        "Reconciled Cost Of Revenue": NaN,
        "EBITDA": NaN,
        "EBIT": NaN,
        "Net Interest Income": NaN,
        "Interest Expense": NaN,
        "Interest Income": NaN,
        "Normalized Income": NaN,
        "Net Income From Continuing And Discontinued Operation": NaN,
        "Total Expenses": NaN,
        "Total Operating Income As Reported": NaN,
        "Diluted Average Shares": NaN,
        "Basic Average Shares": NaN,
        "Diluted EPS": NaN,
        "Basic EPS": NaN,
        "Diluted NI Availto Com Stockholders": NaN,
        "Average Dilution Earnings": NaN,
        "Net Income Common Stockholders": NaN,
        "Net Income": NaN,
        "Minority Interests": NaN,
        "Net Income Including Noncontrolling Interests": NaN,
        "Net Income Continuous Operations": NaN,
        "Tax Provision": NaN,
        "Pretax Income": NaN,
        "Other Income Expense": NaN,
        "Other Non Operating Income Expenses": NaN,
        "Special Income Charges": 0.0,
        "Impairment Of Capital Assets": 0.0,
        "Restructuring And Mergern Acquisition": 0.0,
        "Gain On Sale Of Security": NaN,
        "Net Non Operating Interest Income Expense": NaN,
        "Interest Expense Non Operating": NaN,
        "Interest Income Non Operating": NaN,
        "Operating Income": NaN,
        "Operating Expense": NaN,
        "Research And Development": NaN,
        "Selling General And Administration": NaN,
        "Gross Profit": NaN,
        "Cost Of Revenue": NaN,
        "Total Revenue": NaN,
        "Operating Revenue": NaN
    },
    "2024-03-31": {
        "Tax Effect Of Unusual Items": 68816.909259,
        "Tax Rate For Calcs": 0.003258,
        "Normalized EBITDA": -41136000.0,
        "Total Unusual Items": 21120000.0,
        "Total Unusual Items Excluding Goodwill": 21120000.0,
        "Net Income From Continuing Operation Net Minority Interest": -46368000.0,
        "Reconciled Depreciation": 24974000.0,
        "Reconciled Cost Of Revenue": 7072000.0,
        "EBITDA": -20016000.0,
        "EBIT": -44990000.0,
        "Net Interest Income": 1901000.0,
        "Interest Expense": 1659000.0,
        "Interest Income": 3560000.0,
        "Normalized Income": -67419183.090741,
        "Net Income From Continuing And Discontinued Operation": -46368000.0,
        "Total Expenses": 75408000.0,
        "Total Operating Income As Reported": -70136000.0,
        "Diluted Average Shares": 168144918.0,
        "Basic Average Shares": 168144918.0,
        "Diluted EPS": -0.28,
        "Basic EPS": -0.28,
        "Diluted NI Availto Com Stockholders": -46368000.0,
        "Average Dilution Earnings": NaN,
        "Net Income Common Stockholders": -46368000.0,
        "Net Income": -46368000.0,
        "Minority Interests": 129000.0,
        "Net Income Including Noncontrolling Interests": -46497000.0,
        "Net Income Continuous Operations": -46497000.0,
        "Tax Provision": -152000.0,
        "Pretax Income": -46649000.0,
        "Other Income Expense": 21586000.0,
        "Other Non Operating Income Expenses": 466000.0,
        "Special Income Charges": NaN,
        "Impairment Of Capital Assets": NaN,
        "Restructuring And Mergern Acquisition": NaN,
        "Gain On Sale Of Security": 21120000.0,
        "Net Non Operating Interest Income Expense": 1901000.0,
        "Interest Expense Non Operating": 1659000.0,
        "Interest Income Non Operating": 3560000.0,
        "Operating Income": -70136000.0,
        "Operating Expense": 68336000.0,
        "Research And Development": 48788000.0,
        "Selling General And Administration": 19548000.0,
        "Gross Profit": -1800000.0,
        "Cost Of Revenue": 7072000.0,
        "Total Revenue": 5272000.0,
        "Operating Revenue": 5272000.0
    },
    "2024-06-30": {
        "Tax Effect Of Unusual Items": -2732051.106336,
        "Tax Rate For Calcs": 0.038048,
        "Normalized EBITDA": -41093000.0,
        "Total Unusual Items": -71806000.0,
        "Total Unusual Items Excluding Goodwill": -71806000.0,
        "Net Income From Continuing Operation Net Minority Interest": -115872000.0,
        "Reconciled Depreciation": 5943000.0,
        "Reconciled Cost Of Revenue": 4423000.0,
        "EBITDA": -112899000.0,
        "EBIT": -118842000.0,
        "Net Interest Income": 1635000.0,
        "Interest Expense": 1691000.0,
        "Interest Income": 3326000.0,
        "Normalized Income": -46798051.106336,
        "Net Income From Continuing And Discontinued Operation": -115872000.0,
        "Total Expenses": 54372000.0,
        "Total Operating Income As Reported": -88750000.0,
        "Diluted Average Shares": 183256633.0,
        "Basic Average Shares": 183256633.0,
        "Diluted EPS": -0.63,
        "Basic EPS": -0.63,
        "Diluted NI Availto Com Stockholders": -115872000.0,
        "Average Dilution Earnings": NaN,
        "Net Income Common Stockholders": -115872000.0,
        "Net Income": -115872000.0,
        "Minority Interests": 75000.0,
        "Net Income Including Noncontrolling Interests": -115947000.0,
        "Net Income Continuous Operations": -115947000.0,
        "Tax Provision": -4586000.0,
        "Pretax Income": -120533000.0,
        "Other Income Expense": -71564000.0,
        "Other Non Operating Income Expenses": 242000.0,
        "Special Income Charges": -38146000.0,
        "Impairment Of Capital Assets": 0.0,
        "Restructuring And Mergern Acquisition": 38146000.0,
        "Gain On Sale Of Security": -33660000.0,
        "Net Non Operating Interest Income Expense": 1635000.0,
        "Interest Expense Non Operating": 1691000.0,
        "Interest Income Non Operating": 3326000.0,
        "Operating Income": -50604000.0,
        "Operating Expense": 49949000.0,
        "Research And Development": 29065000.0,
        "Selling General And Administration": 20884000.0,
        "Gross Profit": -655000.0,
        "Cost Of Revenue": 4423000.0,
        "Total Revenue": 3768000.0,
        "Operating Revenue": 3768000.0
    },
    "2024-09-30": {
        "Tax Effect Of Unusual Items": 5509980.0,
        "Tax Rate For Calcs": 0.21,
        "Normalized EBITDA": -38464000.0,
        "Total Unusual Items": 26238000.0,
        "Total Unusual Items Excluding Goodwill": 26238000.0,
        "Net Income From Continuing Operation Net Minority Interest": -22536000.0,
        "Reconciled Depreciation": 6500000.0,
        "Reconciled Cost Of Revenue": 4959000.0,
        "EBITDA": -12226000.0,
        "EBIT": -18726000.0,
        "Net Interest Income": 1141000.0,
        "Interest Expense": 1718000.0,
        "Interest Income": 2859000.0,
        "Normalized Income": -43264020.0,
        "Net Income From Continuing And Discontinued Operation": -22536000.0,
        "Total Expenses": 49923000.0,
        "Total Operating Income As Reported": -49267000.0,
        "Diluted Average Shares": 176872382.0,
        "Basic Average Shares": 176680578.0,
        "Diluted EPS": -0.3,
        "Basic EPS": -0.13,
        "Diluted NI Availto Com Stockholders": -52435000.0,
        "Average Dilution Earnings": -29899000.0,
        "Net Income Common Stockholders": -22536000.0,
        "Net Income": -22536000.0,
        "Minority Interests": 102000.0,
        "Net Income Including Noncontrolling Interests": -22638000.0,
        "Net Income Continuous Operations": -22638000.0,
        "Tax Provision": 2194000.0,
        "Pretax Income": -20444000.0,
        "Other Income Expense": 24021000.0,
        "Other Non Operating Income Expenses": -2217000.0,
        "Special Income Charges": -3661000.0,
        "Impairment Of Capital Assets": 0.0,
        "Restructuring And Mergern Acquisition": 3661000.0,
        "Gain On Sale Of Security": 29899000.0,
        "Net Non Operating Interest Income Expense": 1141000.0,
        "Interest Expense Non Operating": 1718000.0,
        "Interest Income Non Operating": 2859000.0,
        "Operating Income": -45606000.0,
        "Operating Expense": 44964000.0,
        "Research And Development": 24220000.0,
        "Selling General And Administration": 20744000.0,
        "Gross Profit": -642000.0,
        "Cost Of Revenue": 4959000.0,
        "Total Revenue": 4317000.0,
        "Operating Revenue": 4317000.0
    },
    "2024-12-31": {
        "Tax Effect Of Unusual Items": -1074150.0,
        "Tax Rate For Calcs": 0.21,
        "Normalized EBITDA": -21922000.0,
        "Total Unusual Items": -5115000.0,
        "Total Unusual Items Excluding Goodwill": -5115000.0,
        "Net Income From Continuing Operation Net Minority Interest": -37465000.0,
        "Reconciled Depreciation": 7544000.0,
        "Reconciled Cost Of Revenue": 8665000.0,
        "EBITDA": -27037000.0,
        "EBIT": -34581000.0,
        "Net Interest Income": 868000.0,
        "Interest Expense": 1719000.0,
        "Interest Income": 2587000.0,
        "Normalized Income": -33424150.0,
        "Net Income From Continuing And Discontinued Operation": -37465000.0,
        "Total Expenses": 44233000.0,
        "Total Operating Income As Reported": -34516000.0,
        "Diluted Average Shares": 184971942.0,
        "Basic Average Shares": 184971942.0,
        "Diluted EPS": -0.2,
        "Basic EPS": -0.2,
        "Diluted NI Availto Com Stockholders": -37465000.0,
        "Average Dilution Earnings": NaN,
        "Net Income Common Stockholders": -37465000.0,
        "Net Income": -37465000.0,
        "Minority Interests": -13000.0,
        "Net Income Including Noncontrolling Interests": -37452000.0,
        "Net Income Continuous Operations": -37452000.0,
        "Tax Provision": 1152000.0,
        "Pretax Income": -36300000.0,
        "Other Income Expense": -2652000.0,
        "Other Non Operating Income Expenses": 2463000.0,
        "Special Income Charges": 0.0,
        "Impairment Of Capital Assets": 0.0,
        "Restructuring And Mergern Acquisition": 0.0,
        "Gain On Sale Of Security": -5115000.0,
        "Net Non Operating Interest Income Expense": 868000.0,
        "Interest Expense Non Operating": 1719000.0,
        "Interest Income Non Operating": 2587000.0,
        "Operating Income": -34516000.0,
        "Operating Expense": 35568000.0,
        "Research And Development": 22433000.0,
        "Selling General And Administration": 13135000.0,
        "Gross Profit": 1052000.0,
        "Cost Of Revenue": 8665000.0,
        "Total Revenue": 9717000.0,
        "Operating Revenue": 9717000.0
    },
    "2025-03-31": {
        "Tax Effect Of Unusual Items": 108004.558308,
        "Tax Rate For Calcs": 0.006837,
        "Normalized EBITDA": -29325000.0,
        "Total Unusual Items": 15796000.0,
        "Total Unusual Items Excluding Goodwill": 15796000.0,
        "Net Income From Continuing Operation Net Minority Interest": -23510000.0,
        "Reconciled Depreciation": 8448000.0,
        "Reconciled Cost Of Revenue": 4837000.0,
        "EBITDA": -13529000.0,
        "EBIT": -21977000.0,
        "Net Interest Income": 718000.0,
        "Interest Expense": 1716000.0,
        "Interest Income": 2434000.0,
        "Normalized Income": -39197995.441692,
        "Net Income From Continuing And Discontinued Operation": -23510000.0,
        "Total Expenses": 47658000.0,
        "Total Operating Income As Reported": -42560000.0,
        "Diluted Average Shares": 191304975.0,
        "Basic Average Shares": 191304975.0,
        "Diluted EPS": -0.12,
        "Basic EPS": -0.12,
        "Diluted NI Availto Com Stockholders": -23510000.0,
        "Average Dilution Earnings": NaN,
        "Net Income Common Stockholders": -23510000.0,
        "Net Income": -23510000.0,
        "Minority Interests": 21000.0,
        "Net Income Including Noncontrolling Interests": -23531000.0,
        "Net Income Continuous Operations": -23531000.0,
        "Tax Provision": -162000.0,
        "Pretax Income": -23693000.0,
        "Other Income Expense": 18149000.0,
        "Other Non Operating Income Expenses": 2353000.0,
        "Special Income Charges": NaN,
        "Impairment Of Capital Assets": NaN,
        "Restructuring And Mergern Acquisition": NaN,
        "Gain On Sale Of Security": 15796000.0,
        "Net Non Operating Interest Income Expense": 718000.0,
        "Interest Expense Non Operating": 1716000.0,
        "Interest Income Non Operating": 2434000.0,
        "Operating Income": -42560000.0,
        "Operating Expense": 42821000.0,
        "Research And Development": 25929000.0,
        "Selling General And Administration": 16892000.0,
        "Gross Profit": 261000.0,
        "Cost Of Revenue": 4837000.0,
        "Total Revenue": 5098000.0,
        "Operating Revenue": 5098000.0
    },
    "2025-06-30": {
        "Tax Effect Of Unusual Items": -21445.343143,
        "Tax Rate For Calcs": 0.019079,
        "Normalized EBITDA": -33469000.0,
        "Total Unusual Items": -1124000.0,
        "Total Unusual Items Excluding Goodwill": -1124000.0,
        "Net Income From Continuing Operation Net Minority Interest": -44528000.0,
        "Reconciled Depreciation": 8829000.0,
        "Reconciled Cost Of Revenue": 5526000.0,
        "EBITDA": -34593000.0,
        "EBIT": -43422000.0,
        "Net Interest Income": 722000.0,
        "Interest Expense": 1705000.0,
        "Interest Income": 2427000.0,
        "Normalized Income": -43425445.343143,
        "Net Income From Continuing And Discontinued Operation": -44528000.0,
        "Total Expenses": 51201000.0,
        "Total Operating Income As Reported": -43733000.0,
        "Diluted Average Shares": 204819119.0,
        "Basic Average Shares": 204819119.0,
        "Diluted EPS": -0.22,
        "Basic EPS": -0.22,
        "Diluted NI Availto Com Stockholders": -44528000.0,
        "Average Dilution Earnings": NaN,
        "Net Income Common Stockholders": -44528000.0,
        "Net Income": -44528000.0,
        "Minority Interests": -262000.0,
        "Net Income Including Noncontrolling Interests": -44266000.0,
        "Net Income Continuous Operations": -44266000.0,
        "Tax Provision": -861000.0,
        "Pretax Income": -45127000.0,
        "Other Income Expense": -2116000.0,
        "Other Non Operating Income Expenses": -992000.0,
        "Special Income Charges": 4761000.0,
        "Impairment Of Capital Assets": -4761000.0,
        "Restructuring And Mergern Acquisition": 0.0,
        "Gain On Sale Of Security": -5885000.0,
        "Net Non Operating Interest Income Expense": 722000.0,
        "Interest Expense Non Operating": 1705000.0,
        "Interest Income Non Operating": 2427000.0,
        "Operating Income": -43733000.0,
        "Operating Expense": 45675000.0,
        "Research And Development": 28148000.0,
        "Selling General And Administration": 17527000.0,
        "Gross Profit": 1942000.0,
        "Cost Of Revenue": 5526000.0,
        "Total Revenue": 7468000.0,
        "Operating Revenue": 7468000.0
    }
}