{
    "2023-03-31": {
        "Tax Effect Of Unusual Items": 90420000.0,
        "Tax Rate For Calcs": 0.22,
        "Normalized EBITDA": 3024000000.0,
        "Total Unusual Items": 411000000.0,
        "Total Unusual Items Excluding Goodwill": 411000000.0,
        "Net Income From Continuing Operation Net Minority Interest": 2023000000.0,
        "Reconciled Depreciation": 798000000.0,
        "Reconciled Cost Of Revenue": 1552000000.0,
        "EBITDA": 3435000000.0,
        "EBIT": 2637000000.0,
        "Net Interest Income": -42000000.0,
        "Interest Expense": 42000000.0,
        "Normalized Income": 1702420000.0,
        "Net Income From Continuing And Discontinued Operation": 2023000000.0,
        "Total Expenses": 3418000000.0,
        "Total Operating Income As Reported": 2572000000.0,
        "Diluted Average Shares": 587000000.0,
        "Basic Average Shares": 584000000.0,
        "Diluted EPS": 3.45,
        "Basic EPS": 3.46,
        "Diluted NI Availto Com Stockholders": 2023000000.0,
        "Net Income Common Stockholders": 2023000000.0,
        "Net Income": 2023000000.0,
        "Net Income Including Noncontrolling Interests": 2023000000.0,
        "Net Income Continuous Operations": 2023000000.0,
        "Tax Provision": 572000000.0,
        "Pretax Income": 2595000000.0,
        "Other Income Expense": 476000000.0,
        "Other Non Operating Income Expenses": 65000000.0,
        "Special Income Charges": 35000000.0,
        "Gain On Sale Of Ppe": 69000000.0,
        "Write Off": NaN,
        "Impairment Of Capital Assets": 34000000.0,
        "Gain On Sale Of Security": 376000000.0,
        "Net Non Operating Interest Income Expense": -42000000.0,
        "Interest Expense Non Operating": 42000000.0,
        "Operating Income": 2161000000.0,
        "Operating Expense": 1866000000.0,
        "Other Operating Expenses": 31000000.0,
        "Other Taxes": 329000000.0,
        "Selling General And Administration": 1506000000.0,
        "Selling And Marketing Expense": 1361000000.0,
        "General And Administrative Expense": 145000000.0,
        "Other Gand A": 145000000.0,
        "Gross Profit": 4027000000.0,
        "Cost Of Revenue": 1552000000.0,
        "Total Revenue": 5579000000.0,
        "Operating Revenue": 5579000000.0
    },
    "2022-12-31": {
        "Tax Effect Of Unusual Items": 13028331.58447,
        "Tax Rate For Calcs": 0.203568,
        "Normalized EBITDA": 3715000000.0,
        "Total Unusual Items": 64000000.0,
        "Total Unusual Items Excluding Goodwill": 64000000.0,
        "Net Income From Continuing Operation Net Minority Interest": 2277000000.0,
        "Reconciled Depreciation": 878000000.0,
        "Reconciled Cost Of Revenue": 1390000000.0,
        "EBITDA": 3779000000.0,
        "EBIT": 2901000000.0,
        "Net Interest Income": -42000000.0,
        "Interest Expense": 42000000.0,
        "Normalized Income": 2226028331.58447,
        "Net Income From Continuing And Discontinued Operation": 2277000000.0,
        "Total Expenses": 3705000000.0,
        "Total Operating Income As Reported": 2853000000.0,
        "Diluted Average Shares": 588000000.0,
        "Basic Average Shares": 584000000.0,
        "Diluted EPS": 3.87,
        "Basic EPS": 3.9,
        "Diluted NI Availto Com Stockholders": 2277000000.0,
        "Net Income Common Stockholders": 2277000000.0,
        "Net Income": 2277000000.0,
        "Net Income Including Noncontrolling Interests": 2277000000.0,
        "Net Income Continuous Operations": 2277000000.0,
        "Tax Provision": 582000000.0,
        "Pretax Income": 2859000000.0,
        "Other Income Expense": 112000000.0,
        "Other Non Operating Income Expenses": 48000000.0,
        "Special Income Charges": -169000000.0,
        "Gain On Sale Of Ppe": -27000000.0,
        "Write Off": NaN,
        "Impairment Of Capital Assets": 86000000.0,
        "Gain On Sale Of Security": 233000000.0,
        "Net Non Operating Interest Income Expense": -42000000.0,
        "Interest Expense Non Operating": 42000000.0,
        "Operating Income": 2789000000.0,
        "Operating Expense": 2315000000.0,
        "Other Operating Expenses": 266000000.0,
        "Other Taxes": 389000000.0,
        "Selling General And Administration": 1660000000.0,
        "Selling And Marketing Expense": 1504000000.0,
        "General And Administrative Expense": 156000000.0,
        "Other Gand A": 156000000.0,
        "Gross Profit": 5104000000.0,
        "Cost Of Revenue": 1390000000.0,
        "Total Revenue": 6494000000.0,
        "Operating Revenue": 6494000000.0
    },
    "2022-09-30": {
        "Tax Effect Of Unusual Items": -29393000.0,
        "Tax Rate For Calcs": 0.221,
        "Normalized EBITDA": 4743000000.0,
        "Total Unusual Items": -133000000.0,
        "Total Unusual Items Excluding Goodwill": -133000000.0,
        "Net Income From Continuing Operation Net Minority Interest": 2854000000.0,
        "Reconciled Depreciation": 906000000.0,
        "Reconciled Cost Of Revenue": 1408000000.0,
        "EBITDA": 4610000000.0,
        "EBIT": 3704000000.0,
        "Net Interest Income": -41000000.0,
        "Interest Expense": 41000000.0,
        "Normalized Income": 2957607000.0,
        "Net Income From Continuing And Discontinued Operation": 2854000000.0,
        "Total Expenses": 3801000000.0,
        "Total Operating Income As Reported": 3664000000.0,
        "Diluted Average Shares": 587000000.0,
        "Basic Average Shares": 583000000.0,
        "Diluted EPS": 4.86,
        "Basic EPS": 4.9,
        "Diluted NI Availto Com Stockholders": 2854000000.0,
        "Net Income Common Stockholders": 2854000000.0,
        "Net Income": 2854000000.0,
        "Net Income Including Noncontrolling Interests": 2854000000.0,
        "Net Income Continuous Operations": 2854000000.0,
        "Tax Provision": 809000000.0,
        "Pretax Income": 3663000000.0,
        "Other Income Expense": -93000000.0,
        "Other Non Operating Income Expenses": 40000000.0,
        "Special Income Charges": -115000000.0,
        "Gain On Sale Of Ppe": -21000000.0,
        "Impairment Of Capital Assets": 94000000.0,
        "Gain On Sale Of Security": -18000000.0,
        "Net Non Operating Interest Income Expense": -41000000.0,
        "Interest Expense Non Operating": 41000000.0,
        "Operating Income": 3797000000.0,
        "Operating Expense": 2393000000.0,
        "Other Operating Expenses": 276000000.0,
        "Other Taxes": 334000000.0,
        "Selling General And Administration": 1783000000.0,
        "Selling And Marketing Expense": 1621000000.0,
        "General And Administrative Expense": 162000000.0,
        "Other Gand A": 162000000.0,
        "Gross Profit": 6190000000.0,
        "Cost Of Revenue": 1408000000.0,
        "Total Revenue": 7598000000.0,
        "Operating Revenue": 7598000000.0
    },
    "2022-06-30": {
        "Tax Effect Of Unusual Items": -301620000.0,
        "Tax Rate For Calcs": 0.22,
        "Normalized EBITDA": 5212000000.0,
        "Total Unusual Items": -1371000000.0,
        "Total Unusual Items Excluding Goodwill": -1371000000.0,
        "Net Income From Continuing Operation Net Minority Interest": 2238000000.0,
        "Reconciled Depreciation": 911000000.0,
        "Reconciled Cost Of Revenue": 1387000000.0,
        "EBITDA": 3841000000.0,
        "EBIT": 2930000000.0,
        "Net Interest Income": -48000000.0,
        "Interest Expense": 48000000.0,
        "Normalized Income": 3307380000.0,
        "Net Income From Continuing And Discontinued Operation": 2238000000.0,
        "Total Expenses": 4371000000.0,
        "Total Operating Income As Reported": 2903000000.0,
        "Diluted Average Shares": 588000000.0,
        "Basic Average Shares": 583000000.0,
        "Diluted EPS": 3.81,
        "Basic EPS": 3.84,
        "Diluted NI Availto Com Stockholders": 2238000000.0,
        "Net Income Common Stockholders": 2238000000.0,
        "Net Income": 2238000000.0,
        "Net Income Including Noncontrolling Interests": 2238000000.0,
        "Net Income Continuous Operations": 2238000000.0,
        "Tax Provision": 644000000.0,
        "Pretax Income": 2882000000.0,
        "Other Income Expense": -1344000000.0,
        "Other Non Operating Income Expenses": 27000000.0,
        "Special Income Charges": 6000000.0,
        "Gain On Sale Of Ppe": 97000000.0,
        "Impairment Of Capital Assets": 91000000.0,
        "Gain On Sale Of Security": -1377000000.0,
        "Net Non Operating Interest Income Expense": -48000000.0,
        "Interest Expense Non Operating": 48000000.0,
        "Operating Income": 4274000000.0,
        "Operating Expense": 2984000000.0,
        "Other Operating Expenses": 257000000.0,
        "Other Taxes": 472000000.0,
        "Selling General And Administration": 2255000000.0,
        "Selling And Marketing Expense": 2127000000.0,
        "General And Administrative Expense": 128000000.0,
        "Other Gand A": 128000000.0,
        "Gross Profit": 7258000000.0,
        "Cost Of Revenue": 1387000000.0,
        "Total Revenue": 8645000000.0,
        "Operating Revenue": 8645000000.0
    },
    "2023-06-30": {
        "Tax Effect Of Unusual Items": NaN,
        "Tax Rate For Calcs": NaN,
        "Normalized EBITDA": NaN,
        "Total Unusual Items": NaN,
        "Total Unusual Items Excluding Goodwill": NaN,
        "Net Income From Continuing Operation Net Minority Interest": NaN,
        "Reconciled Depreciation": NaN,
        "Reconciled Cost Of Revenue": NaN,
        "EBITDA": NaN,
        "EBIT": NaN,
        "Net Interest Income": NaN,
        "Interest Expense": NaN,
        "Normalized Income": NaN,
        "Net Income From Continuing And Discontinued Operation": NaN,
        "Total Expenses": NaN,
        "Total Operating Income As Reported": NaN,
        "Diluted Average Shares": NaN,
        "Basic Average Shares": NaN,
        "Diluted EPS": NaN,
        "Basic EPS": NaN,
        "Diluted NI Availto Com Stockholders": NaN,
        "Net Income Common Stockholders": NaN,
        "Net Income": NaN,
        "Net Income Including Noncontrolling Interests": NaN,
        "Net Income Continuous Operations": NaN,
        "Tax Provision": NaN,
        "Pretax Income": NaN,
        "Other Income Expense": NaN,
        "Other Non Operating Income Expenses": NaN,
        "Special Income Charges": NaN,
        "Gain On Sale Of Ppe": NaN,
        "Write Off": 1000000.0,
        "Impairment Of Capital Assets": NaN,
        "Gain On Sale Of Security": NaN,
        "Net Non Operating Interest Income Expense": NaN,
        "Interest Expense Non Operating": NaN,
        "Operating Income": NaN,
        "Operating Expense": NaN,
        "Other Operating Expenses": NaN,
        "Other Taxes": NaN,
        "Selling General And Administration": NaN,
        "Selling And Marketing Expense": NaN,
        "General And Administrative Expense": NaN,
        "Other Gand A": NaN,
        "Gross Profit": NaN,
        "Cost Of Revenue": NaN,
        "Total Revenue": NaN,
        "Operating Revenue": NaN
    },
    "2022-03-31": {
        "Diluted EPS": 0.67,
        "Total Revenue": NaN,
        "Gross Profit": NaN,
        "Operating Income": 546,
        "EBIT": NaN,
        "Net Income": 390
    },
    "2021-12-31": {
        "Diluted EPS": 3.4,
        "Total Revenue": NaN,
        "Gross Profit": NaN,
        "Operating Income": NaN,
        "EBIT": NaN,
        "Net Income": NaN
    },
    "2021-09-30": {
        "Diluted EPS": 1.88,
        "Total Revenue": NaN,
        "Gross Profit": NaN,
        "Operating Income": NaN,
        "EBIT": NaN,
        "Net Income": NaN
    },
    "2021-06-30": {
        "Diluted EPS": 1.55,
        "Total Revenue": NaN,
        "Gross Profit": NaN,
        "Operating Income": NaN,
        "EBIT": NaN,
        "Net Income": 907
    },
    "2021-03-31": {
        "Diluted EPS": 1.16,
        "Total Revenue": NaN,
        "Gross Profit": NaN,
        "Operating Income": 932,
        "EBIT": NaN,
        "Net Income": 677
    },
    "2020-12-31": {
        "Diluted EPS": 0.58,
        "Total Revenue": NaN,
        "Gross Profit": NaN,
        "Operating Income": 488,
        "EBIT": NaN,
        "Net Income": 337
    },
    "2020-09-30": {
        "Diluted EPS": -0.07,
        "Total Revenue": NaN,
        "Gross Profit": NaN,
        "Operating Income": -3,
        "EBIT": 820,
        "Net Income": -42
    },
    "2020-06-30": {
        "Diluted EPS": -1.57,
        "Total Revenue": NaN,
        "Gross Profit": NaN,
        "Operating Income": NaN,
        "EBIT": -380,
        "Net Income": -910
    },
    "2020-03-31": {
        "Diluted EPS": 0.02,
        "Total Revenue": NaN,
        "Gross Profit": NaN,
        "Operating Income": 58,
        "EBIT": NaN,
        "Net Income": 10
    },
    "2019-12-31": {
        "Diluted EPS": 1.09,
        "Total Revenue": NaN,
        "Gross Profit": NaN,
        "Operating Income": 864,
        "EBIT": NaN,
        "Net Income": 637
    },
    "2019-09-30": {
        "Diluted EPS": 1.06,
        "Total Revenue": NaN,
        "Gross Profit": NaN,
        "Operating Income": 828,
        "EBIT": NaN,
        "Net Income": 615
    },
    "2019-06-30": {
        "Diluted EPS": 1.46,
        "Total Revenue": NaN,
        "Gross Profit": NaN,
        "Operating Income": NaN,
        "EBIT": NaN,
        "Net Income": 848
    },
    "2019-03-31": {
        "Diluted EPS": 1.1,
        "Total Revenue": NaN,
        "Gross Profit": NaN,
        "Operating Income": 877,
        "EBIT": NaN,
        "Net Income": 635
    },
    "2018-12-31": {
        "Diluted EPS": 1.54,
        "Total Revenue": NaN,
        "Gross Profit": NaN,
        "Operating Income": NaN,
        "EBIT": NaN,
        "Net Income": 893
    },
    "2018-09-30": {
        "Diluted EPS": 2.05,
        "Total Revenue": NaN,
        "Gross Profit": NaN,
        "Operating Income": NaN,
        "EBIT": NaN,
        "Net Income": NaN
    },
    "2018-06-30": {
        "Diluted EPS": 1.2,
        "Total Revenue": NaN,
        "Gross Profit": NaN,
        "Operating Income": 965,
        "EBIT": NaN,
        "Net Income": 697
    },
    "2018-03-31": {
        "Diluted EPS": 1.1,
        "Total Revenue": NaN,
        "Gross Profit": NaN,
        "Operating Income": 875,
        "EBIT": NaN,
        "Net Income": 639
    },
    "2017-12-31": {
        "Diluted EPS": 4.2,
        "Total Revenue": NaN,
        "Gross Profit": NaN,
        "Operating Income": 476,
        "EBIT": NaN,
        "Net Income": NaN
    },
    "2017-09-30": {
        "Diluted EPS": 0.17,
        "Total Revenue": NaN,
        "Gross Profit": NaN,
        "Operating Income": 215,
        "EBIT": NaN,
        "Net Income": 101
    },
    "2017-06-30": {
        "Diluted EPS": 0.04,
        "Total Revenue": NaN,
        "Gross Profit": NaN,
        "Operating Income": 128,
        "EBIT": 993,
        "Net Income": 23
    },
    "2017-03-31": {
        "Diluted EPS": 0.05,
        "Total Revenue": NaN,
        "Gross Profit": NaN,
        "Operating Income": 108,
        "EBIT": 924,
        "Net Income": 29
    },
    "2016-12-31": {
        "Diluted EPS": -0.24,
        "Total Revenue": NaN,
        "Gross Profit": NaN,
        "Operating Income": -105,
        "EBIT": 757,
        "Net Income": -142
    },
    "2016-09-30": {
        "Diluted EPS": -0.35,
        "Total Revenue": NaN,
        "Gross Profit": NaN,
        "Operating Income": -193,
        "EBIT": 706,
        "Net Income": -190
    },
    "2016-06-30": {
        "Diluted EPS": -0.53,
        "Total Revenue": NaN,
        "Gross Profit": NaN,
        "Operating Income": -288,
        "EBIT": 574,
        "Net Income": -293
    },
    "2016-03-31": {
        "Diluted EPS": -0.86,
        "Total Revenue": NaN,
        "Gross Profit": NaN,
        "Operating Income": -638,
        "EBIT": 291,
        "Net Income": -472
    },
    "2015-12-31": {
        "Diluted EPS": -0.52,
        "Total Revenue": NaN,
        "Gross Profit": NaN,
        "Operating Income": -330,
        "EBIT": 440,
        "Net Income": -284
    },
    "2015-09-30": {
        "Diluted EPS": -7.47,
        "Total Revenue": NaN,
        "Gross Profit": NaN,
        "Operating Income": NaN,
        "EBIT": NaN,
        "Net Income": NaN
    },
    "2015-06-30": {
        "Diluted EPS": 0.01,
        "Total Revenue": NaN,
        "Gross Profit": NaN,
        "Operating Income": 40,
        "EBIT": 949,
        "Net Income": 5
    },
    "2015-03-31": {
        "Diluted EPS": -0.31,
        "Total Revenue": NaN,
        "Gross Profit": NaN,
        "Operating Income": -173,
        "EBIT": 740,
        "Net Income": -170
    },
    "2014-12-31": {
        "Diluted EPS": 0.81,
        "Total Revenue": NaN,
        "Gross Profit": NaN,
        "Operating Income": NaN,
        "EBIT": NaN,
        "Net Income": 445
    },
    "2014-09-30": {
        "Diluted EPS": 2.01,
        "Total Revenue": NaN,
        "Gross Profit": NaN,
        "Operating Income": NaN,
        "EBIT": NaN,
        "Net Income": NaN
    },
    "2014-06-30": {
        "Diluted EPS": 1.29,
        "Total Revenue": NaN,
        "Gross Profit": NaN,
        "Operating Income": NaN,
        "EBIT": NaN,
        "Net Income": 706
    },
    "2014-03-31": {
        "Diluted EPS": 1.21,
        "Total Revenue": NaN,
        "Gross Profit": NaN,
        "Operating Income": NaN,
        "EBIT": NaN,
        "Net Income": 661
    },
    "2013-12-31": {
        "Diluted EPS": 1.05,
        "Total Revenue": NaN,
        "Gross Profit": NaN,
        "Operating Income": 980,
        "EBIT": NaN,
        "Net Income": 580
    },
    "2013-09-30": {
        "Diluted EPS": 0.85,
        "Total Revenue": NaN,
        "Gross Profit": NaN,
        "Operating Income": 770,
        "EBIT": NaN,
        "Net Income": 462
    },
    "2013-06-30": {
        "Diluted EPS": 1.21,
        "Total Revenue": NaN,
        "Gross Profit": NaN,
        "Operating Income": NaN,
        "EBIT": NaN,
        "Net Income": 660
    },
    "2013-03-31": {
        "Diluted EPS": 0.91,
        "Total Revenue": NaN,
        "Gross Profit": NaN,
        "Operating Income": 833,
        "EBIT": NaN,
        "Net Income": 495
    },
    "2012-12-31": {
        "Diluted EPS": -0.94,
        "Total Revenue": NaN,
        "Gross Profit": NaN,
        "Operating Income": -378,
        "EBIT": 408,
        "Net Income": -505
    },
    "2012-09-30": {
        "Diluted EPS": 0.66,
        "Total Revenue": NaN,
        "Gross Profit": NaN,
        "Operating Income": 606,
        "EBIT": NaN,
        "Net Income": 355
    },
    "2012-06-30": {
        "Diluted EPS": 0.74,
        "Total Revenue": NaN,
        "Gross Profit": NaN,
        "Operating Income": 692,
        "EBIT": NaN,
        "Net Income": 396
    },
    "2012-03-31": {
        "Diluted EPS": 0.6,
        "Total Revenue": NaN,
        "Gross Profit": NaN,
        "Operating Income": 560,
        "EBIT": NaN,
        "Net Income": 324
    },
    "2011-12-31": {
        "Diluted EPS": 0.24,
        "Total Revenue": NaN,
        "Gross Profit": NaN,
        "Operating Income": 303,
        "EBIT": 996,
        "Net Income": 121
    },
    "2011-09-30": {
        "Diluted EPS": 1.01,
        "Total Revenue": NaN,
        "Gross Profit": NaN,
        "Operating Income": 950,
        "EBIT": NaN,
        "Net Income": 541
    },
    "2011-06-30": {
        "Diluted EPS": 0.55,
        "Total Revenue": NaN,
        "Gross Profit": NaN,
        "Operating Income": 588,
        "EBIT": NaN,
        "Net Income": 296
    },
    "2011-03-31": {
        "Diluted EPS": 0.26,
        "Total Revenue": NaN,
        "Gross Profit": NaN,
        "Operating Income": 272,
        "EBIT": 841,
        "Net Income": 134
    },
    "2010-12-31": {
        "Diluted EPS": 0.11,
        "Total Revenue": NaN,
        "Gross Profit": NaN,
        "Operating Income": 175,
        "EBIT": 718,
        "Net Income": 54
    },
    "2010-09-30": {
        "Diluted EPS": -0.14,
        "Total Revenue": NaN,
        "Gross Profit": NaN,
        "Operating Income": -12,
        "EBIT": 489,
        "Net Income": -71
    },
    "2010-06-30": {
        "Diluted EPS": 0.12,
        "Total Revenue": NaN,
        "Gross Profit": NaN,
        "Operating Income": 141,
        "EBIT": 606,
        "Net Income": 60
    },
    "2010-03-31": {
        "Diluted EPS": 0.23,
        "Total Revenue": NaN,
        "Gross Profit": NaN,
        "Operating Income": 220,
        "EBIT": 652,
        "Net Income": 118
    },
    "2009-12-31": {
        "Diluted EPS": 0.8,
        "Total Revenue": NaN,
        "Gross Profit": NaN,
        "Operating Income": 654,
        "EBIT": NaN,
        "Net Income": 400
    },
    "2009-09-30": {
        "Diluted EPS": 0.01,
        "Total Revenue": NaN,
        "Gross Profit": NaN,
        "Operating Income": 35,
        "EBIT": 421,
        "Net Income": 4
    },
    "2009-06-30": {
        "Diluted EPS": -0.04,
        "Total Revenue": 861,
        "Gross Profit": 861,
        "Operating Income": 0,
        "EBIT": 376,
        "Net Income": -17
    },
    "2009-03-31": {
        "Diluted EPS": 0.32,
        "Total Revenue": NaN,
        "Gross Profit": NaN,
        "Operating Income": 281,
        "EBIT": 671,
        "Net Income": 159
    },
    "2023-09-30": {
        "Tax Effect Of Unusual Items": NaN,
        "Tax Rate For Calcs": NaN,
        "Normalized EBITDA": NaN,
        "Total Unusual Items": NaN,
        "Total Unusual Items Excluding Goodwill": NaN,
        "Net Income From Continuing Operation Net Minority Interest": NaN,
        "Reconciled Depreciation": NaN,
        "Reconciled Cost Of Revenue": NaN,
        "EBITDA": NaN,
        "EBIT": NaN,
        "Net Interest Income": NaN,
        "Interest Expense": NaN,
        "Normalized Income": NaN,
        "Net Income From Continuing And Discontinued Operation": NaN,
        "Total Expenses": NaN,
        "Total Operating Income As Reported": NaN,
        "Diluted Average Shares": 583000000.0,
        "Basic Average Shares": 579000000.0,
        "Diluted EPS": 3.48,
        "Basic EPS": 3.51,
        "Diluted NI Availto Com Stockholders": NaN,
        "Net Income Common Stockholders": NaN,
        "Net Income": NaN,
        "Net Income Including Noncontrolling Interests": NaN,
        "Net Income Continuous Operations": NaN,
        "Tax Provision": NaN,
        "Pretax Income": NaN,
        "Other Income Expense": NaN,
        "Other Non Operating Income Expenses": NaN,
        "Special Income Charges": NaN,
        "Gain On Sale Of Ppe": NaN,
        "Write Off": NaN,
        "Impairment Of Capital Assets": NaN,
        "Gain On Sale Of Security": NaN,
        "Net Non Operating Interest Income Expense": NaN,
        "Interest Expense Non Operating": NaN,
        "Operating Income": NaN,
        "Operating Expense": NaN,
        "Other Operating Expenses": NaN,
        "Other Taxes": NaN,
        "Selling General And Administration": NaN,
        "Selling And Marketing Expense": NaN,
        "General And Administrative Expense": NaN,
        "Other Gand A": NaN,
        "Gross Profit": NaN,
        "Cost Of Revenue": NaN,
        "Total Revenue": NaN,
        "Operating Revenue": NaN
    },
    "2023-12-31": {
        "Tax Effect Of Unusual Items": NaN,
        "Tax Rate For Calcs": NaN,
        "Normalized EBITDA": NaN,
        "Total Unusual Items": NaN,
        "Total Unusual Items Excluding Goodwill": NaN,
        "Net Income From Continuing Operation Net Minority Interest": NaN,
        "Reconciled Depreciation": NaN,
        "Reconciled Cost Of Revenue": NaN,
        "EBITDA": NaN,
        "EBIT": NaN,
        "Net Interest Income": NaN,
        "Interest Expense": NaN,
        "Normalized Income": NaN,
        "Net Income From Continuing And Discontinued Operation": NaN,
        "Total Expenses": NaN,
        "Total Operating Income As Reported": NaN,
        "Diluted Average Shares": NaN,
        "Basic Average Shares": NaN,
        "Diluted EPS": NaN,
        "Basic EPS": NaN,
        "Diluted NI Availto Com Stockholders": NaN,
        "Net Income Common Stockholders": NaN,
        "Net Income": NaN,
        "Net Income Including Noncontrolling Interests": NaN,
        "Net Income Continuous Operations": NaN,
        "Tax Provision": NaN,
        "Pretax Income": NaN,
        "Other Income Expense": NaN,
        "Other Non Operating Income Expenses": NaN,
        "Special Income Charges": NaN,
        "Gain On Sale Of Ppe": NaN,
        "Write Off": 31000000.0,
        "Impairment Of Capital Assets": NaN,
        "Gain On Sale Of Security": NaN,
        "Net Non Operating Interest Income Expense": NaN,
        "Interest Expense Non Operating": NaN,
        "Operating Income": NaN,
        "Operating Expense": NaN,
        "Other Operating Expenses": NaN,
        "Other Taxes": NaN,
        "Selling General And Administration": NaN,
        "Selling And Marketing Expense": NaN,
        "General And Administrative Expense": NaN,
        "Other Gand A": NaN,
        "Gross Profit": NaN,
        "Cost Of Revenue": NaN,
        "Total Revenue": NaN,
        "Operating Revenue": NaN
    },
    "2024-03-31": {
        "Tax Effect Of Unusual Items": 54210434.782609,
        "Tax Rate For Calcs": 0.222174,
        "Normalized EBITDA": 3163000000.0,
        "Total Unusual Items": 244000000.0,
        "Total Unusual Items Excluding Goodwill": 244000000.0,
        "Net Income From Continuing Operation Net Minority Interest": 1789000000.0,
        "Reconciled Depreciation": 1074000000.0,
        "Reconciled Cost Of Revenue": 1883000000.0,
        "EBITDA": 3407000000.0,
        "EBIT": 2333000000.0,
        "Net Interest Income": -33000000.0,
        "Interest Expense": 33000000.0,
        "Normalized Income": 1599210434.782609,
        "Net Income From Continuing And Discontinued Operation": 1789000000.0,
        "Total Expenses": 3807000000.0,
        "Total Operating Income As Reported": 2271000000.0,
        "Diluted Average Shares": 577000000.0,
        "Basic Average Shares": 575000000.0,
        "Diluted EPS": 3.1,
        "Basic EPS": 3.11,
        "Diluted NI Availto Com Stockholders": 1789000000.0,
        "Net Income Common Stockholders": 1789000000.0,
        "Net Income": 1789000000.0,
        "Net Income Including Noncontrolling Interests": 1789000000.0,
        "Net Income Continuous Operations": 1789000000.0,
        "Tax Provision": 511000000.0,
        "Pretax Income": 2300000000.0,
        "Other Income Expense": 306000000.0,
        "Other Non Operating Income Expenses": 62000000.0,
        "Special Income Charges": 7000000.0,
        "Gain On Sale Of Ppe": 26000000.0,
        "Write Off": NaN,
        "Impairment Of Capital Assets": 19000000.0,
        "Gain On Sale Of Security": 237000000.0,
        "Net Non Operating Interest Income Expense": -33000000.0,
        "Interest Expense Non Operating": 33000000.0,
        "Operating Income": 2027000000.0,
        "Operating Expense": 1924000000.0,
        "Other Operating Expenses": 20000000.0,
        "Other Taxes": 338000000.0,
        "Selling General And Administration": 1566000000.0,
        "Selling And Marketing Expense": 1404000000.0,
        "General And Administrative Expense": 162000000.0,
        "Other Gand A": 162000000.0,
        "Gross Profit": 3951000000.0,
        "Cost Of Revenue": 1883000000.0,
        "Total Revenue": 5834000000.0,
        "Operating Revenue": 5834000000.0
    },
    "2024-06-30": {
        "Tax Effect Of Unusual Items": -23760000.0,
        "Tax Rate For Calcs": 0.22,
        "Normalized EBITDA": 3288000000.0,
        "Total Unusual Items": -108000000.0,
        "Total Unusual Items Excluding Goodwill": -108000000.0,
        "Net Income From Continuing Operation Net Minority Interest": 1690000000.0,
        "Reconciled Depreciation": 984000000.0,
        "Reconciled Cost Of Revenue": 1797000000.0,
        "EBITDA": 3180000000.0,
        "EBIT": 2196000000.0,
        "Net Interest Income": -36000000.0,
        "Interest Expense": 36000000.0,
        "Normalized Income": 1774240000.0,
        "Net Income From Continuing And Discontinued Operation": 1690000000.0,
        "Total Expenses": 3791000000.0,
        "Total Operating Income As Reported": 2130000000.0,
        "Diluted Average Shares": 572000000.0,
        "Basic Average Shares": 569000000.0,
        "Diluted EPS": 2.95,
        "Basic EPS": 2.97,
        "Diluted NI Availto Com Stockholders": 1690000000.0,
        "Net Income Common Stockholders": 1690000000.0,
        "Net Income": 1690000000.0,
        "Net Income Including Noncontrolling Interests": 1690000000.0,
        "Net Income Continuous Operations": 1690000000.0,
        "Tax Provision": 470000000.0,
        "Pretax Income": 2160000000.0,
        "Other Income Expense": -42000000.0,
        "Other Non Operating Income Expenses": 66000000.0,
        "Special Income Charges": -61000000.0,
        "Gain On Sale Of Ppe": 20000000.0,
        "Write Off": 31000000.0,
        "Impairment Of Capital Assets": 50000000.0,
        "Gain On Sale Of Security": -47000000.0,
        "Net Non Operating Interest Income Expense": -36000000.0,
        "Interest Expense Non Operating": 36000000.0,
        "Operating Income": 2238000000.0,
        "Operating Expense": 1994000000.0,
        "Other Operating Expenses": 16000000.0,
        "Other Taxes": 337000000.0,
        "Selling General And Administration": 1641000000.0,
        "Selling And Marketing Expense": 1490000000.0,
        "General And Administrative Expense": 151000000.0,
        "Other Gand A": 151000000.0,
        "Gross Profit": 4232000000.0,
        "Cost Of Revenue": 1797000000.0,
        "Total Revenue": 6029000000.0,
        "Operating Revenue": 6029000000.0
    },
    "2024-09-30": {
        "Tax Effect Of Unusual Items": 12540000.0,
        "Tax Rate For Calcs": 0.22,
        "Normalized EBITDA": 3139000000.0,
        "Total Unusual Items": 57000000.0,
        "Total Unusual Items Excluding Goodwill": 57000000.0,
        "Net Income From Continuing Operation Net Minority Interest": 1673000000.0,
        "Reconciled Depreciation": 1031000000.0,
        "Reconciled Cost Of Revenue": 1868000000.0,
        "EBITDA": 3196000000.0,
        "EBIT": 2165000000.0,
        "Net Interest Income": -31000000.0,
        "Interest Expense": 31000000.0,
        "Normalized Income": 1628540000.0,
        "Net Income From Continuing And Discontinued Operation": 1673000000.0,
        "Total Expenses": 3833000000.0,
        "Total Operating Income As Reported": 2089000000.0,
        "Diluted Average Shares": 568000000.0,
        "Basic Average Shares": 564000000.0,
        "Diluted EPS": 2.95,
        "Basic EPS": 2.97,
        "Diluted NI Availto Com Stockholders": 1673000000.0,
        "Net Income Common Stockholders": 1673000000.0,
        "Net Income": 1673000000.0,
        "Net Income Including Noncontrolling Interests": 1673000000.0,
        "Net Income Continuous Operations": 1673000000.0,
        "Tax Provision": 461000000.0,
        "Pretax Income": 2134000000.0,
        "Other Income Expense": 133000000.0,
        "Other Non Operating Income Expenses": 76000000.0,
        "Special Income Charges": -22000000.0,
        "Gain On Sale Of Ppe": -7000000.0,
        "Write Off": NaN,
        "Impairment Of Capital Assets": 15000000.0,
        "Gain On Sale Of Security": 79000000.0,
        "Net Non Operating Interest Income Expense": -31000000.0,
        "Interest Expense Non Operating": 31000000.0,
        "Operating Income": 2032000000.0,
        "Operating Expense": 1965000000.0,
        "Other Operating Expenses": 15000000.0,
        "Other Taxes": 283000000.0,
        "Selling General And Administration": 1667000000.0,
        "Selling And Marketing Expense": 1500000000.0,
        "General And Administrative Expense": 167000000.0,
        "Other Gand A": 167000000.0,
        "Gross Profit": 3997000000.0,
        "Cost Of Revenue": 1868000000.0,
        "Total Revenue": 5865000000.0,
        "Operating Revenue": 5865000000.0
    },
    "2024-12-31": {
        "Tax Effect Of Unusual Items": -83603448.275862,
        "Tax Rate For Calcs": 0.22968,
        "Normalized EBITDA": 3045000000.0,
        "Total Unusual Items": -364000000.0,
        "Total Unusual Items Excluding Goodwill": -364000000.0,
        "Net Income From Continuing Operation Net Minority Interest": 1251000000.0,
        "Reconciled Depreciation": 1019000000.0,
        "Reconciled Cost Of Revenue": 132000000.0,
        "EBITDA": 2681000000.0,
        "EBIT": 1662000000.0,
        "Net Interest Income": 239000000.0,
        "Interest Expense": 38000000.0,
        "Normalized Income": 1531396551.724138,
        "Net Income From Continuing And Discontinued Operation": 1251000000.0,
        "Total Expenses": 3694000000.0,
        "Total Operating Income As Reported": 1592000000.0,
        "Diluted Average Shares": 561000000.0,
        "Basic Average Shares": 557000000.0,
        "Diluted EPS": 2.23,
        "Basic EPS": 2.25,
        "Diluted NI Availto Com Stockholders": 1251000000.0,
        "Net Income Common Stockholders": 1251000000.0,
        "Net Income": 1251000000.0,
        "Net Income Including Noncontrolling Interests": 1251000000.0,
        "Net Income Continuous Operations": 1251000000.0,
        "Tax Provision": 373000000.0,
        "Pretax Income": 1624000000.0,
        "Other Income Expense": -571000000.0,
        "Other Non Operating Income Expenses": -207000000.0,
        "Special Income Charges": -299000000.0,
        "Gain On Sale Of Ppe": -23000000.0,
        "Write Off": 2000000.0,
        "Impairment Of Capital Assets": 274000000.0,
        "Gain On Sale Of Security": -65000000.0,
        "Net Non Operating Interest Income Expense": 239000000.0,
        "Interest Expense Non Operating": 38000000.0,
        "Operating Income": 1956000000.0,
        "Operating Expense": 3562000000.0,
        "Other Operating Expenses": 1759000000.0,
        "Other Taxes": 291000000.0,
        "Selling General And Administration": 1512000000.0,
        "Selling And Marketing Expense": 1323000000.0,
        "General And Administrative Expense": 189000000.0,
        "Other Gand A": 189000000.0,
        "Gross Profit": 5518000000.0,
        "Cost Of Revenue": 132000000.0,
        "Total Revenue": 5650000000.0,
        "Operating Revenue": 5650000000.0
    },
    "2025-03-31": {
        "Tax Effect Of Unusual Items": -52053276.505061,
        "Tax Rate For Calcs": 0.220565,
        "Normalized EBITDA": 3173000000.0,
        "Total Unusual Items": -236000000.0,
        "Total Unusual Items Excluding Goodwill": -236000000.0,
        "Net Income From Continuing Operation Net Minority Interest": 1463000000.0,
        "Reconciled Depreciation": 1013000000.0,
        "Reconciled Cost Of Revenue": 1854000000.0,
        "EBITDA": 2937000000.0,
        "EBIT": 1924000000.0,
        "Net Interest Income": -47000000.0,
        "Interest Expense": 47000000.0,
        "Normalized Income": 1646946723.494939,
        "Net Income From Continuing And Discontinued Operation": 1463000000.0,
        "Total Expenses": 3747000000.0,
        "Total Operating Income As Reported": 1859000000.0,
        "Diluted Average Shares": 553000000.0,
        "Basic Average Shares": 550000000.0,
        "Diluted EPS": 2.65,
        "Basic EPS": 2.66,
        "Diluted NI Availto Com Stockholders": 1463000000.0,
        "Net Income Common Stockholders": 1463000000.0,
        "Net Income": 1463000000.0,
        "Net Income Including Noncontrolling Interests": 1463000000.0,
        "Net Income Continuous Operations": 1463000000.0,
        "Tax Provision": 414000000.0,
        "Pretax Income": 1877000000.0,
        "Other Income Expense": -171000000.0,
        "Other Non Operating Income Expenses": 65000000.0,
        "Special Income Charges": -45000000.0,
        "Gain On Sale Of Ppe": -1000000.0,
        "Write Off": NaN,
        "Impairment Of Capital Assets": 44000000.0,
        "Gain On Sale Of Security": -191000000.0,
        "Net Non Operating Interest Income Expense": -47000000.0,
        "Interest Expense Non Operating": 47000000.0,
        "Operating Income": 2095000000.0,
        "Operating Expense": 1893000000.0,
        "Other Operating Expenses": 56000000.0,
        "Other Taxes": 341000000.0,
        "Selling General And Administration": 1496000000.0,
        "Selling And Marketing Expense": 1325000000.0,
        "General And Administrative Expense": 171000000.0,
        "Other Gand A": 171000000.0,
        "Gross Profit": 3988000000.0,
        "Cost Of Revenue": 1854000000.0,
        "Total Revenue": 5842000000.0,
        "Operating Revenue": 5842000000.0
    }
}