{
    "2023-03-31": {
        "Tax Effect Of Unusual Items": NaN,
        "Tax Rate For Calcs": NaN,
        "Normalized EBITDA": NaN,
        "Total Unusual Items": NaN,
        "Total Unusual Items Excluding Goodwill": NaN,
        "Net Income From Continuing Operation Net Minority Interest": NaN,
        "Reconciled Depreciation": NaN,
        "Reconciled Cost Of Revenue": NaN,
        "EBITDA": NaN,
        "EBIT": NaN,
        "Net Interest Income": NaN,
        "Interest Expense": NaN,
        "Normalized Income": NaN,
        "Net Income From Continuing And Discontinued Operation": NaN,
        "Total Expenses": NaN,
        "Total Operating Income As Reported": NaN,
        "Diluted Average Shares": NaN,
        "Basic Average Shares": NaN,
        "Diluted EPS": NaN,
        "Basic EPS": NaN,
        "Diluted NI Availto Com Stockholders": NaN,
        "Average Dilution Earnings": NaN,
        "Net Income Common Stockholders": NaN,
        "Preferred Stock Dividends": NaN,
        "Net Income": NaN,
        "Net Income Including Noncontrolling Interests": NaN,
        "Net Income Continuous Operations": NaN,
        "Tax Provision": NaN,
        "Pretax Income": NaN,
        "Other Income Expense": NaN,
        "Other Non Operating Income Expenses": NaN,
        "Special Income Charges": NaN,
        "Other Special Charges": 1634000.0,
        "Impairment Of Capital Assets": NaN,
        "Gain On Sale Of Security": NaN,
        "Net Non Operating Interest Income Expense": NaN,
        "Total Other Finance Cost": NaN,
        "Interest Expense Non Operating": NaN,
        "Operating Income": NaN,
        "Operating Expense": NaN,
        "Research And Development": NaN,
        "Selling General And Administration": NaN,
        "Gross Profit": NaN,
        "Cost Of Revenue": NaN,
        "Total Revenue": NaN,
        "Operating Revenue": NaN
    },
    "2022-12-31": {
        "Tax Effect Of Unusual Items": NaN,
        "Tax Rate For Calcs": NaN,
        "Normalized EBITDA": NaN,
        "Total Unusual Items": NaN,
        "Total Unusual Items Excluding Goodwill": NaN,
        "Net Income From Continuing Operation Net Minority Interest": NaN,
        "Reconciled Depreciation": NaN,
        "Reconciled Cost Of Revenue": NaN,
        "EBITDA": NaN,
        "EBIT": NaN,
        "Net Interest Income": NaN,
        "Interest Expense": NaN,
        "Normalized Income": NaN,
        "Net Income From Continuing And Discontinued Operation": NaN,
        "Total Expenses": NaN,
        "Total Operating Income As Reported": NaN,
        "Diluted Average Shares": NaN,
        "Basic Average Shares": NaN,
        "Diluted EPS": NaN,
        "Basic EPS": NaN,
        "Diluted NI Availto Com Stockholders": NaN,
        "Net Income Common Stockholders": NaN,
        "Preferred Stock Dividends": NaN,
        "Net Income": NaN,
        "Net Income Including Noncontrolling Interests": NaN,
        "Net Income Continuous Operations": NaN,
        "Tax Provision": NaN,
        "Pretax Income": NaN,
        "Other Income Expense": NaN,
        "Other Non Operating Income Expenses": NaN,
        "Special Income Charges": NaN,
        "Other Special Charges": 0.0,
        "Impairment Of Capital Assets": NaN,
        "Restructuring And Mergern Acquisition": 0.0,
        "Earnings From Equity Interest": 0.0,
        "Gain On Sale Of Security": NaN,
        "Net Non Operating Interest Income Expense": NaN,
        "Total Other Finance Cost": NaN,
        "Interest Expense Non Operating": NaN,
        "Operating Income": NaN,
        "Operating Expense": NaN,
        "Other Operating Expenses": -20000.0,
        "Research And Development": NaN,
        "Selling General And Administration": NaN,
        "Gross Profit": NaN,
        "Cost Of Revenue": NaN,
        "Total Revenue": NaN,
        "Operating Revenue": NaN
    },
    "2022-09-30": {
        "Tax Effect Of Unusual Items": NaN,
        "Tax Rate For Calcs": NaN,
        "Normalized EBITDA": NaN,
        "Total Unusual Items": NaN,
        "Total Unusual Items Excluding Goodwill": NaN,
        "Net Income From Continuing Operation Net Minority Interest": NaN,
        "Reconciled Depreciation": NaN,
        "Reconciled Cost Of Revenue": NaN,
        "EBITDA": NaN,
        "EBIT": NaN,
        "Net Interest Income": NaN,
        "Interest Expense": NaN,
        "Normalized Income": NaN,
        "Net Income From Continuing And Discontinued Operation": NaN,
        "Total Expenses": NaN,
        "Total Operating Income As Reported": NaN,
        "Diluted Average Shares": 63065884.0,
        "Basic Average Shares": 63065884.0,
        "Diluted EPS": -1.12,
        "Basic EPS": -1.12,
        "Diluted NI Availto Com Stockholders": NaN,
        "Net Income Common Stockholders": NaN,
        "Net Income": NaN,
        "Net Income Including Noncontrolling Interests": NaN,
        "Net Income Continuous Operations": NaN,
        "Tax Provision": NaN,
        "Pretax Income": NaN,
        "Other Income Expense": NaN,
        "Other Non Operating Income Expenses": NaN,
        "Special Income Charges": NaN,
        "Other Special Charges": 942000.0,
        "Impairment Of Capital Assets": NaN,
        "Restructuring And Mergern Acquisition": 0.0,
        "Earnings From Equity Interest": 0.0,
        "Gain On Sale Of Security": NaN,
        "Net Non Operating Interest Income Expense": NaN,
        "Interest Expense Non Operating": NaN,
        "Operating Income": NaN,
        "Operating Expense": NaN,
        "Other Operating Expenses": NaN,
        "Research And Development": NaN,
        "Selling General And Administration": NaN,
        "Gross Profit": NaN,
        "Cost Of Revenue": NaN,
        "Total Revenue": NaN,
        "Operating Revenue": NaN
    },
    "2022-06-30": {
        "Tax Effect Of Unusual Items": 912.943044,
        "Tax Rate For Calcs": 0.000406,
        "Normalized EBITDA": -54742000.0,
        "Total Unusual Items": 2251000.0,
        "Total Unusual Items Excluding Goodwill": 2251000.0,
        "Net Income From Continuing Operation Net Minority Interest": -56687000.0,
        "Reconciled Depreciation": 1271000.0,
        "Reconciled Cost Of Revenue": 36866000.0,
        "EBITDA": -52491000.0,
        "EBIT": -53762000.0,
        "Net Interest Income": -2948000.0,
        "Interest Expense": 2948000.0,
        "Normalized Income": -58937087.056956,
        "Net Income From Continuing And Discontinued Operation": -56687000.0,
        "Total Expenses": 61276000.0,
        "Total Operating Income As Reported": -57378000.0,
        "Diluted Average Shares": 56021185.0,
        "Basic Average Shares": 56021185.0,
        "Diluted EPS": -1.01,
        "Basic EPS": -1.01,
        "Diluted NI Availto Com Stockholders": -56687000.0,
        "Net Income Common Stockholders": -56687000.0,
        "Net Income": -56687000.0,
        "Net Income Including Noncontrolling Interests": -56687000.0,
        "Net Income Continuous Operations": -56687000.0,
        "Tax Provision": -23000.0,
        "Pretax Income": -56710000.0,
        "Other Income Expense": 1619000.0,
        "Other Non Operating Income Expenses": -632000.0,
        "Special Income Charges": -1997000.0,
        "Other Special Charges": NaN,
        "Impairment Of Capital Assets": 1997000.0,
        "Restructuring And Mergern Acquisition": 0.0,
        "Earnings From Equity Interest": 0.0,
        "Gain On Sale Of Security": 4248000.0,
        "Net Non Operating Interest Income Expense": -2948000.0,
        "Interest Expense Non Operating": 2948000.0,
        "Operating Income": -55381000.0,
        "Operating Expense": 24410000.0,
        "Other Operating Expenses": -169000.0,
        "Research And Development": 5464000.0,
        "Selling General And Administration": 19115000.0,
        "General And Administrative Expense": NaN,
        "Other Gand A": NaN,
        "Gross Profit": -30971000.0,
        "Cost Of Revenue": 36866000.0,
        "Total Revenue": 5895000.0,
        "Operating Revenue": 5895000.0
    },
    "2022-03-31": {
        "Diluted EPS": -0.85,
        "Total Revenue": 3,
        "Gross Profit": -32,
        "Operating Income": -52,
        "EBIT": -51,
        "Net Income": -46
    },
    "2021-12-31": {
        "Diluted EPS": -0.56,
        "Total Revenue": 3,
        "Gross Profit": -18,
        "Operating Income": -38,
        "EBIT": -36,
        "Net Income": -31
    },
    "2021-09-30": {
        "Diluted EPS": -0.34,
        "Total Revenue": 1,
        "Gross Profit": -12,
        "Operating Income": -26,
        "EBIT": -25,
        "Net Income": -18
    },
    "2021-06-30": {
        "Diluted EPS": -1.04,
        "Total Revenue": 1,
        "Gross Profit": -12,
        "Operating Income": -49,
        "EBIT": -49,
        "Net Income": -54
    },
    "2021-03-31": {
        "Diluted EPS": -0.42,
        "Total Revenue": 0,
        "Gross Profit": 0,
        "Operating Income": -22,
        "EBIT": -21,
        "Net Income": -21
    },
    "2020-12-31": {
        "Diluted EPS": 4.03,
        "Total Revenue": 0,
        "Gross Profit": 1,
        "Operating Income": -15,
        "EBIT": -15,
        "Net Income": -25
    },
    "2020-09-30": {
        "Diluted EPS": -7.66,
        "Total Revenue": 0,
        "Gross Profit": -6,
        "Operating Income": -14,
        "EBIT": -14,
        "Net Income": -30
    },
    "2020-06-30": {
        "Diluted EPS": -1.5,
        "Total Revenue": NaN,
        "Gross Profit": 0,
        "Operating Income": -4,
        "EBIT": -4,
        "Net Income": -6
    },
    "2020-03-31": {
        "Diluted EPS": -2.38,
        "Total Revenue": NaN,
        "Gross Profit": 0,
        "Operating Income": -5,
        "EBIT": -5,
        "Net Income": -9
    },
    "2019-12-31": {
        "Diluted EPS": 0.0,
        "Total Revenue": NaN,
        "Gross Profit": NaN,
        "Operating Income": NaN,
        "EBIT": NaN,
        "Net Income": NaN
    },
    "2019-09-30": {
        "Diluted EPS": 0.0,
        "Total Revenue": NaN,
        "Gross Profit": NaN,
        "Operating Income": NaN,
        "EBIT": NaN,
        "Net Income": NaN
    },
    "2023-06-30": {
        "Tax Effect Of Unusual Items": NaN,
        "Tax Rate For Calcs": NaN,
        "Normalized EBITDA": NaN,
        "Total Unusual Items": NaN,
        "Total Unusual Items Excluding Goodwill": NaN,
        "Net Income From Continuing Operation Net Minority Interest": NaN,
        "Reconciled Depreciation": NaN,
        "Reconciled Cost Of Revenue": NaN,
        "EBITDA": NaN,
        "EBIT": NaN,
        "Net Interest Income": NaN,
        "Interest Expense": NaN,
        "Normalized Income": NaN,
        "Net Income From Continuing And Discontinued Operation": NaN,
        "Total Expenses": NaN,
        "Total Operating Income As Reported": NaN,
        "Diluted Average Shares": 117320802.0,
        "Basic Average Shares": 117320802.0,
        "Diluted EPS": -1.12,
        "Basic EPS": -1.12,
        "Diluted NI Availto Com Stockholders": NaN,
        "Average Dilution Earnings": NaN,
        "Net Income Common Stockholders": NaN,
        "Preferred Stock Dividends": NaN,
        "Net Income": NaN,
        "Net Income Including Noncontrolling Interests": NaN,
        "Net Income Continuous Operations": NaN,
        "Tax Provision": NaN,
        "Pretax Income": NaN,
        "Other Income Expense": NaN,
        "Other Non Operating Income Expenses": NaN,
        "Special Income Charges": NaN,
        "Other Special Charges": 1876000.0,
        "Impairment Of Capital Assets": NaN,
        "Gain On Sale Of Security": NaN,
        "Net Non Operating Interest Income Expense": NaN,
        "Total Other Finance Cost": 985000.0,
        "Interest Expense Non Operating": NaN,
        "Operating Income": NaN,
        "Operating Expense": NaN,
        "Research And Development": NaN,
        "Selling General And Administration": NaN,
        "Gross Profit": NaN,
        "Cost Of Revenue": NaN,
        "Total Revenue": NaN,
        "Operating Revenue": NaN
    },
    "2023-09-30": {
        "Tax Effect Of Unusual Items": NaN,
        "Tax Rate For Calcs": NaN,
        "Normalized EBITDA": NaN,
        "Total Unusual Items": NaN,
        "Total Unusual Items Excluding Goodwill": NaN,
        "Net Income From Continuing Operation Net Minority Interest": NaN,
        "Reconciled Depreciation": NaN,
        "Reconciled Cost Of Revenue": NaN,
        "EBITDA": NaN,
        "EBIT": NaN,
        "Net Interest Income": NaN,
        "Interest Expense": NaN,
        "Normalized Income": NaN,
        "Net Income From Continuing And Discontinued Operation": NaN,
        "Total Expenses": NaN,
        "Total Operating Income As Reported": NaN,
        "Diluted Average Shares": 156325284.0,
        "Basic Average Shares": 138005222.0,
        "Diluted EPS": -0.05,
        "Basic EPS": 0.11,
        "Diluted NI Availto Com Stockholders": NaN,
        "Average Dilution Earnings": -22949000.0,
        "Net Income Common Stockholders": NaN,
        "Preferred Stock Dividends": NaN,
        "Net Income": NaN,
        "Net Income Including Noncontrolling Interests": NaN,
        "Net Income Continuous Operations": NaN,
        "Tax Provision": NaN,
        "Pretax Income": NaN,
        "Other Income Expense": NaN,
        "Other Non Operating Income Expenses": NaN,
        "Special Income Charges": NaN,
        "Other Special Charges": NaN,
        "Impairment Of Capital Assets": NaN,
        "Gain On Sale Of Security": NaN,
        "Net Non Operating Interest Income Expense": NaN,
        "Total Other Finance Cost": 186000.0,
        "Interest Expense Non Operating": NaN,
        "Operating Income": NaN,
        "Operating Expense": NaN,
        "Research And Development": NaN,
        "Selling General And Administration": NaN,
        "Gross Profit": NaN,
        "Cost Of Revenue": NaN,
        "Total Revenue": NaN,
        "Operating Revenue": NaN
    },
    "2023-12-31": {
        "Tax Effect Of Unusual Items": NaN,
        "Tax Rate For Calcs": NaN,
        "Normalized EBITDA": NaN,
        "Total Unusual Items": NaN,
        "Total Unusual Items Excluding Goodwill": NaN,
        "Net Income From Continuing Operation Net Minority Interest": NaN,
        "Reconciled Depreciation": NaN,
        "Reconciled Cost Of Revenue": NaN,
        "EBITDA": NaN,
        "EBIT": NaN,
        "Net Interest Income": NaN,
        "Interest Expense": NaN,
        "Normalized Income": NaN,
        "Net Income From Continuing And Discontinued Operation": NaN,
        "Total Expenses": NaN,
        "Total Operating Income As Reported": NaN,
        "Diluted Average Shares": NaN,
        "Basic Average Shares": NaN,
        "Diluted EPS": NaN,
        "Basic EPS": NaN,
        "Diluted NI Availto Com Stockholders": NaN,
        "Average Dilution Earnings": NaN,
        "Net Income Common Stockholders": NaN,
        "Otherunder Preferred Stock Dividend": NaN,
        "Preferred Stock Dividends": NaN,
        "Net Income": NaN,
        "Net Income Including Noncontrolling Interests": NaN,
        "Net Income Continuous Operations": NaN,
        "Tax Provision": NaN,
        "Pretax Income": NaN,
        "Other Income Expense": NaN,
        "Other Non Operating Income Expenses": NaN,
        "Special Income Charges": NaN,
        "Other Special Charges": 0.0,
        "Impairment Of Capital Assets": NaN,
        "Gain On Sale Of Security": NaN,
        "Net Non Operating Interest Income Expense": NaN,
        "Total Other Finance Cost": NaN,
        "Interest Expense Non Operating": NaN,
        "Operating Income": NaN,
        "Operating Expense": NaN,
        "Research And Development": NaN,
        "Selling General And Administration": NaN,
        "Gross Profit": NaN,
        "Cost Of Revenue": NaN,
        "Total Revenue": NaN,
        "Operating Revenue": NaN
    },
    "2024-03-31": {
        "Tax Effect Of Unusual Items": NaN,
        "Tax Rate For Calcs": NaN,
        "Normalized EBITDA": NaN,
        "Total Unusual Items": NaN,
        "Total Unusual Items Excluding Goodwill": NaN,
        "Net Income From Continuing Operation Net Minority Interest": NaN,
        "Reconciled Depreciation": NaN,
        "Reconciled Cost Of Revenue": NaN,
        "EBITDA": NaN,
        "EBIT": NaN,
        "Net Interest Income": NaN,
        "Interest Expense": NaN,
        "Normalized Income": NaN,
        "Net Income From Continuing And Discontinued Operation": NaN,
        "Total Expenses": NaN,
        "Total Operating Income As Reported": NaN,
        "Diluted Average Shares": 201306905.0,
        "Basic Average Shares": 201306905.0,
        "Diluted EPS": -0.23,
        "Basic EPS": -0.23,
        "Diluted NI Availto Com Stockholders": NaN,
        "Average Dilution Earnings": NaN,
        "Net Income Common Stockholders": NaN,
        "Otherunder Preferred Stock Dividend": NaN,
        "Preferred Stock Dividends": NaN,
        "Net Income": NaN,
        "Net Income Including Noncontrolling Interests": NaN,
        "Net Income Continuous Operations": NaN,
        "Tax Provision": NaN,
        "Pretax Income": NaN,
        "Other Income Expense": NaN,
        "Other Non Operating Income Expenses": NaN,
        "Special Income Charges": NaN,
        "Other Special Charges": NaN,
        "Impairment Of Capital Assets": NaN,
        "Gain On Sale Of Security": NaN,
        "Net Non Operating Interest Income Expense": NaN,
        "Total Other Finance Cost": NaN,
        "Interest Expense Non Operating": NaN,
        "Operating Income": NaN,
        "Operating Expense": NaN,
        "Research And Development": NaN,
        "Selling General And Administration": NaN,
        "Gross Profit": NaN,
        "Cost Of Revenue": NaN,
        "Total Revenue": NaN,
        "Operating Revenue": NaN
    },
    "2024-06-30": {
        "Tax Effect Of Unusual Items": NaN,
        "Tax Rate For Calcs": NaN,
        "Normalized EBITDA": NaN,
        "Total Unusual Items": NaN,
        "Total Unusual Items Excluding Goodwill": NaN,
        "Net Income From Continuing Operation Net Minority Interest": NaN,
        "Reconciled Depreciation": NaN,
        "Reconciled Cost Of Revenue": NaN,
        "EBITDA": NaN,
        "EBIT": NaN,
        "Net Interest Income": NaN,
        "Interest Expense": NaN,
        "Interest Income": NaN,
        "Normalized Income": NaN,
        "Net Income From Continuing And Discontinued Operation": NaN,
        "Total Expenses": NaN,
        "Total Operating Income As Reported": NaN,
        "Diluted Average Shares": 211137189.0,
        "Basic Average Shares": 211137189.0,
        "Diluted EPS": -0.25,
        "Basic EPS": -0.25,
        "Diluted NI Availto Com Stockholders": NaN,
        "Average Dilution Earnings": NaN,
        "Net Income Common Stockholders": NaN,
        "Otherunder Preferred Stock Dividend": 23671000.0,
        "Preferred Stock Dividends": 23671000.0,
        "Net Income": NaN,
        "Net Income Including Noncontrolling Interests": NaN,
        "Net Income Continuous Operations": NaN,
        "Tax Provision": NaN,
        "Pretax Income": NaN,
        "Other Income Expense": NaN,
        "Other Non Operating Income Expenses": NaN,
        "Special Income Charges": NaN,
        "Other Special Charges": -68478000.0,
        "Impairment Of Capital Assets": NaN,
        "Gain On Sale Of Security": NaN,
        "Net Non Operating Interest Income Expense": NaN,
        "Total Other Finance Cost": 433000.0,
        "Interest Expense Non Operating": NaN,
        "Interest Income Non Operating": NaN,
        "Operating Income": NaN,
        "Operating Expense": NaN,
        "Research And Development": NaN,
        "Selling General And Administration": NaN,
        "Gross Profit": NaN,
        "Cost Of Revenue": NaN,
        "Total Revenue": NaN,
        "Operating Revenue": NaN
    },
    "2024-09-30": {
        "Tax Effect Of Unusual Items": -13191.476951,
        "Tax Rate For Calcs": 4.7e-05,
        "Normalized EBITDA": -51941000.0,
        "Total Unusual Items": -282695000.0,
        "Total Unusual Items Excluding Goodwill": -282695000.0,
        "Net Income From Continuing Operation Net Minority Interest": -342866000.0,
        "Reconciled Depreciation": 3057000.0,
        "Reconciled Cost Of Revenue": 25764000.0,
        "EBITDA": -334636000.0,
        "EBIT": -337693000.0,
        "Net Interest Income": -5424000.0,
        "Interest Expense": 5189000.0,
        "Interest Income": NaN,
        "Normalized Income": -60184191.476951,
        "Net Income From Continuing And Discontinued Operation": -342866000.0,
        "Total Expenses": 50988000.0,
        "Total Operating Income As Reported": -53326000.0,
        "Diluted Average Shares": 216898374.0,
        "Basic Average Shares": 216898374.0,
        "Diluted EPS": -1.77,
        "Basic EPS": -1.77,
        "Diluted NI Availto Com Stockholders": -384133000.0,
        "Average Dilution Earnings": 0.0,
        "Net Income Common Stockholders": -384133000.0,
        "Otherunder Preferred Stock Dividend": NaN,
        "Preferred Stock Dividends": 41267000.0,
        "Net Income": -342866000.0,
        "Net Income Including Noncontrolling Interests": -342866000.0,
        "Net Income Continuous Operations": -342866000.0,
        "Tax Provision": -16000.0,
        "Pretax Income": -342882000.0,
        "Other Income Expense": -287324000.0,
        "Other Non Operating Income Expenses": -4629000.0,
        "Special Income Charges": -3192000.0,
        "Other Special Charges": NaN,
        "Impairment Of Capital Assets": 3192000.0,
        "Gain On Sale Of Security": -279503000.0,
        "Net Non Operating Interest Income Expense": -5424000.0,
        "Total Other Finance Cost": 235000.0,
        "Interest Expense Non Operating": 5189000.0,
        "Interest Income Non Operating": NaN,
        "Operating Income": -50134000.0,
        "Operating Expense": 25224000.0,
        "Research And Development": 7428000.0,
        "Selling General And Administration": 17796000.0,
        "Gross Profit": -24910000.0,
        "Cost Of Revenue": 25764000.0,
        "Total Revenue": 854000.0,
        "Operating Revenue": 854000.0
    },
    "2024-12-31": {
        "Tax Effect Of Unusual Items": -52601220.0,
        "Tax Rate For Calcs": 0.21,
        "Normalized EBITDA": -8832000.0,
        "Total Unusual Items": -250482000.0,
        "Total Unusual Items Excluding Goodwill": -250482000.0,
        "Net Income From Continuing Operation Net Minority Interest": -268124000.0,
        "Reconciled Depreciation": 2899000.0,
        "Reconciled Cost Of Revenue": 30753000.0,
        "EBITDA": -259314000.0,
        "EBIT": -262213000.0,
        "Net Interest Income": -5248000.0,
        "Interest Expense": 5907000.0,
        "Interest Income": NaN,
        "Normalized Income": -70243220.0,
        "Net Income From Continuing And Discontinued Operation": -268124000.0,
        "Total Expenses": 53349000.0,
        "Total Operating Income As Reported": -51701000.0,
        "Diluted Average Shares": NaN,
        "Basic Average Shares": NaN,
        "Diluted EPS": NaN,
        "Basic EPS": NaN,
        "Diluted NI Availto Com Stockholders": -481516000.0,
        "Average Dilution Earnings": NaN,
        "Net Income Common Stockholders": -481516000.0,
        "Otherunder Preferred Stock Dividend": NaN,
        "Preferred Stock Dividends": 213392000.0,
        "Net Income": -268124000.0,
        "Net Income Including Noncontrolling Interests": -268124000.0,
        "Net Income Continuous Operations": -268124000.0,
        "Tax Provision": 4000.0,
        "Pretax Income": -268120000.0,
        "Other Income Expense": -216776000.0,
        "Other Non Operating Income Expenses": 33706000.0,
        "Special Income Charges": -5605000.0,
        "Other Special Charges": 0.0,
        "Impairment Of Capital Assets": 5605000.0,
        "Gain On Sale Of Security": -244877000.0,
        "Net Non Operating Interest Income Expense": -5248000.0,
        "Total Other Finance Cost": NaN,
        "Interest Expense Non Operating": 5907000.0,
        "Interest Income Non Operating": NaN,
        "Operating Income": -46096000.0,
        "Operating Expense": 22596000.0,
        "Research And Development": 5880000.0,
        "Selling General And Administration": 16716000.0,
        "Gross Profit": -23500000.0,
        "Cost Of Revenue": 30753000.0,
        "Total Revenue": 7253000.0,
        "Operating Revenue": 7253000.0
    },
    "2025-03-31": {
        "Tax Effect Of Unusual Items": 26401.822865,
        "Tax Rate For Calcs": 0.00033,
        "Normalized EBITDA": -55811000.0,
        "Total Unusual Items": 79950000.0,
        "Total Unusual Items Excluding Goodwill": 79950000.0,
        "Net Income From Continuing Operation Net Minority Interest": 15136000.0,
        "Reconciled Depreciation": 3053000.0,
        "Reconciled Cost Of Revenue": 34996000.0,
        "EBITDA": 24139000.0,
        "EBIT": 21086000.0,
        "Net Interest Income": -5945000.0,
        "Interest Expense": 5945000.0,
        "Interest Income": NaN,
        "Normalized Income": -64787598.177135,
        "Net Income From Continuing And Discontinued Operation": 15136000.0,
        "Total Expenses": 62828000.0,
        "Total Operating Income As Reported": -52932000.0,
        "Diluted Average Shares": 436368282.0,
        "Basic Average Shares": 225474247.0,
        "Diluted EPS": -0.2,
        "Basic EPS": 0.42,
        "Diluted NI Availto Com Stockholders": 15136000.0,
        "Average Dilution Earnings": NaN,
        "Net Income Common Stockholders": 15136000.0,
        "Otherunder Preferred Stock Dividend": NaN,
        "Preferred Stock Dividends": NaN,
        "Net Income": 15136000.0,
        "Net Income Including Noncontrolling Interests": 15136000.0,
        "Net Income Continuous Operations": 15136000.0,
        "Tax Provision": 5000.0,
        "Pretax Income": 15141000.0,
        "Other Income Expense": 73457000.0,
        "Other Non Operating Income Expenses": -6493000.0,
        "Special Income Charges": -561000.0,
        "Other Special Charges": NaN,
        "Impairment Of Capital Assets": 561000.0,
        "Gain On Sale Of Security": 80511000.0,
        "Net Non Operating Interest Income Expense": -5945000.0,
        "Total Other Finance Cost": NaN,
        "Interest Expense Non Operating": 5945000.0,
        "Interest Income Non Operating": NaN,
        "Operating Income": -52371000.0,
        "Operating Expense": 27832000.0,
        "Research And Development": 6837000.0,
        "Selling General And Administration": 20995000.0,
        "Gross Profit": -24539000.0,
        "Cost Of Revenue": 34996000.0,
        "Total Revenue": 10457000.0,
        "Operating Revenue": 10457000.0
    },
    "2025-06-30": {
        "Tax Effect Of Unusual Items": -38568390.0,
        "Tax Rate For Calcs": 0.21,
        "Normalized EBITDA": -31066000.0,
        "Total Unusual Items": -183659000.0,
        "Total Unusual Items Excluding Goodwill": -183659000.0,
        "Net Income From Continuing Operation Net Minority Interest": -222937000.0,
        "Reconciled Depreciation": 3367000.0,
        "Reconciled Cost Of Revenue": 46189000.0,
        "EBITDA": -214725000.0,
        "EBIT": -218092000.0,
        "Net Interest Income": -6639000.0,
        "Interest Expense": 4839000.0,
        "Interest Income": NaN,
        "Normalized Income": -77846390.0,
        "Net Income From Continuing And Discontinued Operation": -222937000.0,
        "Total Expenses": 78878000.0,
        "Total Operating Income As Reported": -63847000.0,
        "Diluted Average Shares": 237741328.0,
        "Basic Average Shares": 237741328.0,
        "Diluted EPS": -1.05,
        "Basic EPS": -1.05,
        "Diluted NI Availto Com Stockholders": -248778000.0,
        "Average Dilution Earnings": NaN,
        "Net Income Common Stockholders": -248778000.0,
        "Otherunder Preferred Stock Dividend": 25841000.0,
        "Preferred Stock Dividends": NaN,
        "Net Income": -222937000.0,
        "Net Income Including Noncontrolling Interests": -222937000.0,
        "Net Income Continuous Operations": -222937000.0,
        "Tax Provision": 6000.0,
        "Pretax Income": -222931000.0,
        "Other Income Expense": -152650000.0,
        "Other Non Operating Income Expenses": 31009000.0,
        "Special Income Charges": -49268000.0,
        "Other Special Charges": 49063000.0,
        "Impairment Of Capital Assets": 205000.0,
        "Gain On Sale Of Security": -134391000.0,
        "Net Non Operating Interest Income Expense": -6639000.0,
        "Total Other Finance Cost": 1800000.0,
        "Interest Expense Non Operating": 4839000.0,
        "Interest Income Non Operating": NaN,
        "Operating Income": -63642000.0,
        "Operating Expense": 32689000.0,
        "Research And Development": 7201000.0,
        "Selling General And Administration": 25488000.0,
        "Gross Profit": -30953000.0,
        "Cost Of Revenue": 46189000.0,
        "Total Revenue": 15236000.0,
        "Operating Revenue": 15236000.0
    },
    "2025-09-30": {
        "Tax Effect Of Unusual Items": -120296400.0,
        "Tax Rate For Calcs": 0.21,
        "Normalized EBITDA": -59626000.0,
        "Total Unusual Items": -572840000.0,
        "Total Unusual Items Excluding Goodwill": -572840000.0,
        "Net Income From Continuing Operation Net Minority Interest": -641393000.0,
        "Reconciled Depreciation": 3830000.0,
        "Reconciled Cost Of Revenue": 64437000.0,
        "EBITDA": -632466000.0,
        "EBIT": -636296000.0,
        "Net Interest Income": -4006000.0,
        "Interest Expense": 5093000.0,
        "Interest Income": 848000.0,
        "Normalized Income": -188849400.0,
        "Net Income From Continuing And Discontinued Operation": -641393000.0,
        "Total Expenses": 91148000.0,
        "Total Operating Income As Reported": -61221000.0,
        "Diluted Average Shares": 271618045.0,
        "Basic Average Shares": 271618045.0,
        "Diluted EPS": -4.91,
        "Basic EPS": -4.91,
        "Diluted NI Availto Com Stockholders": -1332487000.0,
        "Average Dilution Earnings": NaN,
        "Net Income Common Stockholders": -1332487000.0,
        "Otherunder Preferred Stock Dividend": 691094000.0,
        "Preferred Stock Dividends": NaN,
        "Net Income": -641393000.0,
        "Net Income Including Noncontrolling Interests": -641393000.0,
        "Net Income Continuous Operations": -641393000.0,
        "Tax Provision": 4000.0,
        "Pretax Income": -641389000.0,
        "Other Income Expense": -576747000.0,
        "Other Non Operating Income Expenses": -3907000.0,
        "Special Income Charges": -4174000.0,
        "Other Special Charges": 3589000.0,
        "Impairment Of Capital Assets": 585000.0,
        "Gain On Sale Of Security": -568666000.0,
        "Net Non Operating Interest Income Expense": -4006000.0,
        "Total Other Finance Cost": -239000.0,
        "Interest Expense Non Operating": 5093000.0,
        "Interest Income Non Operating": 848000.0,
        "Operating Income": -60636000.0,
        "Operating Expense": 26711000.0,
        "Research And Development": 6925000.0,
        "Selling General And Administration": 19786000.0,
        "Gross Profit": -33925000.0,
        "Cost Of Revenue": 64437000.0,
        "Total Revenue": 30512000.0,
        "Operating Revenue": 30512000.0
    }
}