{
    "2023-12-31": {
        "Tax Effect Of Unusual Items": NaN,
        "Tax Rate For Calcs": NaN,
        "Normalized EBITDA": NaN,
        "Total Unusual Items": 1253708.0,
        "Total Unusual Items Excluding Goodwill": 1253708.0,
        "Net Income From Continuing Operation Net Minority Interest": NaN,
        "Reconciled Depreciation": NaN,
        "Reconciled Cost Of Revenue": NaN,
        "EBITDA": NaN,
        "EBIT": NaN,
        "Net Interest Income": NaN,
        "Interest Expense": NaN,
        "Normalized Income": NaN,
        "Net Income From Continuing And Discontinued Operation": NaN,
        "Total Expenses": NaN,
        "Total Operating Income As Reported": NaN,
        "Diluted Average Shares": NaN,
        "Basic Average Shares": NaN,
        "Diluted EPS": NaN,
        "Basic EPS": NaN,
        "Diluted NI Availto Com Stockholders": NaN,
        "Net Income Common Stockholders": NaN,
        "Net Income": NaN,
        "Net Income Including Noncontrolling Interests": NaN,
        "Net Income Continuous Operations": NaN,
        "Tax Provision": NaN,
        "Pretax Income": NaN,
        "Other Income Expense": NaN,
        "Other Non Operating Income Expenses": NaN,
        "Gain On Sale Of Security": 1253708.0,
        "Net Non Operating Interest Income Expense": NaN,
        "Interest Expense Non Operating": NaN,
        "Operating Income": NaN,
        "Operating Expense": NaN,
        "Other Operating Expenses": NaN,
        "Selling General And Administration": NaN,
        "General And Administrative Expense": NaN,
        "Other Gand A": NaN,
        "Salaries And Wages": NaN,
        "Gross Profit": NaN,
        "Cost Of Revenue": NaN,
        "Total Revenue": NaN,
        "Operating Revenue": NaN
    },
    "2023-09-30": {
        "Tax Effect Of Unusual Items": NaN,
        "Tax Rate For Calcs": NaN,
        "Normalized EBITDA": NaN,
        "Total Unusual Items": NaN,
        "Total Unusual Items Excluding Goodwill": NaN,
        "Net Income From Continuing Operation Net Minority Interest": NaN,
        "Reconciled Depreciation": NaN,
        "Reconciled Cost Of Revenue": NaN,
        "EBITDA": NaN,
        "EBIT": NaN,
        "Net Interest Income": NaN,
        "Interest Expense": NaN,
        "Normalized Income": NaN,
        "Net Income From Continuing And Discontinued Operation": NaN,
        "Total Expenses": NaN,
        "Total Operating Income As Reported": NaN,
        "Diluted Average Shares": 22727639.0,
        "Basic Average Shares": 22727639.0,
        "Diluted EPS": -0.12,
        "Basic EPS": -0.12,
        "Diluted NI Availto Com Stockholders": NaN,
        "Net Income Common Stockholders": NaN,
        "Net Income": NaN,
        "Net Income Including Noncontrolling Interests": NaN,
        "Net Income Continuous Operations": NaN,
        "Tax Provision": NaN,
        "Pretax Income": NaN,
        "Other Income Expense": NaN,
        "Other Non Operating Income Expenses": NaN,
        "Gain On Sale Of Security": NaN,
        "Net Non Operating Interest Income Expense": NaN,
        "Interest Expense Non Operating": NaN,
        "Operating Income": NaN,
        "Operating Expense": NaN,
        "Other Operating Expenses": NaN,
        "Selling General And Administration": NaN,
        "General And Administrative Expense": NaN,
        "Other Gand A": NaN,
        "Salaries And Wages": 158792.0,
        "Gross Profit": NaN,
        "Cost Of Revenue": NaN,
        "Total Revenue": NaN,
        "Operating Revenue": NaN
    },
    "2023-06-30": {
        "Tax Effect Of Unusual Items": NaN,
        "Tax Rate For Calcs": NaN,
        "Normalized EBITDA": NaN,
        "Total Unusual Items": NaN,
        "Total Unusual Items Excluding Goodwill": NaN,
        "Net Income From Continuing Operation Net Minority Interest": NaN,
        "Reconciled Depreciation": NaN,
        "Reconciled Cost Of Revenue": NaN,
        "EBITDA": NaN,
        "EBIT": NaN,
        "Net Interest Income": NaN,
        "Interest Expense": NaN,
        "Normalized Income": NaN,
        "Net Income From Continuing And Discontinued Operation": NaN,
        "Total Expenses": NaN,
        "Total Operating Income As Reported": NaN,
        "Diluted Average Shares": 22118555.0,
        "Basic Average Shares": 22118555.0,
        "Diluted EPS": -0.109936,
        "Basic EPS": -0.109936,
        "Diluted NI Availto Com Stockholders": NaN,
        "Net Income Common Stockholders": NaN,
        "Net Income": NaN,
        "Net Income Including Noncontrolling Interests": NaN,
        "Net Income Continuous Operations": NaN,
        "Tax Provision": NaN,
        "Pretax Income": NaN,
        "Other Income Expense": NaN,
        "Other Non Operating Income Expenses": NaN,
        "Gain On Sale Of Security": NaN,
        "Net Non Operating Interest Income Expense": NaN,
        "Interest Expense Non Operating": NaN,
        "Operating Income": NaN,
        "Operating Expense": NaN,
        "Other Operating Expenses": NaN,
        "Selling General And Administration": NaN,
        "General And Administrative Expense": NaN,
        "Other Gand A": NaN,
        "Salaries And Wages": 1180806.0,
        "Gross Profit": NaN,
        "Cost Of Revenue": NaN,
        "Total Revenue": NaN,
        "Operating Revenue": NaN
    },
    "2023-03-31": {
        "Tax Effect Of Unusual Items": NaN,
        "Tax Rate For Calcs": NaN,
        "Normalized EBITDA": NaN,
        "Total Unusual Items": NaN,
        "Total Unusual Items Excluding Goodwill": NaN,
        "Net Income From Continuing Operation Net Minority Interest": NaN,
        "Reconciled Depreciation": NaN,
        "Reconciled Cost Of Revenue": NaN,
        "EBITDA": NaN,
        "EBIT": NaN,
        "Net Interest Income": NaN,
        "Interest Expense": NaN,
        "Normalized Income": NaN,
        "Net Income From Continuing And Discontinued Operation": NaN,
        "Total Expenses": NaN,
        "Total Operating Income As Reported": NaN,
        "Diluted Average Shares": 22096796.0,
        "Basic Average Shares": 22096796.0,
        "Diluted EPS": -0.11,
        "Basic EPS": -0.11,
        "Diluted NI Availto Com Stockholders": NaN,
        "Net Income Common Stockholders": NaN,
        "Net Income": NaN,
        "Net Income Including Noncontrolling Interests": NaN,
        "Net Income Continuous Operations": NaN,
        "Tax Provision": NaN,
        "Pretax Income": NaN,
        "Other Income Expense": NaN,
        "Other Non Operating Income Expenses": NaN,
        "Gain On Sale Of Security": NaN,
        "Net Non Operating Interest Income Expense": NaN,
        "Interest Expense Non Operating": NaN,
        "Operating Income": NaN,
        "Operating Expense": NaN,
        "Other Operating Expenses": NaN,
        "Selling General And Administration": NaN,
        "General And Administrative Expense": NaN,
        "Other Gand A": NaN,
        "Salaries And Wages": 949639.0,
        "Gross Profit": NaN,
        "Cost Of Revenue": NaN,
        "Total Revenue": NaN,
        "Operating Revenue": NaN
    },
    "2024-03-31": {
        "Tax Effect Of Unusual Items": 0.0,
        "Tax Rate For Calcs": 0.0,
        "Normalized EBITDA": -1175000.0,
        "Total Unusual Items": -858000.0,
        "Total Unusual Items Excluding Goodwill": -858000.0,
        "Net Income From Continuing Operation Net Minority Interest": -3974000.0,
        "Reconciled Depreciation": 1626000.0,
        "Reconciled Cost Of Revenue": 9710000.0,
        "EBITDA": -2033000.0,
        "EBIT": -3659000.0,
        "Net Interest Income": -315000.0,
        "Interest Expense": 315000.0,
        "Normalized Income": -3116000.0,
        "Net Income From Continuing And Discontinued Operation": -3974000.0,
        "Total Expenses": 13784000.0,
        "Total Operating Income As Reported": -4397000.0,
        "Diluted Average Shares": 25688427.0,
        "Basic Average Shares": 25688427.0,
        "Diluted EPS": -0.15,
        "Basic EPS": -0.15,
        "Diluted NI Availto Com Stockholders": -3974000.0,
        "Net Income Common Stockholders": -3974000.0,
        "Net Income": -3974000.0,
        "Net Income Including Noncontrolling Interests": -3974000.0,
        "Net Income Continuous Operations": -3974000.0,
        "Tax Provision": 0.0,
        "Pretax Income": -3974000.0,
        "Other Income Expense": -120000.0,
        "Other Non Operating Income Expenses": 738000.0,
        "Gain On Sale Of Security": -858000.0,
        "Net Non Operating Interest Income Expense": -315000.0,
        "Interest Expense Non Operating": 315000.0,
        "Operating Income": -3539000.0,
        "Operating Expense": 4074000.0,
        "Other Operating Expenses": 485000.0,
        "Selling General And Administration": 3589000.0,
        "General And Administrative Expense": 3589000.0,
        "Other Gand A": 2879000.0,
        "Salaries And Wages": 710000.0,
        "Gross Profit": 535000.0,
        "Cost Of Revenue": 9710000.0,
        "Total Revenue": 10245000.0,
        "Operating Revenue": 10235000.0
    },
    "2022-12-31": {
        "Tax Effect Of Unusual Items": NaN,
        "Tax Rate For Calcs": NaN,
        "Normalized EBITDA": NaN,
        "Total Unusual Items": NaN,
        "Total Unusual Items Excluding Goodwill": NaN,
        "Net Income From Continuing Operation Net Minority Interest": NaN,
        "Reconciled Depreciation": NaN,
        "Reconciled Cost Of Revenue": NaN,
        "EBITDA": NaN,
        "EBIT": NaN,
        "Net Interest Income": NaN,
        "Interest Expense": NaN,
        "Normalized Income": NaN,
        "Net Income From Continuing And Discontinued Operation": NaN,
        "Total Expenses": NaN,
        "Total Operating Income As Reported": NaN,
        "Diluted Average Shares": NaN,
        "Basic Average Shares": NaN,
        "Diluted EPS": NaN,
        "Basic EPS": NaN,
        "Diluted NI Availto Com Stockholders": NaN,
        "Net Income Common Stockholders": NaN,
        "Net Income": NaN,
        "Net Income Including Noncontrolling Interests": NaN,
        "Net Income Continuous Operations": NaN,
        "Tax Provision": NaN,
        "Pretax Income": NaN,
        "Other Income Expense": NaN,
        "Other Non Operating Income Expenses": NaN,
        "Special Income Charges": -936620.0,
        "Gain On Sale Of Security": NaN,
        "Net Non Operating Interest Income Expense": NaN,
        "Interest Expense Non Operating": NaN,
        "Operating Income": NaN,
        "Operating Expense": NaN,
        "Other Operating Expenses": NaN,
        "Selling General And Administration": NaN,
        "General And Administrative Expense": NaN,
        "Other Gand A": NaN,
        "Salaries And Wages": NaN,
        "Gross Profit": NaN,
        "Cost Of Revenue": NaN,
        "Total Revenue": NaN,
        "Operating Revenue": NaN
    },
    "2022-09-30": {
        "Tax Effect Of Unusual Items": NaN,
        "Tax Rate For Calcs": NaN,
        "Normalized EBITDA": NaN,
        "Total Unusual Items": NaN,
        "Total Unusual Items Excluding Goodwill": NaN,
        "Net Income From Continuing Operation Net Minority Interest": NaN,
        "Reconciled Depreciation": NaN,
        "Reconciled Cost Of Revenue": NaN,
        "EBITDA": NaN,
        "EBIT": NaN,
        "Net Interest Income": NaN,
        "Interest Expense": NaN,
        "Normalized Income": NaN,
        "Net Income From Continuing And Discontinued Operation": NaN,
        "Total Expenses": NaN,
        "Total Operating Income As Reported": NaN,
        "Diluted Average Shares": NaN,
        "Basic Average Shares": NaN,
        "Diluted EPS": NaN,
        "Basic EPS": NaN,
        "Diluted NI Availto Com Stockholders": NaN,
        "Net Income Common Stockholders": NaN,
        "Net Income": NaN,
        "Net Income Including Noncontrolling Interests": NaN,
        "Net Income Continuous Operations": NaN,
        "Tax Provision": NaN,
        "Pretax Income": NaN,
        "Other Income Expense": NaN,
        "Other Non Operating Income Expenses": NaN,
        "Special Income Charges": 0.0,
        "Gain On Sale Of Security": NaN,
        "Net Non Operating Interest Income Expense": NaN,
        "Interest Expense Non Operating": NaN,
        "Operating Income": NaN,
        "Operating Expense": NaN,
        "Other Operating Expenses": NaN,
        "Selling General And Administration": NaN,
        "General And Administrative Expense": NaN,
        "Other Gand A": NaN,
        "Salaries And Wages": 809641.0,
        "Gross Profit": NaN,
        "Cost Of Revenue": NaN,
        "Total Revenue": NaN,
        "Operating Revenue": NaN
    },
    "2024-06-30": {
        "Tax Effect Of Unusual Items": NaN,
        "Tax Rate For Calcs": NaN,
        "Normalized EBITDA": NaN,
        "Total Unusual Items": -1000.0,
        "Total Unusual Items Excluding Goodwill": -1000.0,
        "Net Income From Continuing Operation Net Minority Interest": NaN,
        "Reconciled Depreciation": NaN,
        "Reconciled Cost Of Revenue": NaN,
        "EBITDA": NaN,
        "EBIT": NaN,
        "Net Interest Income": NaN,
        "Interest Expense": NaN,
        "Normalized Income": NaN,
        "Net Income From Continuing And Discontinued Operation": NaN,
        "Total Expenses": NaN,
        "Total Operating Income As Reported": NaN,
        "Diluted Average Shares": NaN,
        "Basic Average Shares": NaN,
        "Diluted EPS": NaN,
        "Basic EPS": NaN,
        "Diluted NI Availto Com Stockholders": NaN,
        "Net Income Common Stockholders": NaN,
        "Net Income": NaN,
        "Net Income Including Noncontrolling Interests": NaN,
        "Net Income Continuous Operations": NaN,
        "Tax Provision": NaN,
        "Pretax Income": NaN,
        "Other Income Expense": NaN,
        "Other Non Operating Income Expenses": NaN,
        "Gain On Sale Of Security": -1000.0,
        "Net Non Operating Interest Income Expense": NaN,
        "Interest Expense Non Operating": NaN,
        "Operating Income": NaN,
        "Operating Expense": NaN,
        "Other Operating Expenses": NaN,
        "Selling General And Administration": NaN,
        "General And Administrative Expense": NaN,
        "Other Gand A": NaN,
        "Salaries And Wages": NaN,
        "Gross Profit": NaN,
        "Cost Of Revenue": NaN,
        "Total Revenue": NaN,
        "Operating Revenue": NaN
    },
    "2024-09-30": {
        "Tax Effect Of Unusual Items": 0.0,
        "Tax Rate For Calcs": 0.0,
        "Normalized EBITDA": -1183000.0,
        "Total Unusual Items": 470000.0,
        "Total Unusual Items Excluding Goodwill": 470000.0,
        "Net Income From Continuing Operation Net Minority Interest": -3641000.0,
        "Reconciled Depreciation": 2732000.0,
        "Reconciled Cost Of Revenue": 10314000.0,
        "EBITDA": -713000.0,
        "EBIT": -3445000.0,
        "Net Interest Income": -196000.0,
        "Interest Expense": 196000.0,
        "Normalized Income": -4111000.0,
        "Net Income From Continuing And Discontinued Operation": -3641000.0,
        "Total Expenses": 14795000.0,
        "Total Operating Income As Reported": -3418000.0,
        "Diluted Average Shares": 31695114.0,
        "Basic Average Shares": 31695114.0,
        "Diluted EPS": -0.119713,
        "Basic EPS": -0.119713,
        "Diluted NI Availto Com Stockholders": -3641000.0,
        "Net Income Common Stockholders": -3641000.0,
        "Net Income": -3641000.0,
        "Net Income Including Noncontrolling Interests": -3641000.0,
        "Net Income Continuous Operations": -3641000.0,
        "Tax Provision": 0.0,
        "Pretax Income": -3641000.0,
        "Other Income Expense": 443000.0,
        "Other Non Operating Income Expenses": -27000.0,
        "Gain On Sale Of Security": 470000.0,
        "Net Non Operating Interest Income Expense": -196000.0,
        "Interest Expense Non Operating": 196000.0,
        "Operating Income": -3888000.0,
        "Operating Expense": 4481000.0,
        "Other Operating Expenses": 510000.0,
        "Selling General And Administration": 3971000.0,
        "General And Administrative Expense": 3971000.0,
        "Other Gand A": 3636000.0,
        "Salaries And Wages": 335000.0,
        "Gross Profit": 593000.0,
        "Cost Of Revenue": 10314000.0,
        "Total Revenue": 10907000.0,
        "Operating Revenue": 10892000.0
    },
    "2024-12-31": {
        "Tax Effect Of Unusual Items": 0.0,
        "Tax Rate For Calcs": 0.0,
        "Normalized EBITDA": -1298732.0,
        "Total Unusual Items": 0.0,
        "Total Unusual Items Excluding Goodwill": 0.0,
        "Net Income From Continuing Operation Net Minority Interest": -4193408.0,
        "Reconciled Depreciation": 2625982.0,
        "Reconciled Cost Of Revenue": 9260930.0,
        "EBITDA": -1298732.0,
        "EBIT": -3924714.0,
        "Net Interest Income": -268694.0,
        "Interest Expense": 268694.0,
        "Normalized Income": -4193408.0,
        "Net Income From Continuing And Discontinued Operation": -4193408.0,
        "Total Expenses": 14012642.0,
        "Total Operating Income As Reported": -3925401.0,
        "Diluted Average Shares": 33113505.0,
        "Basic Average Shares": 33113505.0,
        "Diluted EPS": -0.129689,
        "Basic EPS": -0.129689,
        "Diluted NI Availto Com Stockholders": -4193408.0,
        "Net Income Common Stockholders": -4193408.0,
        "Net Income": -4193408.0,
        "Net Income Including Noncontrolling Interests": -4193408.0,
        "Net Income Continuous Operations": -4193408.0,
        "Tax Provision": 0.0,
        "Pretax Income": -4193408.0,
        "Other Income Expense": 687.0,
        "Other Non Operating Income Expenses": 687.0,
        "Gain On Sale Of Security": 0.0,
        "Net Non Operating Interest Income Expense": -268694.0,
        "Interest Expense Non Operating": 268694.0,
        "Operating Income": -3925401.0,
        "Operating Expense": 4751712.0,
        "Other Operating Expenses": 519827.0,
        "Selling General And Administration": 4231885.0,
        "General And Administrative Expense": 4231885.0,
        "Other Gand A": 3712825.0,
        "Salaries And Wages": 519060.0,
        "Gross Profit": 826311.0,
        "Cost Of Revenue": 9260930.0,
        "Total Revenue": 10087241.0,
        "Operating Revenue": 10076475.0
    },
    "2025-03-31": {
        "Tax Effect Of Unusual Items": 0.0,
        "Tax Rate For Calcs": 0.0,
        "Normalized EBITDA": -1578000.0,
        "Total Unusual Items": NaN,
        "Total Unusual Items Excluding Goodwill": NaN,
        "Net Income From Continuing Operation Net Minority Interest": -4221000.0,
        "Reconciled Depreciation": 2347000.0,
        "Reconciled Cost Of Revenue": 8704000.0,
        "EBITDA": -1578000.0,
        "EBIT": -3925000.0,
        "Net Interest Income": -296000.0,
        "Interest Expense": 296000.0,
        "Normalized Income": -4221000.0,
        "Net Income From Continuing And Discontinued Operation": -4221000.0,
        "Total Expenses": 12958000.0,
        "Total Operating Income As Reported": -3956000.0,
        "Diluted Average Shares": 33902261.0,
        "Basic Average Shares": 33902261.0,
        "Diluted EPS": -0.119713,
        "Basic EPS": -0.119713,
        "Diluted NI Availto Com Stockholders": -4221000.0,
        "Net Income Common Stockholders": -4221000.0,
        "Net Income": -4221000.0,
        "Net Income Including Noncontrolling Interests": -4221000.0,
        "Net Income Continuous Operations": -4221000.0,
        "Tax Provision": 0.0,
        "Pretax Income": -4221000.0,
        "Other Income Expense": 31000.0,
        "Other Non Operating Income Expenses": 31000.0,
        "Gain On Sale Of Security": NaN,
        "Net Non Operating Interest Income Expense": -296000.0,
        "Interest Expense Non Operating": 296000.0,
        "Operating Income": -3956000.0,
        "Operating Expense": 4254000.0,
        "Other Operating Expenses": 526000.0,
        "Selling General And Administration": 3728000.0,
        "General And Administrative Expense": 3728000.0,
        "Other Gand A": 3197000.0,
        "Salaries And Wages": 531000.0,
        "Gross Profit": 298000.0,
        "Cost Of Revenue": 8704000.0,
        "Total Revenue": 9002000.0,
        "Operating Revenue": 8992000.0
    },
    "2025-09-30": {
        "Tax Effect Of Unusual Items": 0.0,
        "Tax Rate For Calcs": 0.0,
        "Normalized EBITDA": -545000.0,
        "Total Unusual Items": NaN,
        "Total Unusual Items Excluding Goodwill": NaN,
        "Net Income From Continuing Operation Net Minority Interest": -3844000.0,
        "Reconciled Depreciation": 2911000.0,
        "Reconciled Cost Of Revenue": 9284000.0,
        "EBITDA": -545000.0,
        "EBIT": -3456000.0,
        "Net Interest Income": -388000.0,
        "Interest Expense": 388000.0,
        "Normalized Income": -3844000.0,
        "Net Income From Continuing And Discontinued Operation": -3844000.0,
        "Total Expenses": 12937000.0,
        "Total Operating Income As Reported": -3549000.0,
        "Diluted Average Shares": 34061419.0,
        "Basic Average Shares": 34061419.0,
        "Diluted EPS": -0.109941,
        "Basic EPS": -0.109941,
        "Diluted NI Availto Com Stockholders": -3844000.0,
        "Net Income Common Stockholders": -3844000.0,
        "Net Income": -3844000.0,
        "Net Income Including Noncontrolling Interests": -3844000.0,
        "Net Income Continuous Operations": -3844000.0,
        "Tax Provision": 0.0,
        "Pretax Income": -3844000.0,
        "Other Income Expense": 93000.0,
        "Other Non Operating Income Expenses": 93000.0,
        "Gain On Sale Of Security": NaN,
        "Net Non Operating Interest Income Expense": -388000.0,
        "Interest Expense Non Operating": 388000.0,
        "Operating Income": -3549000.0,
        "Operating Expense": 3653000.0,
        "Other Operating Expenses": 534000.0,
        "Selling General And Administration": 3119000.0,
        "General And Administrative Expense": 3119000.0,
        "Other Gand A": 2881000.0,
        "Salaries And Wages": 238000.0,
        "Gross Profit": 104000.0,
        "Cost Of Revenue": 9284000.0,
        "Total Revenue": 9388000.0,
        "Operating Revenue": 9374000.0
    },
    "2025-06-30": {
        "Tax Effect Of Unusual Items": 0.0,
        "Tax Rate For Calcs": 0.0,
        "Normalized EBITDA": -2026000.0,
        "Total Unusual Items": NaN,
        "Total Unusual Items Excluding Goodwill": NaN,
        "Net Income From Continuing Operation Net Minority Interest": -5056000.0,
        "Reconciled Depreciation": 2696000.0,
        "Reconciled Cost Of Revenue": 9731000.0,
        "EBITDA": -2026000.0,
        "EBIT": -4722000.0,
        "Net Interest Income": -334000.0,
        "Interest Expense": 334000.0,
        "Normalized Income": -5056000.0,
        "Net Income From Continuing And Discontinued Operation": -5056000.0,
        "Total Expenses": 13657000.0,
        "Total Operating Income As Reported": -4903000.0,
        "Diluted Average Shares": 33934445.0,
        "Basic Average Shares": 33934445.0,
        "Diluted EPS": -0.149641,
        "Basic EPS": -0.149641,
        "Diluted NI Availto Com Stockholders": -5056000.0,
        "Net Income Common Stockholders": -5056000.0,
        "Net Income": -5056000.0,
        "Net Income Including Noncontrolling Interests": -5056000.0,
        "Net Income Continuous Operations": -5056000.0,
        "Tax Provision": 0.0,
        "Pretax Income": -5056000.0,
        "Other Income Expense": 181000.0,
        "Other Non Operating Income Expenses": 181000.0,
        "Gain On Sale Of Security": NaN,
        "Net Non Operating Interest Income Expense": -334000.0,
        "Interest Expense Non Operating": 334000.0,
        "Operating Income": -4903000.0,
        "Operating Expense": 3926000.0,
        "Other Operating Expenses": 534000.0,
        "Selling General And Administration": 3392000.0,
        "General And Administrative Expense": 3392000.0,
        "Other Gand A": 2906000.0,
        "Salaries And Wages": 486000.0,
        "Gross Profit": -977000.0,
        "Cost Of Revenue": 9731000.0,
        "Total Revenue": 8754000.0,
        "Operating Revenue": 8747000.0
    }
}