{
    "2023-12-31": {
        "Tax Effect Of Unusual Items": 0.0,
        "Tax Rate For Calcs": 0.338631,
        "Normalized EBITDA": 6268000.0,
        "Total Unusual Items": NaN,
        "Total Unusual Items Excluding Goodwill": NaN,
        "Net Income From Continuing Operation Net Minority Interest": 1082000.0,
        "Reconciled Depreciation": 4598000.0,
        "Reconciled Cost Of Revenue": 16956000.0,
        "EBITDA": 6268000.0,
        "EBIT": 1670000.0,
        "Net Interest Income": 70000.0,
        "Interest Expense": 34000.0,
        "Interest Income": 104000.0,
        "Normalized Income": 1082000.0,
        "Net Income From Continuing And Discontinued Operation": 1082000.0,
        "Total Expenses": 19458000.0,
        "Total Operating Income As Reported": 1566000.0,
        "Diluted Average Shares": 32900000.0,
        "Basic Average Shares": 32693000.0,
        "Diluted EPS": 0.03,
        "Basic EPS": 0.03,
        "Diluted NI Availto Com Stockholders": 1082000.0,
        "Net Income Common Stockholders": 1082000.0,
        "Net Income": 1082000.0,
        "Net Income Including Noncontrolling Interests": 1082000.0,
        "Net Income Continuous Operations": 1082000.0,
        "Tax Provision": 554000.0,
        "Pretax Income": 1636000.0,
        "Other Income Expense": NaN,
        "Gain On Sale Of Security": NaN,
        "Net Non Operating Interest Income Expense": 70000.0,
        "Interest Expense Non Operating": 34000.0,
        "Interest Income Non Operating": 104000.0,
        "Operating Income": 1566000.0,
        "Operating Expense": 2502000.0,
        "Selling General And Administration": 2502000.0,
        "General And Administrative Expense": 2502000.0,
        "Other Gand A": 2502000.0,
        "Gross Profit": 4068000.0,
        "Cost Of Revenue": 16956000.0,
        "Total Revenue": 21024000.0,
        "Operating Revenue": 21024000.0
    },
    "2023-09-30": {
        "Tax Effect Of Unusual Items": NaN,
        "Tax Rate For Calcs": NaN,
        "Normalized EBITDA": NaN,
        "Total Unusual Items": NaN,
        "Total Unusual Items Excluding Goodwill": NaN,
        "Net Income From Continuing Operation Net Minority Interest": NaN,
        "Reconciled Depreciation": NaN,
        "Reconciled Cost Of Revenue": NaN,
        "EBITDA": NaN,
        "EBIT": NaN,
        "Net Interest Income": NaN,
        "Interest Expense": NaN,
        "Interest Income": NaN,
        "Normalized Income": NaN,
        "Net Income From Continuing And Discontinued Operation": NaN,
        "Total Expenses": NaN,
        "Total Operating Income As Reported": NaN,
        "Diluted Average Shares": 32984000.0,
        "Basic Average Shares": 32663000.0,
        "Diluted EPS": 0.04,
        "Basic EPS": 0.04,
        "Diluted NI Availto Com Stockholders": NaN,
        "Net Income Common Stockholders": NaN,
        "Net Income": NaN,
        "Net Income Including Noncontrolling Interests": NaN,
        "Net Income Continuous Operations": NaN,
        "Tax Provision": NaN,
        "Pretax Income": NaN,
        "Other Income Expense": NaN,
        "Gain On Sale Of Security": NaN,
        "Net Non Operating Interest Income Expense": NaN,
        "Interest Expense Non Operating": NaN,
        "Interest Income Non Operating": NaN,
        "Operating Income": NaN,
        "Operating Expense": NaN,
        "Selling General And Administration": NaN,
        "General And Administrative Expense": NaN,
        "Other Gand A": NaN,
        "Gross Profit": NaN,
        "Cost Of Revenue": NaN,
        "Total Revenue": NaN,
        "Operating Revenue": NaN
    },
    "2023-06-30": {
        "Tax Effect Of Unusual Items": NaN,
        "Tax Rate For Calcs": NaN,
        "Normalized EBITDA": NaN,
        "Total Unusual Items": 0.0,
        "Total Unusual Items Excluding Goodwill": 0.0,
        "Net Income From Continuing Operation Net Minority Interest": NaN,
        "Reconciled Depreciation": NaN,
        "Reconciled Cost Of Revenue": NaN,
        "EBITDA": NaN,
        "EBIT": NaN,
        "Net Interest Income": NaN,
        "Interest Expense": NaN,
        "Interest Income": NaN,
        "Normalized Income": NaN,
        "Net Income From Continuing And Discontinued Operation": NaN,
        "Total Expenses": NaN,
        "Total Operating Income As Reported": NaN,
        "Diluted Average Shares": NaN,
        "Basic Average Shares": NaN,
        "Diluted EPS": NaN,
        "Basic EPS": NaN,
        "Diluted NI Availto Com Stockholders": NaN,
        "Net Income Common Stockholders": NaN,
        "Net Income": NaN,
        "Net Income Including Noncontrolling Interests": NaN,
        "Net Income Continuous Operations": NaN,
        "Tax Provision": NaN,
        "Pretax Income": NaN,
        "Other Income Expense": 0.0,
        "Gain On Sale Of Security": 0.0,
        "Net Non Operating Interest Income Expense": NaN,
        "Interest Expense Non Operating": NaN,
        "Interest Income Non Operating": NaN,
        "Operating Income": NaN,
        "Operating Expense": NaN,
        "Selling General And Administration": NaN,
        "General And Administrative Expense": NaN,
        "Other Gand A": NaN,
        "Gross Profit": NaN,
        "Cost Of Revenue": NaN,
        "Total Revenue": NaN,
        "Operating Revenue": NaN
    },
    "2023-03-31": {
        "Tax Effect Of Unusual Items": NaN,
        "Tax Rate For Calcs": NaN,
        "Normalized EBITDA": NaN,
        "Total Unusual Items": 270000.0,
        "Total Unusual Items Excluding Goodwill": 270000.0,
        "Net Income From Continuing Operation Net Minority Interest": NaN,
        "Reconciled Depreciation": NaN,
        "Reconciled Cost Of Revenue": NaN,
        "EBITDA": NaN,
        "EBIT": NaN,
        "Net Interest Income": NaN,
        "Interest Expense": NaN,
        "Interest Income": NaN,
        "Normalized Income": NaN,
        "Net Income From Continuing And Discontinued Operation": NaN,
        "Total Expenses": NaN,
        "Total Operating Income As Reported": NaN,
        "Diluted Average Shares": NaN,
        "Basic Average Shares": NaN,
        "Diluted EPS": NaN,
        "Basic EPS": NaN,
        "Diluted NI Availto Com Stockholders": NaN,
        "Net Income Common Stockholders": NaN,
        "Net Income": NaN,
        "Net Income Including Noncontrolling Interests": NaN,
        "Net Income Continuous Operations": NaN,
        "Tax Provision": NaN,
        "Pretax Income": NaN,
        "Other Income Expense": 270000.0,
        "Gain On Sale Of Security": 270000.0,
        "Net Non Operating Interest Income Expense": NaN,
        "Interest Expense Non Operating": NaN,
        "Interest Income Non Operating": NaN,
        "Operating Income": NaN,
        "Operating Expense": NaN,
        "Selling General And Administration": NaN,
        "General And Administrative Expense": NaN,
        "Other Gand A": NaN,
        "Gross Profit": NaN,
        "Cost Of Revenue": NaN,
        "Total Revenue": NaN,
        "Operating Revenue": NaN
    },
    "2024-03-31": {
        "Tax Effect Of Unusual Items": NaN,
        "Tax Rate For Calcs": NaN,
        "Normalized EBITDA": NaN,
        "Total Unusual Items": NaN,
        "Total Unusual Items Excluding Goodwill": NaN,
        "Net Income From Continuing Operation Net Minority Interest": NaN,
        "Reconciled Depreciation": NaN,
        "Reconciled Cost Of Revenue": NaN,
        "EBITDA": NaN,
        "EBIT": NaN,
        "Net Interest Income": NaN,
        "Interest Expense": NaN,
        "Interest Income": NaN,
        "Normalized Income": NaN,
        "Net Income From Continuing And Discontinued Operation": NaN,
        "Total Expenses": NaN,
        "Total Operating Income As Reported": NaN,
        "Diluted Average Shares": 32854000.0,
        "Basic Average Shares": 32702000.0,
        "Diluted EPS": 0.01,
        "Basic EPS": 0.01,
        "Diluted NI Availto Com Stockholders": NaN,
        "Net Income Common Stockholders": NaN,
        "Net Income": NaN,
        "Net Income Including Noncontrolling Interests": NaN,
        "Net Income Continuous Operations": NaN,
        "Tax Provision": NaN,
        "Pretax Income": NaN,
        "Other Income Expense": NaN,
        "Gain On Sale Of Security": NaN,
        "Net Non Operating Interest Income Expense": NaN,
        "Interest Expense Non Operating": NaN,
        "Interest Income Non Operating": NaN,
        "Operating Income": NaN,
        "Operating Expense": NaN,
        "Selling General And Administration": NaN,
        "General And Administrative Expense": NaN,
        "Other Gand A": NaN,
        "Gross Profit": NaN,
        "Cost Of Revenue": NaN,
        "Total Revenue": NaN,
        "Operating Revenue": NaN
    },
    "2022-12-31": {
        "Tax Effect Of Unusual Items": NaN,
        "Tax Rate For Calcs": NaN,
        "Normalized EBITDA": NaN,
        "Total Unusual Items": 846000.0,
        "Total Unusual Items Excluding Goodwill": 846000.0,
        "Net Income From Continuing Operation Net Minority Interest": NaN,
        "Reconciled Depreciation": NaN,
        "Reconciled Cost Of Revenue": NaN,
        "EBITDA": NaN,
        "EBIT": NaN,
        "Net Interest Income": NaN,
        "Interest Expense": NaN,
        "Interest Income": NaN,
        "Normalized Income": NaN,
        "Net Income From Continuing And Discontinued Operation": NaN,
        "Total Expenses": NaN,
        "Total Operating Income As Reported": NaN,
        "Diluted Average Shares": NaN,
        "Basic Average Shares": NaN,
        "Diluted EPS": NaN,
        "Basic EPS": NaN,
        "Diluted NI Availto Com Stockholders": NaN,
        "Net Income Common Stockholders": NaN,
        "Net Income": NaN,
        "Net Income Including Noncontrolling Interests": NaN,
        "Net Income Continuous Operations": NaN,
        "Tax Provision": NaN,
        "Pretax Income": NaN,
        "Other Income Expense": 846000.0,
        "Gain On Sale Of Security": 846000.0,
        "Net Non Operating Interest Income Expense": NaN,
        "Interest Expense Non Operating": NaN,
        "Interest Income Non Operating": NaN,
        "Operating Income": NaN,
        "Operating Expense": NaN,
        "Selling General And Administration": NaN,
        "General And Administrative Expense": NaN,
        "Other Gand A": NaN,
        "Gross Profit": NaN,
        "Cost Of Revenue": NaN,
        "Total Revenue": NaN,
        "Operating Revenue": NaN
    },
    "2022-09-30": {
        "Tax Effect Of Unusual Items": NaN,
        "Tax Rate For Calcs": NaN,
        "Normalized EBITDA": NaN,
        "Total Unusual Items": -603000.0,
        "Total Unusual Items Excluding Goodwill": -603000.0,
        "Net Income From Continuing Operation Net Minority Interest": NaN,
        "Reconciled Depreciation": NaN,
        "Reconciled Cost Of Revenue": NaN,
        "EBITDA": NaN,
        "EBIT": NaN,
        "Net Interest Income": NaN,
        "Interest Expense": NaN,
        "Interest Income": NaN,
        "Normalized Income": NaN,
        "Net Income From Continuing And Discontinued Operation": NaN,
        "Total Expenses": NaN,
        "Total Operating Income As Reported": NaN,
        "Diluted Average Shares": NaN,
        "Basic Average Shares": NaN,
        "Diluted EPS": NaN,
        "Basic EPS": NaN,
        "Diluted NI Availto Com Stockholders": NaN,
        "Net Income Common Stockholders": NaN,
        "Net Income": NaN,
        "Net Income Including Noncontrolling Interests": NaN,
        "Net Income Continuous Operations": NaN,
        "Tax Provision": NaN,
        "Pretax Income": NaN,
        "Other Income Expense": -603000.0,
        "Gain On Sale Of Security": -603000.0,
        "Net Non Operating Interest Income Expense": NaN,
        "Interest Expense Non Operating": NaN,
        "Interest Income Non Operating": NaN,
        "Operating Income": NaN,
        "Operating Expense": NaN,
        "Other Operating Expenses": 276000.0,
        "Selling General And Administration": NaN,
        "General And Administrative Expense": NaN,
        "Other Gand A": NaN,
        "Salaries And Wages": 208000.0,
        "Gross Profit": NaN,
        "Cost Of Revenue": NaN,
        "Total Revenue": NaN,
        "Operating Revenue": NaN
    },
    "2024-06-30": {
        "Tax Effect Of Unusual Items": -17920.838972,
        "Tax Rate For Calcs": 0.164411,
        "Normalized EBITDA": 7764000.0,
        "Total Unusual Items": -109000.0,
        "Total Unusual Items Excluding Goodwill": -109000.0,
        "Net Income From Continuing Operation Net Minority Interest": 1235000.0,
        "Reconciled Depreciation": 5302000.0,
        "Reconciled Cost Of Revenue": 15253000.0,
        "EBITDA": 7655000.0,
        "EBIT": 2353000.0,
        "Net Interest Income": -816000.0,
        "Interest Expense": 875000.0,
        "Interest Income": 59000.0,
        "Normalized Income": 1326079.161028,
        "Net Income From Continuing And Discontinued Operation": 1235000.0,
        "Total Expenses": 18824000.0,
        "Total Operating Income As Reported": 2403000.0,
        "Diluted Average Shares": 32835000.0,
        "Basic Average Shares": 32679000.0,
        "Diluted EPS": 0.04,
        "Basic EPS": 0.04,
        "Diluted NI Availto Com Stockholders": 1152000.0,
        "Net Income Common Stockholders": 1152000.0,
        "Net Income": 1235000.0,
        "Net Income Including Noncontrolling Interests": 1235000.0,
        "Net Income Continuous Operations": 1235000.0,
        "Tax Provision": 243000.0,
        "Pretax Income": 1478000.0,
        "Other Income Expense": -109000.0,
        "Gain On Sale Of Security": -109000.0,
        "Net Non Operating Interest Income Expense": -816000.0,
        "Interest Expense Non Operating": 875000.0,
        "Interest Income Non Operating": 59000.0,
        "Operating Income": 2403000.0,
        "Operating Expense": 3571000.0,
        "Selling General And Administration": 2114000.0,
        "General And Administrative Expense": 2114000.0,
        "Other Gand A": -23000.0,
        "Gross Profit": 5974000.0,
        "Cost Of Revenue": 15253000.0,
        "Total Revenue": 21227000.0,
        "Operating Revenue": 21227000.0
    },
    "2024-09-30": {
        "Tax Effect Of Unusual Items": 511489.258489,
        "Tax Rate For Calcs": 0.284477,
        "Normalized EBITDA": 7636000.0,
        "Total Unusual Items": 1798000.0,
        "Total Unusual Items Excluding Goodwill": 1798000.0,
        "Net Income From Continuing Operation Net Minority Interest": 2065000.0,
        "Reconciled Depreciation": 5725000.0,
        "Reconciled Cost Of Revenue": 17515000.0,
        "EBITDA": 9434000.0,
        "EBIT": 3709000.0,
        "Net Interest Income": -766000.0,
        "Interest Expense": 823000.0,
        "Interest Income": 57000.0,
        "Normalized Income": 778489.258489,
        "Net Income From Continuing And Discontinued Operation": 2065000.0,
        "Total Expenses": 20042000.0,
        "Total Operating Income As Reported": 1854000.0,
        "Diluted Average Shares": 32868000.0,
        "Basic Average Shares": 32722000.0,
        "Diluted EPS": 0.06,
        "Basic EPS": 0.06,
        "Diluted NI Availto Com Stockholders": 2065000.0,
        "Net Income Common Stockholders": 2065000.0,
        "Net Income": 2065000.0,
        "Net Income Including Noncontrolling Interests": 2065000.0,
        "Net Income Continuous Operations": 2065000.0,
        "Tax Provision": 821000.0,
        "Pretax Income": 2886000.0,
        "Other Income Expense": 1798000.0,
        "Gain On Sale Of Security": 1798000.0,
        "Net Non Operating Interest Income Expense": -766000.0,
        "Interest Expense Non Operating": 823000.0,
        "Interest Income Non Operating": 57000.0,
        "Operating Income": 1854000.0,
        "Operating Expense": 2527000.0,
        "Selling General And Administration": 2527000.0,
        "General And Administrative Expense": 2527000.0,
        "Other Gand A": 2527000.0,
        "Gross Profit": 4381000.0,
        "Cost Of Revenue": 17515000.0,
        "Total Revenue": 21896000.0,
        "Operating Revenue": 21896000.0
    },
    "2024-12-31": {
        "Tax Effect Of Unusual Items": -341320.0,
        "Tax Rate For Calcs": 0.28,
        "Normalized EBITDA": 4880000.0,
        "Total Unusual Items": -1219000.0,
        "Total Unusual Items Excluding Goodwill": -1219000.0,
        "Net Income From Continuing Operation Net Minority Interest": -1825000.0,
        "Reconciled Depreciation": 5433000.0,
        "Reconciled Cost Of Revenue": 18226000.0,
        "EBITDA": 3661000.0,
        "EBIT": -1772000.0,
        "Net Interest Income": -712000.0,
        "Interest Expense": 764000.0,
        "Interest Income": 52000.0,
        "Normalized Income": -947320.0,
        "Net Income From Continuing And Discontinued Operation": -1825000.0,
        "Total Expenses": 20880000.0,
        "Total Operating Income As Reported": -605000.0,
        "Diluted Average Shares": 32934000.0,
        "Basic Average Shares": 32934000.0,
        "Diluted EPS": -0.06,
        "Basic EPS": -0.06,
        "Diluted NI Availto Com Stockholders": -1825000.0,
        "Net Income Common Stockholders": -1825000.0,
        "Net Income": -1825000.0,
        "Net Income Including Noncontrolling Interests": -1825000.0,
        "Net Income Continuous Operations": -1825000.0,
        "Tax Provision": -711000.0,
        "Pretax Income": -2536000.0,
        "Other Income Expense": -1219000.0,
        "Gain On Sale Of Security": -1219000.0,
        "Net Non Operating Interest Income Expense": -712000.0,
        "Interest Expense Non Operating": 764000.0,
        "Interest Income Non Operating": 52000.0,
        "Operating Income": -605000.0,
        "Operating Expense": 2654000.0,
        "Selling General And Administration": 2654000.0,
        "General And Administrative Expense": 2654000.0,
        "Other Gand A": 2654000.0,
        "Gross Profit": 2049000.0,
        "Cost Of Revenue": 18226000.0,
        "Total Revenue": 20275000.0,
        "Operating Revenue": 20275000.0
    },
    "2025-03-31": {
        "Tax Effect Of Unusual Items": -912480.0,
        "Tax Rate For Calcs": 0.24,
        "Normalized EBITDA": 6655000.0,
        "Total Unusual Items": -3802000.0,
        "Total Unusual Items Excluding Goodwill": -3802000.0,
        "Net Income From Continuing Operation Net Minority Interest": -2179000.0,
        "Reconciled Depreciation": 5014000.0,
        "Reconciled Cost Of Revenue": 18402000.0,
        "EBITDA": 2853000.0,
        "EBIT": -2161000.0,
        "Net Interest Income": -650000.0,
        "Interest Expense": 705000.0,
        "Interest Income": 55000.0,
        "Normalized Income": 710520.0,
        "Net Income From Continuing And Discontinued Operation": -2179000.0,
        "Total Expenses": 20975000.0,
        "Total Operating Income As Reported": 1586000.0,
        "Diluted Average Shares": 33433000.0,
        "Basic Average Shares": 33433000.0,
        "Diluted EPS": -0.07,
        "Basic EPS": -0.07,
        "Diluted NI Availto Com Stockholders": -2179000.0,
        "Net Income Common Stockholders": -2179000.0,
        "Net Income": -2179000.0,
        "Net Income Including Noncontrolling Interests": -2179000.0,
        "Net Income Continuous Operations": -2179000.0,
        "Tax Provision": -687000.0,
        "Pretax Income": -2866000.0,
        "Other Income Expense": -3802000.0,
        "Gain On Sale Of Security": -3802000.0,
        "Net Non Operating Interest Income Expense": -650000.0,
        "Interest Expense Non Operating": 705000.0,
        "Interest Income Non Operating": 55000.0,
        "Operating Income": 1586000.0,
        "Operating Expense": 2573000.0,
        "Selling General And Administration": 2573000.0,
        "General And Administrative Expense": 2573000.0,
        "Other Gand A": 2573000.0,
        "Gross Profit": 4159000.0,
        "Cost Of Revenue": 18402000.0,
        "Total Revenue": 22561000.0,
        "Operating Revenue": 22561000.0
    },
    "2025-06-30": {
        "Tax Effect Of Unusual Items": 820115.849487,
        "Tax Rate For Calcs": 0.221893,
        "Normalized EBITDA": 7188000.0,
        "Total Unusual Items": 3696000.0,
        "Total Unusual Items Excluding Goodwill": 3696000.0,
        "Net Income From Continuing Operation Net Minority Interest": 3412000.0,
        "Reconciled Depreciation": 5821000.0,
        "Reconciled Cost Of Revenue": 15569000.0,
        "EBITDA": 10884000.0,
        "EBIT": 5063000.0,
        "Net Interest Income": -651000.0,
        "Interest Expense": 678000.0,
        "Interest Income": 27000.0,
        "Normalized Income": 536115.849487,
        "Net Income From Continuing And Discontinued Operation": 3412000.0,
        "Total Expenses": 19768000.0,
        "Total Operating Income As Reported": 1340000.0,
        "Diluted Average Shares": 33723000.0,
        "Basic Average Shares": 33553000.0,
        "Diluted EPS": 0.1,
        "Basic EPS": 0.1,
        "Diluted NI Availto Com Stockholders": 3045000.0,
        "Net Income Common Stockholders": 3045000.0,
        "Net Income": 3412000.0,
        "Net Income Including Noncontrolling Interests": 3412000.0,
        "Net Income Continuous Operations": 3412000.0,
        "Tax Provision": 973000.0,
        "Pretax Income": 4385000.0,
        "Other Income Expense": 3696000.0,
        "Gain On Sale Of Security": 3696000.0,
        "Net Non Operating Interest Income Expense": -651000.0,
        "Interest Expense Non Operating": 678000.0,
        "Interest Income Non Operating": 27000.0,
        "Operating Income": 1340000.0,
        "Operating Expense": 4199000.0,
        "Selling General And Administration": 2580000.0,
        "General And Administrative Expense": 2580000.0,
        "Other Gand A": 98000.0,
        "Gross Profit": 5539000.0,
        "Cost Of Revenue": 15569000.0,
        "Total Revenue": 21108000.0,
        "Operating Revenue": 21108000.0
    },
    "2025-09-30": {
        "Tax Effect Of Unusual Items": 669524.810765,
        "Tax Rate For Calcs": 0.306981,
        "Normalized EBITDA": 5886000.0,
        "Total Unusual Items": 2181000.0,
        "Total Unusual Items Excluding Goodwill": 2181000.0,
        "Net Income From Continuing Operation Net Minority Interest": 824000.0,
        "Reconciled Depreciation": 5961000.0,
        "Reconciled Cost Of Revenue": 19048000.0,
        "EBITDA": 8067000.0,
        "EBIT": 2106000.0,
        "Net Interest Income": -907000.0,
        "Interest Expense": 917000.0,
        "Interest Income": 10000.0,
        "Normalized Income": -687475.189235,
        "Net Income From Continuing And Discontinued Operation": 824000.0,
        "Total Expenses": 21373000.0,
        "Total Operating Income As Reported": -85000.0,
        "Diluted Average Shares": 33977000.0,
        "Basic Average Shares": 33725000.0,
        "Diluted EPS": 0.02,
        "Basic EPS": 0.02,
        "Diluted NI Availto Com Stockholders": 824000.0,
        "Net Income Common Stockholders": 824000.0,
        "Net Income": 824000.0,
        "Net Income Including Noncontrolling Interests": 824000.0,
        "Net Income Continuous Operations": 824000.0,
        "Tax Provision": 365000.0,
        "Pretax Income": 1189000.0,
        "Other Income Expense": 2181000.0,
        "Gain On Sale Of Security": 2181000.0,
        "Net Non Operating Interest Income Expense": -907000.0,
        "Interest Expense Non Operating": 917000.0,
        "Interest Income Non Operating": 10000.0,
        "Operating Income": -85000.0,
        "Operating Expense": 2325000.0,
        "Selling General And Administration": 2325000.0,
        "General And Administrative Expense": 2325000.0,
        "Other Gand A": 2325000.0,
        "Gross Profit": 2240000.0,
        "Cost Of Revenue": 19048000.0,
        "Total Revenue": 21288000.0,
        "Operating Revenue": 21288000.0
    }
}