{
    "2023-03-31": {
        "Tax Effect Of Unusual Items": NaN,
        "Tax Rate For Calcs": NaN,
        "Normalized EBITDA": NaN,
        "Total Unusual Items": NaN,
        "Total Unusual Items Excluding Goodwill": NaN,
        "Net Income From Continuing Operation Net Minority Interest": NaN,
        "Reconciled Depreciation": NaN,
        "Reconciled Cost Of Revenue": NaN,
        "EBITDA": NaN,
        "EBIT": NaN,
        "Net Interest Income": NaN,
        "Interest Expense": NaN,
        "Interest Income": NaN,
        "Normalized Income": NaN,
        "Net Income From Continuing And Discontinued Operation": NaN,
        "Total Expenses": NaN,
        "Total Operating Income As Reported": NaN,
        "Diluted Average Shares": 23027684.0,
        "Basic Average Shares": 22990893.0,
        "Diluted EPS": 0.15,
        "Basic EPS": 0.15,
        "Diluted NI Availto Com Stockholders": NaN,
        "Net Income Common Stockholders": NaN,
        "Net Income": NaN,
        "Net Income Including Noncontrolling Interests": NaN,
        "Net Income Continuous Operations": NaN,
        "Tax Provision": NaN,
        "Pretax Income": NaN,
        "Other Income Expense": NaN,
        "Other Non Operating Income Expenses": NaN,
        "Special Income Charges": NaN,
        "Gain On Sale Of Ppe": NaN,
        "Gain On Sale Of Security": NaN,
        "Net Non Operating Interest Income Expense": NaN,
        "Interest Expense Non Operating": NaN,
        "Interest Income Non Operating": NaN,
        "Operating Income": NaN,
        "Operating Expense": NaN,
        "Selling General And Administration": NaN,
        "General And Administrative Expense": NaN,
        "Other Gand A": NaN,
        "Salaries And Wages": NaN,
        "Gross Profit": NaN,
        "Cost Of Revenue": NaN,
        "Total Revenue": NaN,
        "Operating Revenue": NaN
    },
    "2022-12-31": {
        "Tax Effect Of Unusual Items": NaN,
        "Tax Rate For Calcs": NaN,
        "Normalized EBITDA": NaN,
        "Total Unusual Items": NaN,
        "Total Unusual Items Excluding Goodwill": NaN,
        "Net Income From Continuing Operation Net Minority Interest": NaN,
        "Reconciled Depreciation": NaN,
        "Reconciled Cost Of Revenue": NaN,
        "EBITDA": NaN,
        "EBIT": NaN,
        "Net Interest Income": NaN,
        "Interest Expense": NaN,
        "Interest Income": NaN,
        "Normalized Income": NaN,
        "Net Income From Continuing And Discontinued Operation": NaN,
        "Total Expenses": NaN,
        "Total Operating Income As Reported": NaN,
        "Diluted Average Shares": NaN,
        "Basic Average Shares": NaN,
        "Diluted EPS": NaN,
        "Basic EPS": NaN,
        "Diluted NI Availto Com Stockholders": NaN,
        "Net Income Common Stockholders": NaN,
        "Net Income": NaN,
        "Net Income Including Noncontrolling Interests": NaN,
        "Net Income Continuous Operations": NaN,
        "Tax Provision": NaN,
        "Pretax Income": NaN,
        "Other Income Expense": NaN,
        "Other Non Operating Income Expenses": NaN,
        "Special Income Charges": 0.0,
        "Gain On Sale Of Ppe": 0.0,
        "Gain On Sale Of Security": NaN,
        "Net Non Operating Interest Income Expense": NaN,
        "Interest Expense Non Operating": NaN,
        "Interest Income Non Operating": NaN,
        "Operating Income": NaN,
        "Operating Expense": NaN,
        "Other Operating Expenses": 2386.0,
        "Selling General And Administration": NaN,
        "General And Administrative Expense": NaN,
        "Other Gand A": NaN,
        "Salaries And Wages": NaN,
        "Gross Profit": NaN,
        "Cost Of Revenue": NaN,
        "Total Revenue": NaN,
        "Operating Revenue": NaN
    },
    "2022-09-30": {
        "Tax Effect Of Unusual Items": NaN,
        "Tax Rate For Calcs": NaN,
        "Normalized EBITDA": NaN,
        "Total Unusual Items": NaN,
        "Total Unusual Items Excluding Goodwill": NaN,
        "Net Income From Continuing Operation Net Minority Interest": NaN,
        "Reconciled Depreciation": NaN,
        "Reconciled Cost Of Revenue": NaN,
        "EBITDA": NaN,
        "EBIT": NaN,
        "Net Interest Income": NaN,
        "Interest Expense": NaN,
        "Interest Income": NaN,
        "Normalized Income": NaN,
        "Net Income From Continuing And Discontinued Operation": NaN,
        "Total Expenses": NaN,
        "Total Operating Income As Reported": NaN,
        "Diluted Average Shares": 23169658.0,
        "Basic Average Shares": 23011729.0,
        "Diluted EPS": 0.41,
        "Basic EPS": 0.42,
        "Diluted NI Availto Com Stockholders": NaN,
        "Net Income Common Stockholders": NaN,
        "Net Income": NaN,
        "Net Income Including Noncontrolling Interests": NaN,
        "Net Income Continuous Operations": NaN,
        "Tax Provision": NaN,
        "Pretax Income": NaN,
        "Other Income Expense": NaN,
        "Other Non Operating Income Expenses": NaN,
        "Special Income Charges": 0.0,
        "Gain On Sale Of Ppe": 0.0,
        "Gain On Sale Of Security": NaN,
        "Net Non Operating Interest Income Expense": NaN,
        "Interest Expense Non Operating": NaN,
        "Interest Income Non Operating": NaN,
        "Operating Income": NaN,
        "Operating Expense": NaN,
        "Other Operating Expenses": 2387.0,
        "Selling General And Administration": NaN,
        "General And Administrative Expense": NaN,
        "Other Gand A": NaN,
        "Salaries And Wages": NaN,
        "Gross Profit": NaN,
        "Cost Of Revenue": NaN,
        "Total Revenue": NaN,
        "Operating Revenue": NaN
    },
    "2022-06-30": {
        "Tax Effect Of Unusual Items": 274889.62201,
        "Tax Rate For Calcs": 0.275265,
        "Normalized EBITDA": 15408412.0,
        "Total Unusual Items": 998636.0,
        "Total Unusual Items Excluding Goodwill": 998636.0,
        "Net Income From Continuing Operation Net Minority Interest": 10582988.0,
        "Reconciled Depreciation": 1803739.0,
        "Reconciled Cost Of Revenue": 4596984.0,
        "EBITDA": 16407048.0,
        "EBIT": 14603309.0,
        "Net Interest Income": 21200.0,
        "Interest Expense": 745.0,
        "Interest Income": 21945.0,
        "Normalized Income": 9859241.62201,
        "Net Income From Continuing And Discontinued Operation": 10582988.0,
        "Total Expenses": 6258563.0,
        "Total Operating Income As Reported": 13866083.0,
        "Diluted Average Shares": 23822123.0,
        "Basic Average Shares": 23576746.0,
        "Diluted EPS": 0.44,
        "Basic EPS": 0.45,
        "Diluted NI Availto Com Stockholders": 10582988.0,
        "Net Income Common Stockholders": 10582988.0,
        "Net Income": 10582988.0,
        "Net Income Including Noncontrolling Interests": 10582988.0,
        "Net Income Continuous Operations": 10582988.0,
        "Tax Provision": 4019576.0,
        "Pretax Income": 14602564.0,
        "Other Income Expense": 936923.0,
        "Other Non Operating Income Expenses": -61713.0,
        "Special Income Charges": 221642.0,
        "Gain On Sale Of Ppe": 221642.0,
        "Gain On Sale Of Security": 776994.0,
        "Net Non Operating Interest Income Expense": 21200.0,
        "Interest Expense Non Operating": 745.0,
        "Interest Income Non Operating": 21945.0,
        "Operating Income": 13644441.0,
        "Operating Expense": 1661579.0,
        "Other Operating Expenses": 2386.0,
        "Selling General And Administration": 1659193.0,
        "General And Administrative Expense": 1659193.0,
        "Other Gand A": 1465143.0,
        "Salaries And Wages": 194050.0,
        "Gross Profit": 15306020.0,
        "Cost Of Revenue": 4596984.0,
        "Total Revenue": 19903004.0,
        "Operating Revenue": 19903004.0
    },
    "2022-03-31": {
        "Diluted EPS": 0.24,
        "Total Revenue": 14,
        "Gross Profit": 13,
        "Operating Income": 9,
        "EBIT": 10,
        "Net Income": 6
    },
    "2021-12-31": {
        "Diluted EPS": 0.34,
        "Total Revenue": 14,
        "Gross Profit": 12,
        "Operating Income": 9,
        "EBIT": 10,
        "Net Income": 8
    },
    "2021-09-30": {
        "Diluted EPS": 0.06,
        "Total Revenue": 13,
        "Gross Profit": 13,
        "Operating Income": 7,
        "EBIT": 9,
        "Net Income": 1
    },
    "2021-06-30": {
        "Diluted EPS": -0.02,
        "Total Revenue": 7,
        "Gross Profit": 7,
        "Operating Income": 1,
        "EBIT": 3,
        "Net Income": 0
    },
    "2021-03-31": {
        "Diluted EPS": 0.11,
        "Total Revenue": 8,
        "Gross Profit": 8,
        "Operating Income": 3,
        "EBIT": 5,
        "Net Income": 3
    },
    "2020-12-31": {
        "Diluted EPS": 0.05,
        "Total Revenue": 6,
        "Gross Profit": 6,
        "Operating Income": 1,
        "EBIT": 3,
        "Net Income": 1
    },
    "2020-09-30": {
        "Diluted EPS": -0.01,
        "Total Revenue": 6,
        "Gross Profit": 6,
        "Operating Income": -1,
        "EBIT": 2,
        "Net Income": 0
    },
    "2020-06-30": {
        "Diluted EPS": -0.02,
        "Total Revenue": 6,
        "Gross Profit": 6,
        "Operating Income": -1,
        "EBIT": 2,
        "Net Income": -1
    },
    "2020-03-31": {
        "Diluted EPS": 0.01,
        "Total Revenue": 6,
        "Gross Profit": 6,
        "Operating Income": -1,
        "EBIT": 1,
        "Net Income": 0
    },
    "2019-12-31": {
        "Diluted EPS": 0.08,
        "Total Revenue": 7,
        "Gross Profit": 6,
        "Operating Income": 2,
        "EBIT": 4,
        "Net Income": 2
    },
    "2019-09-30": {
        "Diluted EPS": 0.05,
        "Total Revenue": 5,
        "Gross Profit": 5,
        "Operating Income": 1,
        "EBIT": 3,
        "Net Income": 1
    },
    "2019-06-30": {
        "Diluted EPS": 0.14,
        "Total Revenue": 7,
        "Gross Profit": 7,
        "Operating Income": 3,
        "EBIT": 5,
        "Net Income": 4
    },
    "2019-03-31": {
        "Diluted EPS": 0.05,
        "Total Revenue": 8,
        "Gross Profit": 8,
        "Operating Income": 3,
        "EBIT": 4,
        "Net Income": 1
    },
    "2018-12-31": {
        "Diluted EPS": 0.0,
        "Total Revenue": NaN,
        "Gross Profit": NaN,
        "Operating Income": NaN,
        "EBIT": NaN,
        "Net Income": NaN
    },
    "2018-09-30": {
        "Diluted EPS": 0.09,
        "Total Revenue": 7,
        "Gross Profit": 7,
        "Operating Income": 2,
        "EBIT": 4,
        "Net Income": 3
    },
    "2018-06-30": {
        "Diluted EPS": 0.02,
        "Total Revenue": 6,
        "Gross Profit": 6,
        "Operating Income": 2,
        "EBIT": 2,
        "Net Income": 1
    },
    "2017-12-31": {
        "Diluted EPS": 0.0,
        "Total Revenue": NaN,
        "Gross Profit": NaN,
        "Operating Income": NaN,
        "EBIT": NaN,
        "Net Income": NaN
    },
    "2023-06-30": {
        "Tax Effect Of Unusual Items": NaN,
        "Tax Rate For Calcs": NaN,
        "Normalized EBITDA": NaN,
        "Total Unusual Items": NaN,
        "Total Unusual Items Excluding Goodwill": NaN,
        "Net Income From Continuing Operation Net Minority Interest": NaN,
        "Reconciled Depreciation": NaN,
        "Reconciled Cost Of Revenue": NaN,
        "EBITDA": NaN,
        "EBIT": NaN,
        "Net Interest Income": NaN,
        "Interest Expense": NaN,
        "Interest Income": NaN,
        "Normalized Income": NaN,
        "Net Income From Continuing And Discontinued Operation": NaN,
        "Total Expenses": NaN,
        "Total Operating Income As Reported": NaN,
        "Diluted Average Shares": 22783987.0,
        "Basic Average Shares": 22749322.0,
        "Diluted EPS": 0.02,
        "Basic EPS": 0.02,
        "Diluted NI Availto Com Stockholders": NaN,
        "Net Income Common Stockholders": NaN,
        "Net Income": NaN,
        "Net Income Including Noncontrolling Interests": NaN,
        "Net Income Continuous Operations": NaN,
        "Tax Provision": NaN,
        "Pretax Income": NaN,
        "Other Income Expense": NaN,
        "Other Non Operating Income Expenses": NaN,
        "Special Income Charges": NaN,
        "Gain On Sale Of Ppe": NaN,
        "Gain On Sale Of Security": NaN,
        "Net Non Operating Interest Income Expense": NaN,
        "Interest Expense Non Operating": NaN,
        "Interest Income Non Operating": NaN,
        "Operating Income": NaN,
        "Operating Expense": NaN,
        "Selling General And Administration": NaN,
        "General And Administrative Expense": NaN,
        "Other Gand A": NaN,
        "Salaries And Wages": NaN,
        "Gross Profit": NaN,
        "Cost Of Revenue": NaN,
        "Total Revenue": NaN,
        "Operating Revenue": NaN
    },
    "2023-09-30": {
        "Tax Effect Of Unusual Items": NaN,
        "Tax Rate For Calcs": NaN,
        "Normalized EBITDA": NaN,
        "Total Unusual Items": NaN,
        "Total Unusual Items Excluding Goodwill": NaN,
        "Net Income From Continuing Operation Net Minority Interest": NaN,
        "Reconciled Depreciation": NaN,
        "Reconciled Cost Of Revenue": NaN,
        "EBITDA": NaN,
        "EBIT": NaN,
        "Net Interest Income": NaN,
        "Interest Expense": NaN,
        "Interest Income": NaN,
        "Normalized Income": NaN,
        "Net Income From Continuing And Discontinued Operation": NaN,
        "Total Expenses": NaN,
        "Total Operating Income As Reported": NaN,
        "Diluted Average Shares": 22178686.0,
        "Basic Average Shares": 22118984.0,
        "Diluted EPS": 0.02,
        "Basic EPS": 0.02,
        "Diluted NI Availto Com Stockholders": NaN,
        "Net Income Common Stockholders": NaN,
        "Net Income": NaN,
        "Net Income Including Noncontrolling Interests": NaN,
        "Net Income Continuous Operations": NaN,
        "Tax Provision": NaN,
        "Pretax Income": NaN,
        "Other Income Expense": NaN,
        "Other Non Operating Income Expenses": NaN,
        "Special Income Charges": NaN,
        "Gain On Sale Of Ppe": 0.0,
        "Impairment Of Capital Assets": NaN,
        "Gain On Sale Of Security": NaN,
        "Net Non Operating Interest Income Expense": NaN,
        "Interest Expense Non Operating": NaN,
        "Interest Income Non Operating": NaN,
        "Operating Income": NaN,
        "Operating Expense": NaN,
        "Selling General And Administration": NaN,
        "General And Administrative Expense": NaN,
        "Other Gand A": NaN,
        "Salaries And Wages": NaN,
        "Gross Profit": NaN,
        "Cost Of Revenue": NaN,
        "Total Revenue": NaN,
        "Operating Revenue": NaN
    },
    "2023-12-31": {
        "Tax Effect Of Unusual Items": NaN,
        "Tax Rate For Calcs": NaN,
        "Normalized EBITDA": NaN,
        "Total Unusual Items": NaN,
        "Total Unusual Items Excluding Goodwill": NaN,
        "Net Income From Continuing Operation Net Minority Interest": NaN,
        "Reconciled Depreciation": NaN,
        "Reconciled Cost Of Revenue": NaN,
        "EBITDA": NaN,
        "EBIT": NaN,
        "Net Interest Income": NaN,
        "Interest Expense": NaN,
        "Interest Income": NaN,
        "Normalized Income": NaN,
        "Net Income From Continuing And Discontinued Operation": NaN,
        "Total Expenses": NaN,
        "Total Operating Income As Reported": NaN,
        "Diluted Average Shares": NaN,
        "Basic Average Shares": NaN,
        "Diluted EPS": NaN,
        "Basic EPS": NaN,
        "Diluted NI Availto Com Stockholders": NaN,
        "Net Income Common Stockholders": NaN,
        "Net Income": NaN,
        "Net Income Including Noncontrolling Interests": NaN,
        "Net Income Continuous Operations": NaN,
        "Tax Provision": NaN,
        "Pretax Income": NaN,
        "Other Income Expense": NaN,
        "Other Non Operating Income Expenses": NaN,
        "Special Income Charges": NaN,
        "Gain On Sale Of Ppe": 0.0,
        "Impairment Of Capital Assets": NaN,
        "Gain On Sale Of Security": NaN,
        "Net Non Operating Interest Income Expense": NaN,
        "Interest Expense Non Operating": NaN,
        "Interest Income Non Operating": NaN,
        "Operating Income": NaN,
        "Operating Expense": NaN,
        "Selling General And Administration": NaN,
        "General And Administrative Expense": NaN,
        "Other Gand A": NaN,
        "Salaries And Wages": NaN,
        "Gross Profit": NaN,
        "Cost Of Revenue": NaN,
        "Total Revenue": NaN,
        "Operating Revenue": NaN
    },
    "2024-03-31": {
        "Tax Effect Of Unusual Items": NaN,
        "Tax Rate For Calcs": NaN,
        "Normalized EBITDA": NaN,
        "Total Unusual Items": NaN,
        "Total Unusual Items Excluding Goodwill": NaN,
        "Net Income From Continuing Operation Net Minority Interest": NaN,
        "Reconciled Depreciation": NaN,
        "Reconciled Cost Of Revenue": NaN,
        "EBITDA": NaN,
        "EBIT": NaN,
        "Net Interest Income": NaN,
        "Interest Expense": NaN,
        "Interest Income": NaN,
        "Normalized Income": NaN,
        "Net Income From Continuing And Discontinued Operation": NaN,
        "Total Expenses": NaN,
        "Total Operating Income As Reported": NaN,
        "Diluted Average Shares": 21994207.0,
        "Basic Average Shares": 21994207.0,
        "Diluted EPS": 0.07,
        "Basic EPS": 0.07,
        "Diluted NI Availto Com Stockholders": NaN,
        "Net Income Common Stockholders": NaN,
        "Net Income": NaN,
        "Net Income Including Noncontrolling Interests": NaN,
        "Net Income Continuous Operations": NaN,
        "Tax Provision": NaN,
        "Pretax Income": NaN,
        "Other Income Expense": NaN,
        "Other Non Operating Income Expenses": NaN,
        "Special Income Charges": NaN,
        "Gain On Sale Of Ppe": NaN,
        "Impairment Of Capital Assets": 0.0,
        "Gain On Sale Of Security": NaN,
        "Net Non Operating Interest Income Expense": NaN,
        "Interest Expense Non Operating": NaN,
        "Interest Income Non Operating": NaN,
        "Operating Income": NaN,
        "Operating Expense": NaN,
        "Selling General And Administration": NaN,
        "General And Administrative Expense": NaN,
        "Other Gand A": NaN,
        "Salaries And Wages": NaN,
        "Gross Profit": NaN,
        "Cost Of Revenue": NaN,
        "Total Revenue": NaN,
        "Operating Revenue": NaN
    },
    "2024-06-30": {
        "Tax Effect Of Unusual Items": NaN,
        "Tax Rate For Calcs": NaN,
        "Normalized EBITDA": NaN,
        "Total Unusual Items": NaN,
        "Total Unusual Items Excluding Goodwill": NaN,
        "Net Income From Continuing Operation Net Minority Interest": NaN,
        "Reconciled Depreciation": NaN,
        "Reconciled Cost Of Revenue": NaN,
        "EBITDA": NaN,
        "EBIT": NaN,
        "Net Interest Income": NaN,
        "Interest Expense": NaN,
        "Interest Income": NaN,
        "Normalized Income": NaN,
        "Net Income From Continuing And Discontinued Operation": NaN,
        "Total Expenses": NaN,
        "Total Operating Income As Reported": NaN,
        "Diluted Average Shares": 22029475.0,
        "Basic Average Shares": 21921752.0,
        "Diluted EPS": 0.04,
        "Basic EPS": 0.04,
        "Diluted NI Availto Com Stockholders": NaN,
        "Net Income Common Stockholders": NaN,
        "Net Income": NaN,
        "Net Income Including Noncontrolling Interests": NaN,
        "Net Income Continuous Operations": NaN,
        "Tax Provision": NaN,
        "Pretax Income": NaN,
        "Other Income Expense": NaN,
        "Other Non Operating Income Expenses": NaN,
        "Special Income Charges": NaN,
        "Gain On Sale Of Ppe": 0.0,
        "Impairment Of Capital Assets": 0.0,
        "Gain On Sale Of Security": NaN,
        "Net Non Operating Interest Income Expense": NaN,
        "Interest Expense Non Operating": NaN,
        "Interest Income Non Operating": NaN,
        "Operating Income": NaN,
        "Operating Expense": NaN,
        "Selling General And Administration": NaN,
        "General And Administrative Expense": NaN,
        "Other Gand A": NaN,
        "Salaries And Wages": NaN,
        "Gross Profit": NaN,
        "Cost Of Revenue": NaN,
        "Total Revenue": NaN,
        "Operating Revenue": NaN
    },
    "2024-09-30": {
        "Tax Effect Of Unusual Items": 92549.52,
        "Tax Rate For Calcs": 0.21,
        "Normalized EBITDA": 3010117.0,
        "Total Unusual Items": 440712.0,
        "Total Unusual Items Excluding Goodwill": 440712.0,
        "Net Income From Continuing Operation Net Minority Interest": 366021.0,
        "Reconciled Depreciation": 2698812.0,
        "Reconciled Cost Of Revenue": 5288638.0,
        "EBITDA": 3450829.0,
        "EBIT": 752017.0,
        "Net Interest Income": 43095.0,
        "Interest Expense": 17598.0,
        "Interest Income": 60693.0,
        "Normalized Income": 17858.52,
        "Net Income From Continuing And Discontinued Operation": 366021.0,
        "Total Expenses": 7047323.0,
        "Total Operating Income As Reported": 240618.0,
        "Diluted Average Shares": 22155292.0,
        "Basic Average Shares": 21948519.0,
        "Diluted EPS": 0.02,
        "Basic EPS": 0.02,
        "Diluted NI Availto Com Stockholders": 366021.0,
        "Net Income Common Stockholders": 366021.0,
        "Net Income": 366021.0,
        "Net Income Including Noncontrolling Interests": 366021.0,
        "Net Income Continuous Operations": 366021.0,
        "Tax Provision": 368398.0,
        "Pretax Income": 734419.0,
        "Other Income Expense": 450706.0,
        "Other Non Operating Income Expenses": 9994.0,
        "Special Income Charges": 0.0,
        "Gain On Sale Of Ppe": 0.0,
        "Impairment Of Capital Assets": 0.0,
        "Gain On Sale Of Security": 440712.0,
        "Net Non Operating Interest Income Expense": 43095.0,
        "Interest Expense Non Operating": 17598.0,
        "Interest Income Non Operating": 60693.0,
        "Operating Income": 240618.0,
        "Operating Expense": 1758685.0,
        "Selling General And Administration": 1758685.0,
        "General And Administrative Expense": 1758685.0,
        "Other Gand A": 1449576.0,
        "Salaries And Wages": 309109.0,
        "Gross Profit": 1999303.0,
        "Cost Of Revenue": 5288638.0,
        "Total Revenue": 7287941.0,
        "Operating Revenue": 7287941.0
    },
    "2024-12-31": {
        "Tax Effect Of Unusual Items": -438126.78,
        "Tax Rate For Calcs": 0.21,
        "Normalized EBITDA": 5106404.0,
        "Total Unusual Items": -2086318.0,
        "Total Unusual Items Excluding Goodwill": -2086318.0,
        "Net Income From Continuing Operation Net Minority Interest": -760777.0,
        "Reconciled Depreciation": 3057478.0,
        "Reconciled Cost Of Revenue": 5376800.0,
        "EBITDA": 3020086.0,
        "EBIT": -37392.0,
        "Net Interest Income": 46086.0,
        "Interest Expense": -24244.0,
        "Interest Income": 21842.0,
        "Normalized Income": 887414.22,
        "Net Income From Continuing And Discontinued Operation": -760777.0,
        "Total Expenses": 6878849.0,
        "Total Operating Income As Reported": 611348.0,
        "Diluted Average Shares": NaN,
        "Basic Average Shares": NaN,
        "Diluted EPS": NaN,
        "Basic EPS": NaN,
        "Diluted NI Availto Com Stockholders": -760777.0,
        "Net Income Common Stockholders": -760777.0,
        "Net Income": -760777.0,
        "Net Income Including Noncontrolling Interests": -760777.0,
        "Net Income Continuous Operations": -760777.0,
        "Tax Provision": 747629.0,
        "Pretax Income": -13148.0,
        "Other Income Expense": -2120658.0,
        "Other Non Operating Income Expenses": -34340.0,
        "Special Income Charges": -1450076.0,
        "Gain On Sale Of Ppe": 0.0,
        "Impairment Of Capital Assets": NaN,
        "Gain On Sale Of Security": -636242.0,
        "Net Non Operating Interest Income Expense": 46086.0,
        "Interest Expense Non Operating": -24244.0,
        "Interest Income Non Operating": 21842.0,
        "Operating Income": 2061424.0,
        "Operating Expense": 1502049.0,
        "Selling General And Administration": 1502049.0,
        "General And Administrative Expense": 1502049.0,
        "Other Gand A": 1201900.0,
        "Salaries And Wages": 300149.0,
        "Gross Profit": 3563473.0,
        "Cost Of Revenue": 5376800.0,
        "Total Revenue": 8940273.0,
        "Operating Revenue": 8940273.0
    },
    "2025-03-31": {
        "Tax Effect Of Unusual Items": -431436.461001,
        "Tax Rate For Calcs": 0.293726,
        "Normalized EBITDA": 10643135.0,
        "Total Unusual Items": -1468839.0,
        "Total Unusual Items Excluding Goodwill": -1468839.0,
        "Net Income From Continuing Operation Net Minority Interest": 4016034.0,
        "Reconciled Depreciation": 3475857.0,
        "Reconciled Cost Of Revenue": 6784406.0,
        "EBITDA": 9174296.0,
        "EBIT": 5698439.0,
        "Net Interest Income": 3088.0,
        "Interest Expense": 12211.0,
        "Interest Income": 15299.0,
        "Normalized Income": 5053436.538999,
        "Net Income From Continuing And Discontinued Operation": 4016034.0,
        "Total Expenses": 8988662.0,
        "Total Operating Income As Reported": 7167809.0,
        "Diluted Average Shares": 22109819.0,
        "Basic Average Shares": 22008766.0,
        "Diluted EPS": 0.18,
        "Basic EPS": 0.18,
        "Diluted NI Availto Com Stockholders": 4016034.0,
        "Net Income Common Stockholders": 4016034.0,
        "Net Income": 4016034.0,
        "Net Income Including Noncontrolling Interests": 4016034.0,
        "Net Income Continuous Operations": 4016034.0,
        "Tax Provision": 1670194.0,
        "Pretax Income": 5686228.0,
        "Other Income Expense": -1491338.0,
        "Other Non Operating Income Expenses": -22499.0,
        "Special Income Charges": -6669.0,
        "Gain On Sale Of Ppe": NaN,
        "Impairment Of Capital Assets": 6669.0,
        "Gain On Sale Of Security": -1462170.0,
        "Net Non Operating Interest Income Expense": 3088.0,
        "Interest Expense Non Operating": 12211.0,
        "Interest Income Non Operating": 15299.0,
        "Operating Income": 7174478.0,
        "Operating Expense": 2204256.0,
        "Selling General And Administration": 2204256.0,
        "General And Administrative Expense": 2204256.0,
        "Other Gand A": 1818418.0,
        "Salaries And Wages": 385838.0,
        "Gross Profit": 9378734.0,
        "Cost Of Revenue": 6784406.0,
        "Total Revenue": 16163140.0,
        "Operating Revenue": 16163140.0
    },
    "2025-06-30": {
        "Tax Effect Of Unusual Items": -20188.77,
        "Tax Rate For Calcs": 0.21,
        "Normalized EBITDA": 6706845.0,
        "Total Unusual Items": -96137.0,
        "Total Unusual Items Excluding Goodwill": -96137.0,
        "Net Income From Continuing Operation Net Minority Interest": 1551461.0,
        "Reconciled Depreciation": 3201654.0,
        "Reconciled Cost Of Revenue": 6278234.0,
        "EBITDA": 6610708.0,
        "EBIT": 3409054.0,
        "Net Interest Income": -2659.0,
        "Interest Expense": 19906.0,
        "Interest Income": 17247.0,
        "Normalized Income": 1627409.23,
        "Net Income From Continuing And Discontinued Operation": 1551461.0,
        "Total Expenses": 8125950.0,
        "Total Operating Income As Reported": 828783.0,
        "Diluted Average Shares": 22202315.0,
        "Basic Average Shares": 22017310.0,
        "Diluted EPS": 0.07,
        "Basic EPS": 0.07,
        "Diluted NI Availto Com Stockholders": 1551461.0,
        "Net Income Common Stockholders": 1551461.0,
        "Net Income": 1551461.0,
        "Net Income Including Noncontrolling Interests": 1551461.0,
        "Net Income Continuous Operations": 1551461.0,
        "Tax Provision": 1837687.0,
        "Pretax Income": 3389148.0,
        "Other Income Expense": -106976.0,
        "Other Non Operating Income Expenses": -10839.0,
        "Special Income Charges": -2670000.0,
        "Gain On Sale Of Ppe": NaN,
        "Impairment Of Capital Assets": 2670000.0,
        "Gain On Sale Of Security": 2573863.0,
        "Net Non Operating Interest Income Expense": -2659.0,
        "Interest Expense Non Operating": 19906.0,
        "Interest Income Non Operating": 17247.0,
        "Operating Income": 3498783.0,
        "Operating Expense": 1847716.0,
        "Selling General And Administration": 1847716.0,
        "General And Administrative Expense": 1847716.0,
        "Other Gand A": 1461878.0,
        "Salaries And Wages": 385838.0,
        "Gross Profit": 5346499.0,
        "Cost Of Revenue": 6278234.0,
        "Total Revenue": 11624733.0,
        "Operating Revenue": 11624733.0
    },
    "2025-09-30": {
        "Tax Effect Of Unusual Items": 337168.11616,
        "Tax Rate For Calcs": 0.349648,
        "Normalized EBITDA": 3266613.0,
        "Total Unusual Items": 964307.0,
        "Total Unusual Items Excluding Goodwill": 964307.0,
        "Net Income From Continuing Operation Net Minority Interest": 1072295.0,
        "Reconciled Depreciation": 2570462.0,
        "Reconciled Cost Of Revenue": 5531056.0,
        "EBITDA": 4230920.0,
        "EBIT": 1660458.0,
        "Net Interest Income": 73228.0,
        "Interest Expense": 11666.0,
        "Interest Income": 84894.0,
        "Normalized Income": 445156.11616,
        "Net Income From Continuing And Discontinued Operation": 1072295.0,
        "Total Expenses": 8375454.0,
        "Total Operating Income As Reported": 606005.0,
        "Diluted Average Shares": 22159532.0,
        "Basic Average Shares": 22017310.0,
        "Diluted EPS": 0.05,
        "Basic EPS": 0.05,
        "Diluted NI Availto Com Stockholders": 1072295.0,
        "Net Income Common Stockholders": 1072295.0,
        "Net Income": 1072295.0,
        "Net Income Including Noncontrolling Interests": 1072295.0,
        "Net Income Continuous Operations": 1072295.0,
        "Tax Provision": 576497.0,
        "Pretax Income": 1648792.0,
        "Other Income Expense": 969559.0,
        "Other Non Operating Income Expenses": 5252.0,
        "Special Income Charges": 0.0,
        "Gain On Sale Of Ppe": NaN,
        "Impairment Of Capital Assets": 0.0,
        "Gain On Sale Of Security": 964307.0,
        "Net Non Operating Interest Income Expense": 73228.0,
        "Interest Expense Non Operating": 11666.0,
        "Interest Income Non Operating": 84894.0,
        "Operating Income": 606005.0,
        "Operating Expense": 2844398.0,
        "Selling General And Administration": 2844398.0,
        "General And Administrative Expense": 2844398.0,
        "Other Gand A": 2467785.0,
        "Salaries And Wages": 376613.0,
        "Gross Profit": 3450403.0,
        "Cost Of Revenue": 5531056.0,
        "Total Revenue": 8981459.0,
        "Operating Revenue": 8981459.0
    }
}