{
    "2023-03-31": {
        "Tax Effect Of Unusual Items": NaN,
        "Tax Rate For Calcs": NaN,
        "Normalized EBITDA": NaN,
        "Total Unusual Items": 0.0,
        "Total Unusual Items Excluding Goodwill": 0.0,
        "Net Income From Continuing Operation Net Minority Interest": NaN,
        "Reconciled Depreciation": NaN,
        "EBITDA": NaN,
        "EBIT": NaN,
        "Net Interest Income": NaN,
        "Interest Expense": NaN,
        "Interest Income": NaN,
        "Normalized Income": NaN,
        "Net Income From Continuing And Discontinued Operation": NaN,
        "Total Expenses": NaN,
        "Total Operating Income As Reported": NaN,
        "Diluted Average Shares": NaN,
        "Basic Average Shares": NaN,
        "Diluted EPS": NaN,
        "Basic EPS": NaN,
        "Diluted NI Availto Com Stockholders": NaN,
        "Net Income Common Stockholders": NaN,
        "Net Income": NaN,
        "Net Income Including Noncontrolling Interests": NaN,
        "Net Income Continuous Operations": NaN,
        "Tax Provision": NaN,
        "Pretax Income": NaN,
        "Other Income Expense": NaN,
        "Other Non Operating Income Expenses": NaN,
        "Special Income Charges": 0.0,
        "Net Non Operating Interest Income Expense": NaN,
        "Interest Expense Non Operating": NaN,
        "Interest Income Non Operating": NaN,
        "Operating Income": NaN,
        "Operating Expense": NaN,
        "Research And Development": NaN,
        "Selling General And Administration": NaN,
        "General And Administrative Expense": NaN,
        "Other Gand A": NaN,
        "Total Revenue": NaN,
        "Operating Revenue": NaN
    },
    "2022-12-31": {
        "Tax Effect Of Unusual Items": NaN,
        "Tax Rate For Calcs": NaN,
        "Normalized EBITDA": NaN,
        "Total Unusual Items": 0.0,
        "Total Unusual Items Excluding Goodwill": 0.0,
        "Net Income From Continuing Operation Net Minority Interest": NaN,
        "Reconciled Depreciation": NaN,
        "EBITDA": NaN,
        "EBIT": NaN,
        "Net Interest Income": NaN,
        "Interest Expense": NaN,
        "Interest Income": NaN,
        "Normalized Income": NaN,
        "Net Income From Continuing And Discontinued Operation": NaN,
        "Total Expenses": NaN,
        "Total Operating Income As Reported": NaN,
        "Diluted Average Shares": NaN,
        "Basic Average Shares": NaN,
        "Diluted EPS": NaN,
        "Basic EPS": NaN,
        "Diluted NI Availto Com Stockholders": NaN,
        "Net Income Common Stockholders": NaN,
        "Net Income": NaN,
        "Net Income Including Noncontrolling Interests": NaN,
        "Net Income Continuous Operations": NaN,
        "Tax Provision": NaN,
        "Pretax Income": NaN,
        "Other Income Expense": NaN,
        "Other Non Operating Income Expenses": NaN,
        "Special Income Charges": 0.0,
        "Other Special Charges": 0.0,
        "Net Non Operating Interest Income Expense": NaN,
        "Interest Expense Non Operating": NaN,
        "Interest Income Non Operating": NaN,
        "Operating Income": NaN,
        "Operating Expense": NaN,
        "Research And Development": NaN,
        "Selling General And Administration": NaN,
        "General And Administrative Expense": NaN,
        "Other Gand A": NaN,
        "Total Revenue": NaN,
        "Operating Revenue": NaN
    },
    "2022-09-30": {
        "Tax Effect Of Unusual Items": 0.0,
        "Tax Rate For Calcs": 0.0,
        "Normalized EBITDA": -13358000.0,
        "Total Unusual Items": 0.0,
        "Total Unusual Items Excluding Goodwill": 0.0,
        "Net Income From Continuing Operation Net Minority Interest": -13655000.0,
        "Reconciled Depreciation": 30000.0,
        "EBITDA": -13358000.0,
        "EBIT": -13388000.0,
        "Net Interest Income": -137000.0,
        "Interest Expense": 267000.0,
        "Interest Income": 130000.0,
        "Normalized Income": -13655000.0,
        "Net Income From Continuing And Discontinued Operation": -13655000.0,
        "Total Expenses": 13237000.0,
        "Total Operating Income As Reported": -13237000.0,
        "Diluted Average Shares": 34352084.0,
        "Basic Average Shares": 34352084.0,
        "Diluted EPS": -0.4,
        "Basic EPS": -0.4,
        "Diluted NI Availto Com Stockholders": -13655000.0,
        "Net Income Common Stockholders": -13655000.0,
        "Net Income": -13655000.0,
        "Net Income Including Noncontrolling Interests": -13655000.0,
        "Net Income Continuous Operations": -13655000.0,
        "Tax Provision": NaN,
        "Pretax Income": -13655000.0,
        "Other Income Expense": -281000.0,
        "Other Non Operating Income Expenses": -281000.0,
        "Special Income Charges": 0.0,
        "Other Special Charges": NaN,
        "Net Non Operating Interest Income Expense": -137000.0,
        "Interest Expense Non Operating": 267000.0,
        "Interest Income Non Operating": 130000.0,
        "Operating Income": -13237000.0,
        "Operating Expense": 13237000.0,
        "Research And Development": 8771000.0,
        "Selling General And Administration": 4466000.0,
        "General And Administrative Expense": 4466000.0,
        "Other Gand A": 4466000.0,
        "Total Revenue": 0.0,
        "Operating Revenue": 0.0
    },
    "2022-06-30": {
        "Tax Effect Of Unusual Items": 0.0,
        "Tax Rate For Calcs": 0.0,
        "Normalized EBITDA": -13839000.0,
        "Total Unusual Items": 0.0,
        "Total Unusual Items Excluding Goodwill": 0.0,
        "Net Income From Continuing Operation Net Minority Interest": -14129000.0,
        "Reconciled Depreciation": 31000.0,
        "EBITDA": -13839000.0,
        "EBIT": -13870000.0,
        "Net Interest Income": -195000.0,
        "Interest Expense": 259000.0,
        "Interest Income": 64000.0,
        "Normalized Income": -14129000.0,
        "Net Income From Continuing And Discontinued Operation": -14129000.0,
        "Total Expenses": 13552000.0,
        "Total Operating Income As Reported": -13552000.0,
        "Diluted Average Shares": 34292642.0,
        "Basic Average Shares": 34292642.0,
        "Diluted EPS": -0.41,
        "Basic EPS": -0.41,
        "Diluted NI Availto Com Stockholders": -14129000.0,
        "Net Income Common Stockholders": -14129000.0,
        "Net Income": -14129000.0,
        "Net Income Including Noncontrolling Interests": -14129000.0,
        "Net Income Continuous Operations": -14129000.0,
        "Tax Provision": NaN,
        "Pretax Income": -14129000.0,
        "Other Income Expense": -382000.0,
        "Other Non Operating Income Expenses": -382000.0,
        "Special Income Charges": 0.0,
        "Other Special Charges": NaN,
        "Net Non Operating Interest Income Expense": -195000.0,
        "Interest Expense Non Operating": 259000.0,
        "Interest Income Non Operating": 64000.0,
        "Operating Income": -13552000.0,
        "Operating Expense": 13552000.0,
        "Research And Development": 9488000.0,
        "Selling General And Administration": 4064000.0,
        "General And Administrative Expense": 4064000.0,
        "Other Gand A": 4064000.0,
        "Total Revenue": 0.0,
        "Operating Revenue": 0.0
    },
    "2023-06-30": {
        "Tax Effect Of Unusual Items": NaN,
        "Tax Rate For Calcs": NaN,
        "Normalized EBITDA": NaN,
        "Total Unusual Items": 0.0,
        "Total Unusual Items Excluding Goodwill": 0.0,
        "Net Income From Continuing Operation Net Minority Interest": NaN,
        "Reconciled Depreciation": NaN,
        "EBITDA": NaN,
        "EBIT": NaN,
        "Net Interest Income": NaN,
        "Interest Expense": NaN,
        "Interest Income": NaN,
        "Normalized Income": NaN,
        "Net Income From Continuing And Discontinued Operation": NaN,
        "Total Expenses": NaN,
        "Total Operating Income As Reported": NaN,
        "Diluted Average Shares": NaN,
        "Basic Average Shares": NaN,
        "Diluted EPS": NaN,
        "Basic EPS": NaN,
        "Diluted NI Availto Com Stockholders": NaN,
        "Net Income Common Stockholders": NaN,
        "Net Income": NaN,
        "Net Income Including Noncontrolling Interests": NaN,
        "Net Income Continuous Operations": NaN,
        "Tax Provision": NaN,
        "Pretax Income": NaN,
        "Other Income Expense": NaN,
        "Other Non Operating Income Expenses": NaN,
        "Special Income Charges": 0.0,
        "Net Non Operating Interest Income Expense": NaN,
        "Interest Expense Non Operating": NaN,
        "Interest Income Non Operating": NaN,
        "Operating Income": NaN,
        "Operating Expense": NaN,
        "Research And Development": NaN,
        "Selling General And Administration": NaN,
        "General And Administrative Expense": NaN,
        "Other Gand A": NaN,
        "Total Revenue": NaN,
        "Operating Revenue": NaN
    },
    "2023-09-30": {
        "Tax Effect Of Unusual Items": NaN,
        "Tax Rate For Calcs": NaN,
        "Normalized EBITDA": NaN,
        "Total Unusual Items": 0.0,
        "Total Unusual Items Excluding Goodwill": 0.0,
        "Net Income From Continuing Operation Net Minority Interest": NaN,
        "Reconciled Depreciation": NaN,
        "EBITDA": NaN,
        "EBIT": NaN,
        "Net Interest Income": NaN,
        "Interest Expense": NaN,
        "Interest Income": NaN,
        "Normalized Income": NaN,
        "Net Income From Continuing And Discontinued Operation": NaN,
        "Total Expenses": NaN,
        "Total Operating Income As Reported": NaN,
        "Diluted Average Shares": 34878700.0,
        "Basic Average Shares": 34878700.0,
        "Diluted EPS": -0.11,
        "Basic EPS": -0.11,
        "Diluted NI Availto Com Stockholders": NaN,
        "Net Income Common Stockholders": NaN,
        "Net Income": NaN,
        "Net Income Including Noncontrolling Interests": NaN,
        "Net Income Continuous Operations": NaN,
        "Tax Provision": NaN,
        "Pretax Income": NaN,
        "Other Income Expense": NaN,
        "Other Non Operating Income Expenses": NaN,
        "Special Income Charges": 0.0,
        "Net Non Operating Interest Income Expense": NaN,
        "Interest Expense Non Operating": NaN,
        "Interest Income Non Operating": NaN,
        "Operating Income": NaN,
        "Operating Expense": NaN,
        "Research And Development": NaN,
        "Selling General And Administration": NaN,
        "General And Administrative Expense": NaN,
        "Other Gand A": NaN,
        "Total Revenue": NaN,
        "Operating Revenue": NaN
    },
    "2023-12-31": {
        "Tax Effect Of Unusual Items": 0.0,
        "Tax Rate For Calcs": 0.21,
        "Normalized EBITDA": -2293000.0,
        "Total Unusual Items": 0.0,
        "Total Unusual Items Excluding Goodwill": 0.0,
        "Net Income From Continuing Operation Net Minority Interest": -2342000.0,
        "Reconciled Depreciation": 33000.0,
        "EBITDA": -2293000.0,
        "EBIT": -2326000.0,
        "Net Interest Income": 517000.0,
        "Interest Expense": 0.0,
        "Interest Income": 517000.0,
        "Normalized Income": -2342000.0,
        "Net Income From Continuing And Discontinued Operation": -2342000.0,
        "Total Expenses": 12411000.0,
        "Total Operating Income As Reported": -3200000.0,
        "Diluted Average Shares": 35153124.0,
        "Basic Average Shares": 35153124.0,
        "Diluted EPS": -0.07,
        "Basic EPS": -0.07,
        "Diluted NI Availto Com Stockholders": -2342000.0,
        "Net Income Common Stockholders": -2342000.0,
        "Net Income": -2342000.0,
        "Net Income Including Noncontrolling Interests": -2342000.0,
        "Net Income Continuous Operations": -2342000.0,
        "Tax Provision": 16000.0,
        "Pretax Income": -2326000.0,
        "Other Income Expense": 357000.0,
        "Other Non Operating Income Expenses": 357000.0,
        "Special Income Charges": 0.0,
        "Net Non Operating Interest Income Expense": 517000.0,
        "Interest Expense Non Operating": 0.0,
        "Interest Income Non Operating": 517000.0,
        "Operating Income": -3200000.0,
        "Operating Expense": 12411000.0,
        "Research And Development": 9184000.0,
        "Selling General And Administration": 3227000.0,
        "General And Administrative Expense": 3227000.0,
        "Other Gand A": 3227000.0,
        "Total Revenue": 9211000.0,
        "Operating Revenue": 9211000.0
    },
    "2024-03-31": {
        "Tax Effect Of Unusual Items": 0.0,
        "Tax Rate For Calcs": 0.0,
        "Normalized EBITDA": -2702000.0,
        "Total Unusual Items": NaN,
        "Total Unusual Items Excluding Goodwill": NaN,
        "Net Income From Continuing Operation Net Minority Interest": -2734000.0,
        "Reconciled Depreciation": 32000.0,
        "EBITDA": -2702000.0,
        "EBIT": -2734000.0,
        "Net Interest Income": 439000.0,
        "Interest Expense": 0.0,
        "Interest Income": 439000.0,
        "Normalized Income": -2734000.0,
        "Net Income From Continuing And Discontinued Operation": -2734000.0,
        "Total Expenses": 13480000.0,
        "Total Operating Income As Reported": -2791000.0,
        "Diluted Average Shares": 35254752.0,
        "Basic Average Shares": 35254752.0,
        "Diluted EPS": -0.08,
        "Basic EPS": -0.08,
        "Diluted NI Availto Com Stockholders": -2734000.0,
        "Net Income Common Stockholders": -2734000.0,
        "Net Income": -2734000.0,
        "Net Income Including Noncontrolling Interests": -2734000.0,
        "Net Income Continuous Operations": -2734000.0,
        "Tax Provision": 0.0,
        "Pretax Income": -2734000.0,
        "Other Income Expense": -382000.0,
        "Other Non Operating Income Expenses": -382000.0,
        "Special Income Charges": NaN,
        "Net Non Operating Interest Income Expense": 439000.0,
        "Interest Expense Non Operating": 0.0,
        "Interest Income Non Operating": 439000.0,
        "Operating Income": -2791000.0,
        "Operating Expense": 13480000.0,
        "Research And Development": 9743000.0,
        "Selling General And Administration": 3737000.0,
        "General And Administrative Expense": 3737000.0,
        "Other Gand A": 3737000.0,
        "Total Revenue": 10689000.0,
        "Operating Revenue": 10689000.0
    },
    "2024-06-30": {
        "Tax Effect Of Unusual Items": 0.0,
        "Tax Rate For Calcs": 0.0,
        "Normalized EBITDA": 503000.0,
        "Total Unusual Items": NaN,
        "Total Unusual Items Excluding Goodwill": NaN,
        "Net Income From Continuing Operation Net Minority Interest": 468000.0,
        "Reconciled Depreciation": 35000.0,
        "EBITDA": 503000.0,
        "EBIT": 468000.0,
        "Net Interest Income": 371000.0,
        "Interest Expense": 0.0,
        "Interest Income": 371000.0,
        "Normalized Income": 468000.0,
        "Net Income From Continuing And Discontinued Operation": 468000.0,
        "Total Expenses": 13953000.0,
        "Total Operating Income As Reported": -100000.0,
        "Diluted Average Shares": 36589774.0,
        "Basic Average Shares": 35292035.0,
        "Diluted EPS": 0.01,
        "Basic EPS": 0.01,
        "Diluted NI Availto Com Stockholders": 468000.0,
        "Net Income Common Stockholders": 468000.0,
        "Net Income": 468000.0,
        "Net Income Including Noncontrolling Interests": 468000.0,
        "Net Income Continuous Operations": 468000.0,
        "Tax Provision": 0.0,
        "Pretax Income": 468000.0,
        "Other Income Expense": 197000.0,
        "Other Non Operating Income Expenses": 197000.0,
        "Special Income Charges": NaN,
        "Net Non Operating Interest Income Expense": 371000.0,
        "Interest Expense Non Operating": 0.0,
        "Interest Income Non Operating": 371000.0,
        "Operating Income": -100000.0,
        "Operating Expense": 13953000.0,
        "Research And Development": 10808000.0,
        "Selling General And Administration": 3145000.0,
        "General And Administrative Expense": 3145000.0,
        "Other Gand A": 3145000.0,
        "Total Revenue": 13853000.0,
        "Operating Revenue": 13853000.0
    },
    "2024-09-30": {
        "Tax Effect Of Unusual Items": 0.0,
        "Tax Rate For Calcs": 0.0,
        "Normalized EBITDA": 28000.0,
        "Total Unusual Items": NaN,
        "Total Unusual Items Excluding Goodwill": NaN,
        "Net Income From Continuing Operation Net Minority Interest": -7000.0,
        "Reconciled Depreciation": 35000.0,
        "EBITDA": 28000.0,
        "EBIT": -7000.0,
        "Net Interest Income": 331000.0,
        "Interest Expense": 0.0,
        "Interest Income": 331000.0,
        "Normalized Income": -7000.0,
        "Net Income From Continuing And Discontinued Operation": -7000.0,
        "Total Expenses": 12840000.0,
        "Total Operating Income As Reported": -679000.0,
        "Diluted Average Shares": 35424388.0,
        "Basic Average Shares": 35424388.0,
        "Diluted EPS": -0.000198,
        "Basic EPS": -0.000198,
        "Diluted NI Availto Com Stockholders": -7000.0,
        "Net Income Common Stockholders": -7000.0,
        "Net Income": -7000.0,
        "Net Income Including Noncontrolling Interests": -7000.0,
        "Net Income Continuous Operations": -7000.0,
        "Tax Provision": 0.0,
        "Pretax Income": -7000.0,
        "Other Income Expense": 341000.0,
        "Other Non Operating Income Expenses": 341000.0,
        "Special Income Charges": NaN,
        "Net Non Operating Interest Income Expense": 331000.0,
        "Interest Expense Non Operating": 0.0,
        "Interest Income Non Operating": 331000.0,
        "Operating Income": -679000.0,
        "Operating Expense": 12840000.0,
        "Research And Development": 9562000.0,
        "Selling General And Administration": 3278000.0,
        "General And Administrative Expense": 3278000.0,
        "Other Gand A": 3278000.0,
        "Total Revenue": 12161000.0,
        "Operating Revenue": 12161000.0
    },
    "2024-12-31": {
        "Tax Effect Of Unusual Items": 0.0,
        "Tax Rate For Calcs": 0.21,
        "Normalized EBITDA": -5398000.0,
        "Total Unusual Items": NaN,
        "Total Unusual Items Excluding Goodwill": NaN,
        "Net Income From Continuing Operation Net Minority Interest": -5794000.0,
        "Reconciled Depreciation": 35000.0,
        "EBITDA": -5398000.0,
        "EBIT": -5433000.0,
        "Net Interest Income": 239000.0,
        "Interest Expense": 0.0,
        "Interest Income": 239000.0,
        "Normalized Income": -5794000.0,
        "Net Income From Continuing And Discontinued Operation": -5794000.0,
        "Total Expenses": 9090000.0,
        "Total Operating Income As Reported": -4698000.0,
        "Diluted Average Shares": NaN,
        "Basic Average Shares": NaN,
        "Diluted EPS": NaN,
        "Basic EPS": NaN,
        "Diluted NI Availto Com Stockholders": -5794000.0,
        "Net Income Common Stockholders": -5794000.0,
        "Net Income": -5794000.0,
        "Net Income Including Noncontrolling Interests": -5794000.0,
        "Net Income Continuous Operations": -5794000.0,
        "Tax Provision": 361000.0,
        "Pretax Income": -5433000.0,
        "Other Income Expense": -974000.0,
        "Other Non Operating Income Expenses": -974000.0,
        "Special Income Charges": NaN,
        "Net Non Operating Interest Income Expense": 239000.0,
        "Interest Expense Non Operating": 0.0,
        "Interest Income Non Operating": 239000.0,
        "Operating Income": -4698000.0,
        "Operating Expense": 9090000.0,
        "Research And Development": 7315000.0,
        "Selling General And Administration": 1775000.0,
        "General And Administrative Expense": 1775000.0,
        "Other Gand A": 1775000.0,
        "Total Revenue": 4392000.0,
        "Operating Revenue": 4392000.0
    }
}