{
    "2022-12-31": {
        "Tax Effect Of Unusual Items": NaN,
        "Tax Rate For Calcs": NaN,
        "Normalized EBITDA": NaN,
        "Total Unusual Items": -2054000000.0,
        "Total Unusual Items Excluding Goodwill": -2054000000.0,
        "Net Income From Continuing Operation Net Minority Interest": NaN,
        "Reconciled Depreciation": NaN,
        "Reconciled Cost Of Revenue": NaN,
        "EBITDA": NaN,
        "EBIT": NaN,
        "Net Interest Income": NaN,
        "Interest Expense": NaN,
        "Interest Income": 389000000.0,
        "Normalized Income": NaN,
        "Net Income From Continuing And Discontinued Operation": NaN,
        "Total Expenses": NaN,
        "Total Operating Income As Reported": NaN,
        "Diluted Average Shares": NaN,
        "Basic Average Shares": NaN,
        "Diluted EPS": NaN,
        "Basic EPS": NaN,
        "Diluted NI Availto Com Stockholders": NaN,
        "Net Income Common Stockholders": NaN,
        "Net Income": NaN,
        "Minority Interests": NaN,
        "Net Income Including Noncontrolling Interests": NaN,
        "Net Income Continuous Operations": NaN,
        "Tax Provision": NaN,
        "Pretax Income": NaN,
        "Other Income Expense": NaN,
        "Earnings From Equity Interest": NaN,
        "Gain On Sale Of Security": -2054000000.0,
        "Net Non Operating Interest Income Expense": NaN,
        "Total Other Finance Cost": NaN,
        "Interest Expense Non Operating": NaN,
        "Interest Income Non Operating": 389000000.0,
        "Operating Income": NaN,
        "Operating Expense": NaN,
        "Other Operating Expenses": NaN,
        "Selling General And Administration": NaN,
        "Gross Profit": NaN,
        "Cost Of Revenue": NaN,
        "Total Revenue": NaN,
        "Operating Revenue": NaN
    },
    "2022-09-30": {
        "Tax Effect Of Unusual Items": NaN,
        "Tax Rate For Calcs": NaN,
        "Normalized EBITDA": NaN,
        "Total Unusual Items": 1043000000.0,
        "Total Unusual Items Excluding Goodwill": 1043000000.0,
        "Net Income From Continuing Operation Net Minority Interest": NaN,
        "Reconciled Depreciation": NaN,
        "Reconciled Cost Of Revenue": NaN,
        "EBITDA": NaN,
        "EBIT": NaN,
        "Net Interest Income": NaN,
        "Interest Expense": NaN,
        "Interest Income": 346000000.0,
        "Normalized Income": NaN,
        "Net Income From Continuing And Discontinued Operation": NaN,
        "Total Expenses": NaN,
        "Total Operating Income As Reported": NaN,
        "Diluted Average Shares": NaN,
        "Basic Average Shares": NaN,
        "Diluted EPS": NaN,
        "Basic EPS": NaN,
        "Diluted NI Availto Com Stockholders": NaN,
        "Net Income Common Stockholders": NaN,
        "Net Income": NaN,
        "Minority Interests": NaN,
        "Net Income Including Noncontrolling Interests": NaN,
        "Net Income Continuous Operations": NaN,
        "Tax Provision": NaN,
        "Pretax Income": NaN,
        "Other Income Expense": NaN,
        "Earnings From Equity Interest": NaN,
        "Gain On Sale Of Security": 1043000000.0,
        "Net Non Operating Interest Income Expense": NaN,
        "Total Other Finance Cost": -1389000000.0,
        "Interest Expense Non Operating": NaN,
        "Interest Income Non Operating": 346000000.0,
        "Operating Income": NaN,
        "Operating Expense": NaN,
        "Other Operating Expenses": NaN,
        "Selling General And Administration": NaN,
        "Gross Profit": NaN,
        "Cost Of Revenue": NaN,
        "Total Revenue": NaN,
        "Operating Revenue": NaN
    },
    "2022-06-30": {
        "Tax Effect Of Unusual Items": 828400000.0,
        "Tax Rate For Calcs": 0.4,
        "Normalized EBITDA": 20152000000.0,
        "Total Unusual Items": 2071000000.0,
        "Total Unusual Items Excluding Goodwill": 2071000000.0,
        "Net Income From Continuing Operation Net Minority Interest": 6757000000.0,
        "Reconciled Depreciation": 2140000000.0,
        "Reconciled Cost Of Revenue": 15991000000.0,
        "EBITDA": 22223000000.0,
        "EBIT": 20083000000.0,
        "Net Interest Income": -47000000.0,
        "Interest Expense": 327000000.0,
        "Interest Income": 280000000.0,
        "Normalized Income": 5514400000.0,
        "Net Income From Continuing And Discontinued Operation": 6757000000.0,
        "Total Expenses": 18706000000.0,
        "Total Operating Income As Reported": 17733000000.0,
        "Diluted Average Shares": 3197000000.0,
        "Basic Average Shares": 3188000000.0,
        "Diluted EPS": 2.11,
        "Basic EPS": 2.12,
        "Diluted NI Availto Com Stockholders": 6757000000.0,
        "Net Income Common Stockholders": 6757000000.0,
        "Net Income": 6757000000.0,
        "Minority Interests": -5000000.0,
        "Net Income Including Noncontrolling Interests": 6762000000.0,
        "Net Income Continuous Operations": 6762000000.0,
        "Tax Provision": 12995000000.0,
        "Pretax Income": 19756000000.0,
        "Other Income Expense": 2122000000.0,
        "Earnings From Equity Interest": 51000000.0,
        "Gain On Sale Of Security": 2071000000.0,
        "Net Non Operating Interest Income Expense": -47000000.0,
        "Interest Expense Non Operating": 327000000.0,
        "Interest Income Non Operating": 280000000.0,
        "Operating Income": 17681000000.0,
        "Operating Expense": 2715000000.0,
        "Other Operating Expenses": 2510000000.0,
        "Selling General And Administration": 205000000.0,
        "Gross Profit": 20396000000.0,
        "Cost Of Revenue": 15991000000.0,
        "Total Revenue": 36387000000.0,
        "Operating Revenue": 35342000000.0
    },
    "2023-06-30": {
        "Tax Effect Of Unusual Items": NaN,
        "Tax Rate For Calcs": NaN,
        "Normalized EBITDA": NaN,
        "Total Unusual Items": 123000000.0,
        "Total Unusual Items Excluding Goodwill": 123000000.0,
        "Net Income From Continuing Operation Net Minority Interest": NaN,
        "Reconciled Depreciation": NaN,
        "Reconciled Cost Of Revenue": NaN,
        "EBITDA": NaN,
        "EBIT": NaN,
        "Net Interest Income": NaN,
        "Interest Expense": NaN,
        "Interest Income": 618000000.0,
        "Normalized Income": NaN,
        "Net Income From Continuing And Discontinued Operation": NaN,
        "Total Expenses": NaN,
        "Total Operating Income As Reported": NaN,
        "Diluted Average Shares": NaN,
        "Basic Average Shares": NaN,
        "Diluted EPS": NaN,
        "Basic EPS": NaN,
        "Diluted NI Availto Com Stockholders": NaN,
        "Net Income Common Stockholders": NaN,
        "Net Income": NaN,
        "Minority Interests": NaN,
        "Net Income Including Noncontrolling Interests": NaN,
        "Net Income Continuous Operations": NaN,
        "Tax Provision": NaN,
        "Pretax Income": NaN,
        "Other Income Expense": NaN,
        "Earnings From Equity Interest": NaN,
        "Gain On Sale Of Security": 123000000.0,
        "Net Non Operating Interest Income Expense": NaN,
        "Total Other Finance Cost": NaN,
        "Interest Expense Non Operating": NaN,
        "Interest Income Non Operating": 618000000.0,
        "Operating Income": NaN,
        "Operating Expense": NaN,
        "Other Operating Expenses": NaN,
        "Selling General And Administration": NaN,
        "Gross Profit": NaN,
        "Cost Of Revenue": NaN,
        "Total Revenue": NaN,
        "Operating Revenue": NaN
    },
    "2023-03-31": {
        "Tax Effect Of Unusual Items": NaN,
        "Tax Rate For Calcs": NaN,
        "Normalized EBITDA": NaN,
        "Total Unusual Items": 1061000000.0,
        "Total Unusual Items Excluding Goodwill": 1061000000.0,
        "Net Income From Continuing Operation Net Minority Interest": NaN,
        "Reconciled Depreciation": NaN,
        "Reconciled Cost Of Revenue": NaN,
        "EBITDA": NaN,
        "EBIT": NaN,
        "Net Interest Income": NaN,
        "Interest Expense": NaN,
        "Interest Income": 590000000.0,
        "Normalized Income": NaN,
        "Net Income From Continuing And Discontinued Operation": NaN,
        "Total Expenses": NaN,
        "Total Operating Income As Reported": NaN,
        "Diluted Average Shares": NaN,
        "Basic Average Shares": NaN,
        "Diluted EPS": NaN,
        "Basic EPS": NaN,
        "Diluted NI Availto Com Stockholders": NaN,
        "Net Income Common Stockholders": NaN,
        "Net Income": NaN,
        "Minority Interests": NaN,
        "Net Income Including Noncontrolling Interests": NaN,
        "Net Income Continuous Operations": NaN,
        "Tax Provision": NaN,
        "Pretax Income": NaN,
        "Other Income Expense": NaN,
        "Earnings From Equity Interest": NaN,
        "Gain On Sale Of Security": 1061000000.0,
        "Net Non Operating Interest Income Expense": NaN,
        "Total Other Finance Cost": NaN,
        "Interest Expense Non Operating": NaN,
        "Interest Income Non Operating": 590000000.0,
        "Operating Income": NaN,
        "Operating Expense": NaN,
        "Other Operating Expenses": NaN,
        "Selling General And Administration": NaN,
        "Gross Profit": NaN,
        "Cost Of Revenue": NaN,
        "Total Revenue": NaN,
        "Operating Revenue": NaN
    },
    "2022-03-31": {
        "Diluted EPS": 1.46,
        "Total Revenue": NaN,
        "Gross Profit": NaN,
        "Operating Income": NaN,
        "EBIT": NaN,
        "Net Income": NaN
    },
    "2021-12-31": {
        "Diluted EPS": 0.17,
        "Total Revenue": NaN,
        "Gross Profit": NaN,
        "Operating Income": 485,
        "EBIT": NaN,
        "Net Income": 596
    },
    "2021-09-30": {
        "Diluted EPS": 0.43,
        "Total Revenue": NaN,
        "Gross Profit": NaN,
        "Operating Income": NaN,
        "EBIT": NaN,
        "Net Income": NaN
    },
    "2021-06-30": {
        "Diluted EPS": 1.46,
        "Total Revenue": NaN,
        "Gross Profit": NaN,
        "Operating Income": NaN,
        "EBIT": NaN,
        "Net Income": NaN
    },
    "2021-03-31": {
        "Diluted EPS": 0.57,
        "Total Revenue": NaN,
        "Gross Profit": NaN,
        "Operating Income": NaN,
        "EBIT": NaN,
        "Net Income": NaN
    },
    "2020-12-31": {
        "Diluted EPS": -0.75,
        "Total Revenue": NaN,
        "Gross Profit": NaN,
        "Operating Income": -988,
        "EBIT": NaN,
        "Net Income": NaN
    },
    "2020-09-30": {
        "Diluted EPS": -0.65,
        "Total Revenue": NaN,
        "Gross Profit": NaN,
        "Operating Income": NaN,
        "EBIT": NaN,
        "Net Income": NaN
    },
    "2020-06-30": {
        "Diluted EPS": -0.08,
        "Total Revenue": NaN,
        "Gross Profit": NaN,
        "Operating Income": -473,
        "EBIT": NaN,
        "Net Income": -254
    },
    "2020-03-31": {
        "Diluted EPS": -0.21,
        "Total Revenue": NaN,
        "Gross Profit": NaN,
        "Operating Income": 58,
        "EBIT": NaN,
        "Net Income": -708
    },
    "2019-12-31": {
        "Diluted EPS": -0.07,
        "Total Revenue": NaN,
        "Gross Profit": NaN,
        "Operating Income": NaN,
        "EBIT": NaN,
        "Net Income": -236
    },
    "2019-09-30": {
        "Diluted EPS": -0.33,
        "Total Revenue": NaN,
        "Gross Profit": NaN,
        "Operating Income": -469,
        "EBIT": NaN,
        "Net Income": NaN
    },
    "2019-06-30": {
        "Diluted EPS": 0.44,
        "Total Revenue": NaN,
        "Gross Profit": NaN,
        "Operating Income": NaN,
        "EBIT": NaN,
        "Net Income": NaN
    },
    "2019-03-31": {
        "Diluted EPS": 0.51,
        "Total Revenue": NaN,
        "Gross Profit": NaN,
        "Operating Income": NaN,
        "EBIT": NaN,
        "Net Income": NaN
    },
    "2018-12-31": {
        "Diluted EPS": 1.01,
        "Total Revenue": NaN,
        "Gross Profit": NaN,
        "Operating Income": NaN,
        "EBIT": NaN,
        "Net Income": NaN
    },
    "2018-09-30": {
        "Diluted EPS": 0.5,
        "Total Revenue": NaN,
        "Gross Profit": NaN,
        "Operating Income": NaN,
        "EBIT": NaN,
        "Net Income": NaN
    },
    "2018-06-30": {
        "Diluted EPS": 0.37,
        "Total Revenue": NaN,
        "Gross Profit": NaN,
        "Operating Income": NaN,
        "EBIT": NaN,
        "Net Income": NaN
    },
    "2018-03-31": {
        "Diluted EPS": 0.39,
        "Total Revenue": NaN,
        "Gross Profit": NaN,
        "Operating Income": NaN,
        "EBIT": NaN,
        "Net Income": NaN
    },
    "2017-12-31": {
        "Diluted EPS": 0.78,
        "Total Revenue": NaN,
        "Gross Profit": NaN,
        "Operating Income": NaN,
        "EBIT": NaN,
        "Net Income": NaN
    },
    "2017-09-30": {
        "Diluted EPS": -0.15,
        "Total Revenue": NaN,
        "Gross Profit": NaN,
        "Operating Income": NaN,
        "EBIT": NaN,
        "Net Income": -481
    },
    "2017-06-30": {
        "Diluted EPS": 0.44,
        "Total Revenue": NaN,
        "Gross Profit": NaN,
        "Operating Income": NaN,
        "EBIT": NaN,
        "Net Income": NaN
    },
    "2017-03-31": {
        "Diluted EPS": 0.33,
        "Total Revenue": NaN,
        "Gross Profit": NaN,
        "Operating Income": NaN,
        "EBIT": NaN,
        "Net Income": NaN
    },
    "2016-12-31": {
        "Diluted EPS": -0.86,
        "Total Revenue": NaN,
        "Gross Profit": NaN,
        "Operating Income": NaN,
        "EBIT": NaN,
        "Net Income": NaN
    },
    "2016-09-30": {
        "Diluted EPS": -0.14,
        "Total Revenue": NaN,
        "Gross Profit": NaN,
        "Operating Income": 737,
        "EBIT": NaN,
        "Net Income": -432
    },
    "2016-06-30": {
        "Diluted EPS": -0.1,
        "Total Revenue": NaN,
        "Gross Profit": NaN,
        "Operating Income": 180,
        "EBIT": NaN,
        "Net Income": -307
    },
    "2016-03-31": {
        "Diluted EPS": 0.19,
        "Total Revenue": NaN,
        "Gross Profit": NaN,
        "Operating Income": NaN,
        "EBIT": NaN,
        "Net Income": 607
    },
    "2015-12-31": {
        "Diluted EPS": -0.35,
        "Total Revenue": NaN,
        "Gross Profit": NaN,
        "Operating Income": 155,
        "EBIT": NaN,
        "Net Income": NaN
    },
    "2015-09-30": {
        "Diluted EPS": -0.11,
        "Total Revenue": NaN,
        "Gross Profit": NaN,
        "Operating Income": 882,
        "EBIT": NaN,
        "Net Income": -348
    },
    "2015-06-30": {
        "Diluted EPS": 0.27,
        "Total Revenue": NaN,
        "Gross Profit": NaN,
        "Operating Income": NaN,
        "EBIT": NaN,
        "Net Income": 861
    },
    "2015-03-31": {
        "Diluted EPS": -1.44,
        "Total Revenue": NaN,
        "Gross Profit": NaN,
        "Operating Income": NaN,
        "EBIT": NaN,
        "Net Income": NaN
    },
    "2014-12-31": {
        "Diluted EPS": -0.4,
        "Total Revenue": NaN,
        "Gross Profit": NaN,
        "Operating Income": NaN,
        "EBIT": NaN,
        "Net Income": NaN
    },
    "2014-09-30": {
        "Diluted EPS": -0.24,
        "Total Revenue": NaN,
        "Gross Profit": NaN,
        "Operating Income": NaN,
        "EBIT": NaN,
        "Net Income": -753
    },
    "2014-06-30": {
        "Diluted EPS": 0.63,
        "Total Revenue": NaN,
        "Gross Profit": NaN,
        "Operating Income": NaN,
        "EBIT": NaN,
        "Net Income": NaN
    },
    "2014-03-31": {
        "Diluted EPS": 1.22,
        "Total Revenue": NaN,
        "Gross Profit": NaN,
        "Operating Income": NaN,
        "EBIT": NaN,
        "Net Income": NaN
    },
    "2013-12-31": {
        "Diluted EPS": 0.79,
        "Total Revenue": NaN,
        "Gross Profit": NaN,
        "Operating Income": NaN,
        "EBIT": NaN,
        "Net Income": NaN
    },
    "2013-09-30": {
        "Diluted EPS": 0.75,
        "Total Revenue": NaN,
        "Gross Profit": NaN,
        "Operating Income": NaN,
        "EBIT": NaN,
        "Net Income": NaN
    },
    "2013-06-30": {
        "Diluted EPS": 0.24,
        "Total Revenue": NaN,
        "Gross Profit": NaN,
        "Operating Income": NaN,
        "EBIT": NaN,
        "Net Income": 738
    },
    "2013-03-31": {
        "Diluted EPS": 0.36,
        "Total Revenue": NaN,
        "Gross Profit": NaN,
        "Operating Income": NaN,
        "EBIT": NaN,
        "Net Income": NaN
    },
    "2012-12-31": {
        "Diluted EPS": 0.74,
        "Total Revenue": NaN,
        "Gross Profit": NaN,
        "Operating Income": NaN,
        "EBIT": NaN,
        "Net Income": NaN
    },
    "2012-09-30": {
        "Diluted EPS": 0.77,
        "Total Revenue": NaN,
        "Gross Profit": NaN,
        "Operating Income": NaN,
        "EBIT": NaN,
        "Net Income": NaN
    },
    "2012-06-30": {
        "Diluted EPS": 1.36,
        "Total Revenue": NaN,
        "Gross Profit": NaN,
        "Operating Income": NaN,
        "EBIT": NaN,
        "Net Income": NaN
    },
    "2012-03-31": {
        "Diluted EPS": 0.82,
        "Total Revenue": NaN,
        "Gross Profit": NaN,
        "Operating Income": NaN,
        "EBIT": NaN,
        "Net Income": NaN
    },
    "2011-12-31": {
        "Diluted EPS": 1.39,
        "Total Revenue": NaN,
        "Gross Profit": NaN,
        "Operating Income": NaN,
        "EBIT": NaN,
        "Net Income": NaN
    },
    "2011-09-30": {
        "Diluted EPS": 0.59,
        "Total Revenue": NaN,
        "Gross Profit": NaN,
        "Operating Income": NaN,
        "EBIT": NaN,
        "Net Income": NaN
    },
    "2011-06-30": {
        "Diluted EPS": 1.56,
        "Total Revenue": NaN,
        "Gross Profit": NaN,
        "Operating Income": NaN,
        "EBIT": NaN,
        "Net Income": NaN
    },
    "2011-03-31": {
        "Diluted EPS": 0.88,
        "Total Revenue": NaN,
        "Gross Profit": NaN,
        "Operating Income": NaN,
        "EBIT": NaN,
        "Net Income": NaN
    },
    "2010-12-31": {
        "Diluted EPS": 0.51,
        "Total Revenue": NaN,
        "Gross Profit": NaN,
        "Operating Income": NaN,
        "EBIT": NaN,
        "Net Income": NaN
    },
    "2010-09-30": {
        "Diluted EPS": 0.7,
        "Total Revenue": NaN,
        "Gross Profit": NaN,
        "Operating Income": NaN,
        "EBIT": NaN,
        "Net Income": NaN
    },
    "2010-06-30": {
        "Diluted EPS": 0.16,
        "Total Revenue": NaN,
        "Gross Profit": NaN,
        "Operating Income": NaN,
        "EBIT": NaN,
        "Net Income": 493
    },
    "2010-03-31": {
        "Diluted EPS": 0.6,
        "Total Revenue": NaN,
        "Gross Profit": NaN,
        "Operating Income": NaN,
        "EBIT": NaN,
        "Net Income": NaN
    },
    "2009-12-31": {
        "Diluted EPS": 0.4,
        "Total Revenue": NaN,
        "Gross Profit": NaN,
        "Operating Income": NaN,
        "EBIT": NaN,
        "Net Income": NaN
    },
    "2009-09-30": {
        "Diluted EPS": 0.36,
        "Total Revenue": NaN,
        "Gross Profit": NaN,
        "Operating Income": NaN,
        "EBIT": NaN,
        "Net Income": NaN
    },
    "2009-06-30": {
        "Diluted EPS": 0.0,
        "Total Revenue": NaN,
        "Gross Profit": NaN,
        "Operating Income": NaN,
        "EBIT": NaN,
        "Net Income": 12
    },
    "2009-03-31": {
        "Diluted EPS": 0.18,
        "Total Revenue": NaN,
        "Gross Profit": NaN,
        "Operating Income": NaN,
        "EBIT": NaN,
        "Net Income": 627
    },
    "2023-09-30": {
        "Tax Effect Of Unusual Items": NaN,
        "Tax Rate For Calcs": NaN,
        "Normalized EBITDA": NaN,
        "Total Unusual Items": NaN,
        "Total Unusual Items Excluding Goodwill": NaN,
        "Net Income From Continuing Operation Net Minority Interest": NaN,
        "Reconciled Depreciation": NaN,
        "Reconciled Cost Of Revenue": NaN,
        "EBITDA": NaN,
        "EBIT": NaN,
        "Net Interest Income": NaN,
        "Interest Expense": NaN,
        "Interest Income": NaN,
        "Normalized Income": NaN,
        "Net Income From Continuing And Discontinued Operation": NaN,
        "Total Expenses": NaN,
        "Total Operating Income As Reported": NaN,
        "Diluted Average Shares": NaN,
        "Basic Average Shares": NaN,
        "Diluted EPS": NaN,
        "Basic EPS": NaN,
        "Diluted NI Availto Com Stockholders": NaN,
        "Net Income Common Stockholders": NaN,
        "Net Income": NaN,
        "Minority Interests": NaN,
        "Net Income Including Noncontrolling Interests": NaN,
        "Net Income Continuous Operations": NaN,
        "Tax Provision": NaN,
        "Pretax Income": NaN,
        "Other Income Expense": NaN,
        "Earnings From Equity Interest": NaN,
        "Gain On Sale Of Security": NaN,
        "Net Non Operating Interest Income Expense": NaN,
        "Total Other Finance Cost": -425000000.0,
        "Interest Expense Non Operating": NaN,
        "Interest Income Non Operating": NaN,
        "Operating Income": NaN,
        "Operating Expense": NaN,
        "Other Operating Expenses": NaN,
        "Selling General And Administration": NaN,
        "Gross Profit": NaN,
        "Cost Of Revenue": NaN,
        "Total Revenue": NaN,
        "Operating Revenue": NaN
    },
    "2023-12-31": {
        "Tax Effect Of Unusual Items": NaN,
        "Tax Rate For Calcs": NaN,
        "Normalized EBITDA": NaN,
        "Total Unusual Items": NaN,
        "Total Unusual Items Excluding Goodwill": NaN,
        "Net Income From Continuing Operation Net Minority Interest": NaN,
        "Reconciled Depreciation": NaN,
        "Reconciled Cost Of Revenue": NaN,
        "EBITDA": NaN,
        "EBIT": NaN,
        "Net Interest Income": NaN,
        "Interest Expense": NaN,
        "Interest Income": NaN,
        "Normalized Income": NaN,
        "Net Income From Continuing And Discontinued Operation": NaN,
        "Total Expenses": NaN,
        "Total Operating Income As Reported": NaN,
        "Diluted Average Shares": 2961000000.0,
        "Basic Average Shares": 2954000000.0,
        "Diluted EPS": 0.88,
        "Basic EPS": 0.88,
        "Diluted NI Availto Com Stockholders": NaN,
        "Net Income Common Stockholders": NaN,
        "Net Income": NaN,
        "Minority Interests": NaN,
        "Net Income Including Noncontrolling Interests": NaN,
        "Net Income Continuous Operations": NaN,
        "Tax Provision": NaN,
        "Pretax Income": NaN,
        "Other Income Expense": NaN,
        "Earnings From Equity Interest": NaN,
        "Gain On Sale Of Security": NaN,
        "Net Non Operating Interest Income Expense": NaN,
        "Interest Expense Non Operating": NaN,
        "Interest Income Non Operating": NaN,
        "Operating Income": NaN,
        "Operating Expense": NaN,
        "Other Operating Expenses": NaN,
        "Selling General And Administration": NaN,
        "Gross Profit": NaN,
        "Cost Of Revenue": NaN,
        "Total Revenue": NaN,
        "Operating Revenue": NaN
    },
    "2024-03-31": {
        "Tax Effect Of Unusual Items": 48840000.0,
        "Tax Rate For Calcs": 0.22,
        "Normalized EBITDA": 10618000000.0,
        "Total Unusual Items": 222000000.0,
        "Total Unusual Items Excluding Goodwill": 222000000.0,
        "Net Income From Continuing Operation Net Minority Interest": 2668000000.0,
        "Reconciled Depreciation": 2426000000.0,
        "Reconciled Cost Of Revenue": 14267000000.0,
        "EBITDA": 10840000000.0,
        "EBIT": 8414000000.0,
        "Net Interest Income": 144000000.0,
        "Interest Expense": 416000000.0,
        "Interest Income": 560000000.0,
        "Normalized Income": 2494840000.0,
        "Net Income From Continuing And Discontinued Operation": 2668000000.0,
        "Total Expenses": 17490000000.0,
        "Total Operating Income As Reported": 7631000000.0,
        "Diluted Average Shares": 2942000000.0,
        "Basic Average Shares": 2938000000.0,
        "Diluted EPS": 0.91,
        "Basic EPS": 0.91,
        "Diluted NI Availto Com Stockholders": 2668000000.0,
        "Net Income Common Stockholders": 2668000000.0,
        "Net Income": 2668000000.0,
        "Minority Interests": -5000000.0,
        "Net Income Including Noncontrolling Interests": 2672000000.0,
        "Net Income Continuous Operations": 2672000000.0,
        "Tax Provision": 5325000000.0,
        "Pretax Income": 7998000000.0,
        "Other Income Expense": 255000000.0,
        "Earnings From Equity Interest": 33000000.0,
        "Gain On Sale Of Security": 222000000.0,
        "Net Non Operating Interest Income Expense": 144000000.0,
        "Interest Expense Non Operating": 416000000.0,
        "Interest Income Non Operating": 560000000.0,
        "Operating Income": 7599000000.0,
        "Operating Expense": 3223000000.0,
        "Other Operating Expenses": 2882000000.0,
        "Selling General And Administration": 341000000.0,
        "Gross Profit": 10822000000.0,
        "Cost Of Revenue": 14267000000.0,
        "Total Revenue": 25089000000.0,
        "Operating Revenue": 24663000000.0
    },
    "2024-06-30": {
        "Tax Effect Of Unusual Items": -49720000.0,
        "Tax Rate For Calcs": 0.22,
        "Normalized EBITDA": 10496000000.0,
        "Total Unusual Items": -226000000.0,
        "Total Unusual Items Excluding Goodwill": -226000000.0,
        "Net Income From Continuing Operation Net Minority Interest": 1861000000.0,
        "Reconciled Depreciation": 2346000000.0,
        "Reconciled Cost Of Revenue": 14493000000.0,
        "EBITDA": 10270000000.0,
        "EBIT": 7924000000.0,
        "Net Interest Income": 101000000.0,
        "Interest Expense": 394000000.0,
        "Interest Income": 495000000.0,
        "Normalized Income": 2037280000.0,
        "Net Income From Continuing And Discontinued Operation": 1861000000.0,
        "Total Expenses": 17816000000.0,
        "Total Operating Income As Reported": 7656000000.0,
        "Diluted Average Shares": 2856000000.0,
        "Basic Average Shares": 2850000000.0,
        "Diluted EPS": 0.65,
        "Basic EPS": 0.65,
        "Diluted NI Availto Com Stockholders": 1861000000.0,
        "Net Income Common Stockholders": 1861000000.0,
        "Net Income": 1861000000.0,
        "Minority Interests": -12000000.0,
        "Net Income Including Noncontrolling Interests": 1872000000.0,
        "Net Income Continuous Operations": 1872000000.0,
        "Tax Provision": 5658000000.0,
        "Pretax Income": 7530000000.0,
        "Other Income Expense": -214000000.0,
        "Earnings From Equity Interest": 12000000.0,
        "Gain On Sale Of Security": -226000000.0,
        "Net Non Operating Interest Income Expense": 101000000.0,
        "Interest Expense Non Operating": 394000000.0,
        "Interest Income Non Operating": 495000000.0,
        "Operating Income": 7646000000.0,
        "Operating Expense": 3323000000.0,
        "Other Operating Expenses": 2975000000.0,
        "Selling General And Administration": 348000000.0,
        "Gross Profit": 10969000000.0,
        "Cost Of Revenue": 14493000000.0,
        "Total Revenue": 25462000000.0,
        "Operating Revenue": 25255000000.0
    },
    "2024-09-30": {
        "Tax Effect Of Unusual Items": 60500000.0,
        "Tax Rate For Calcs": 0.22,
        "Normalized EBITDA": 9693000000.0,
        "Total Unusual Items": 275000000.0,
        "Total Unusual Items Excluding Goodwill": 275000000.0,
        "Net Income From Continuing Operation Net Minority Interest": 2282000000.0,
        "Reconciled Depreciation": 2327000000.0,
        "Reconciled Cost Of Revenue": 15422000000.0,
        "EBITDA": 9968000000.0,
        "EBIT": 7641000000.0,
        "Net Interest Income": 90000000.0,
        "Interest Expense": 370000000.0,
        "Interest Income": 460000000.0,
        "Normalized Income": 2067500000.0,
        "Net Income From Continuing And Discontinued Operation": 2282000000.0,
        "Total Expenses": 18509000000.0,
        "Total Operating Income As Reported": 6905000000.0,
        "Diluted Average Shares": NaN,
        "Basic Average Shares": NaN,
        "Diluted EPS": NaN,
        "Basic EPS": NaN,
        "Diluted NI Availto Com Stockholders": 2282000000.0,
        "Net Income Common Stockholders": 2282000000.0,
        "Net Income": 2282000000.0,
        "Minority Interests": -3000000.0,
        "Net Income Including Noncontrolling Interests": 2285000000.0,
        "Net Income Continuous Operations": 2285000000.0,
        "Tax Provision": 4986000000.0,
        "Pretax Income": 7271000000.0,
        "Other Income Expense": 274000000.0,
        "Earnings From Equity Interest": -1000000.0,
        "Gain On Sale Of Security": 275000000.0,
        "Net Non Operating Interest Income Expense": 90000000.0,
        "Interest Expense Non Operating": 370000000.0,
        "Interest Income Non Operating": 460000000.0,
        "Operating Income": 6907000000.0,
        "Operating Expense": 3087000000.0,
        "Other Operating Expenses": 2783000000.0,
        "Selling General And Administration": 304000000.0,
        "Gross Profit": 9994000000.0,
        "Cost Of Revenue": 15422000000.0,
        "Total Revenue": 25416000000.0,
        "Operating Revenue": 25178000000.0
    },
    "2024-12-31": {
        "Tax Effect Of Unusual Items": -95260000.0,
        "Tax Rate For Calcs": 0.22,
        "Normalized EBITDA": 11304000000.0,
        "Total Unusual Items": -433000000.0,
        "Total Unusual Items Excluding Goodwill": -433000000.0,
        "Net Income From Continuing Operation Net Minority Interest": 1996000000.0,
        "Reconciled Depreciation": 2807000000.0,
        "Reconciled Cost Of Revenue": 15693000000.0,
        "EBITDA": 10871000000.0,
        "EBIT": 8064000000.0,
        "Net Interest Income": 410000000.0,
        "Interest Expense": -124000000.0,
        "Interest Income": 286000000.0,
        "Normalized Income": 2333740000.0,
        "Net Income From Continuing And Discontinued Operation": 1996000000.0,
        "Total Expenses": 18332000000.0,
        "Total Operating Income As Reported": 8735000000.0,
        "Diluted Average Shares": 2746000000.0,
        "Basic Average Shares": 2739000000.0,
        "Diluted EPS": 0.73,
        "Basic EPS": 0.73,
        "Diluted NI Availto Com Stockholders": 1996000000.0,
        "Net Income Common Stockholders": 1996000000.0,
        "Net Income": 1996000000.0,
        "Minority Interests": -4000000.0,
        "Net Income Including Noncontrolling Interests": 1999000000.0,
        "Net Income Continuous Operations": 1999000000.0,
        "Tax Provision": 6188000000.0,
        "Pretax Income": 8188000000.0,
        "Other Income Expense": -427000000.0,
        "Earnings From Equity Interest": 6000000.0,
        "Gain On Sale Of Security": -433000000.0,
        "Net Non Operating Interest Income Expense": 410000000.0,
        "Interest Expense Non Operating": -124000000.0,
        "Interest Income Non Operating": 286000000.0,
        "Operating Income": 8203000000.0,
        "Operating Expense": 2639000000.0,
        "Other Operating Expenses": 2378000000.0,
        "Selling General And Administration": 261000000.0,
        "Gross Profit": 10842000000.0,
        "Cost Of Revenue": 15693000000.0,
        "Total Revenue": 26535000000.0,
        "Operating Revenue": 26202000000.0
    },
    "2025-03-31": {
        "Tax Effect Of Unusual Items": 1980000.0,
        "Tax Rate For Calcs": 0.22,
        "Normalized EBITDA": 11519000000.0,
        "Total Unusual Items": 9000000.0,
        "Total Unusual Items Excluding Goodwill": 9000000.0,
        "Net Income From Continuing Operation Net Minority Interest": 2627000000.0,
        "Reconciled Depreciation": 2310000000.0,
        "Reconciled Cost Of Revenue": 17753000000.0,
        "EBITDA": 11528000000.0,
        "EBIT": 9218000000.0,
        "Net Interest Income": 11000000.0,
        "Interest Expense": 325000000.0,
        "Interest Income": 336000000.0,
        "Normalized Income": 2619980000.0,
        "Net Income From Continuing And Discontinued Operation": 2627000000.0,
        "Total Expenses": 20523000000.0,
        "Total Operating Income As Reported": 8874000000.0,
        "Diluted Average Shares": 2724000000.0,
        "Basic Average Shares": 2719000000.0,
        "Diluted EPS": 0.96,
        "Basic EPS": 0.97,
        "Diluted NI Availto Com Stockholders": 2627000000.0,
        "Net Income Common Stockholders": 2627000000.0,
        "Net Income": 2627000000.0,
        "Minority Interests": -3000000.0,
        "Net Income Including Noncontrolling Interests": 2630000000.0,
        "Net Income Continuous Operations": 2630000000.0,
        "Tax Provision": 6263000000.0,
        "Pretax Income": 8893000000.0,
        "Other Income Expense": 22000000.0,
        "Earnings From Equity Interest": 13000000.0,
        "Gain On Sale Of Security": 9000000.0,
        "Net Non Operating Interest Income Expense": 11000000.0,
        "Interest Expense Non Operating": 325000000.0,
        "Interest Income Non Operating": 336000000.0,
        "Operating Income": 8861000000.0,
        "Operating Expense": 2770000000.0,
        "Other Operating Expenses": 2447000000.0,
        "Selling General And Administration": 323000000.0,
        "Gross Profit": 11631000000.0,
        "Cost Of Revenue": 17753000000.0,
        "Total Revenue": 29384000000.0,
        "Operating Revenue": 29358000000.0
    },
    "2025-06-30": {
        "Tax Effect Of Unusual Items": 18920000.0,
        "Tax Rate For Calcs": 0.22,
        "Normalized EBITDA": 9451000000.0,
        "Total Unusual Items": 86000000.0,
        "Total Unusual Items Excluding Goodwill": 86000000.0,
        "Net Income From Continuing Operation Net Minority Interest": 1313000000.0,
        "Reconciled Depreciation": 3427000000.0,
        "Reconciled Cost Of Revenue": 16161000000.0,
        "EBITDA": 9537000000.0,
        "EBIT": 6110000000.0,
        "Net Interest Income": -48000000.0,
        "Interest Expense": 351000000.0,
        "Interest Income": 303000000.0,
        "Normalized Income": 1245920000.0,
        "Net Income From Continuing And Discontinued Operation": 1313000000.0,
        "Total Expenses": 19419000000.0,
        "Total Operating Income As Reported": 5721000000.0,
        "Diluted Average Shares": 2629000000.0,
        "Basic Average Shares": 2622000000.0,
        "Diluted EPS": 0.5,
        "Basic EPS": 0.5,
        "Diluted NI Availto Com Stockholders": 1313000000.0,
        "Net Income Common Stockholders": 1313000000.0,
        "Net Income": 1313000000.0,
        "Minority Interests": -5000000.0,
        "Net Income Including Noncontrolling Interests": 1317000000.0,
        "Net Income Continuous Operations": 1317000000.0,
        "Tax Provision": 4441000000.0,
        "Pretax Income": 5759000000.0,
        "Other Income Expense": 95000000.0,
        "Earnings From Equity Interest": 9000000.0,
        "Gain On Sale Of Security": 86000000.0,
        "Net Non Operating Interest Income Expense": -48000000.0,
        "Interest Expense Non Operating": 351000000.0,
        "Interest Income Non Operating": 303000000.0,
        "Operating Income": 5711000000.0,
        "Operating Expense": 3258000000.0,
        "Other Operating Expenses": 2929000000.0,
        "Selling General And Administration": 329000000.0,
        "Gross Profit": 8969000000.0,
        "Cost Of Revenue": 16161000000.0,
        "Total Revenue": 25130000000.0,
        "Operating Revenue": 24769000000.0
    },
    "2025-09-30": {
        "Tax Effect Of Unusual Items": -110440000.0,
        "Tax Rate For Calcs": 0.22,
        "Normalized EBITDA": 8903000000.0,
        "Total Unusual Items": -502000000.0,
        "Total Unusual Items Excluding Goodwill": -502000000.0,
        "Net Income From Continuing Operation Net Minority Interest": -210000000.0,
        "Reconciled Depreciation": 3369000000.0,
        "Reconciled Cost Of Revenue": 17214000000.0,
        "EBITDA": 8401000000.0,
        "EBIT": 5032000000.0,
        "Net Interest Income": -101000000.0,
        "Interest Expense": 366000000.0,
        "Interest Income": 265000000.0,
        "Normalized Income": 181560000.0,
        "Net Income From Continuing And Discontinued Operation": -210000000.0,
        "Total Expenses": 20731000000.0,
        "Total Operating Income As Reported": 5270000000.0,
        "Diluted Average Shares": 2535000000.0,
        "Basic Average Shares": 2527000000.0,
        "Diluted EPS": -0.08,
        "Basic EPS": -0.08,
        "Diluted NI Availto Com Stockholders": -210000000.0,
        "Net Income Common Stockholders": -210000000.0,
        "Net Income": -210000000.0,
        "Minority Interests": -7000000.0,
        "Net Income Including Noncontrolling Interests": -204000000.0,
        "Net Income Continuous Operations": -204000000.0,
        "Tax Provision": 4870000000.0,
        "Pretax Income": 4666000000.0,
        "Other Income Expense": -518000000.0,
        "Earnings From Equity Interest": -16000000.0,
        "Gain On Sale Of Security": -502000000.0,
        "Net Non Operating Interest Income Expense": -101000000.0,
        "Interest Expense Non Operating": 366000000.0,
        "Interest Income Non Operating": 265000000.0,
        "Operating Income": 5286000000.0,
        "Operating Expense": 3517000000.0,
        "Other Operating Expenses": 3259000000.0,
        "Selling General And Administration": 258000000.0,
        "Gross Profit": 8803000000.0,
        "Cost Of Revenue": 17214000000.0,
        "Total Revenue": 26017000000.0,
        "Operating Revenue": 25998000000.0
    },
    "2025-12-31": {
        "Tax Effect Of Unusual Items": NaN,
        "Tax Rate For Calcs": NaN,
        "Normalized EBITDA": NaN,
        "Total Unusual Items": NaN,
        "Total Unusual Items Excluding Goodwill": NaN,
        "Net Income From Continuing Operation Net Minority Interest": NaN,
        "Reconciled Depreciation": NaN,
        "Reconciled Cost Of Revenue": NaN,
        "EBITDA": NaN,
        "EBIT": NaN,
        "Net Interest Income": NaN,
        "Interest Expense": NaN,
        "Interest Income": NaN,
        "Normalized Income": NaN,
        "Net Income From Continuing And Discontinued Operation": NaN,
        "Total Expenses": NaN,
        "Total Operating Income As Reported": NaN,
        "Diluted Average Shares": 2518000000.0,
        "Basic Average Shares": 2509000000.0,
        "Diluted EPS": 0.52,
        "Basic EPS": 0.52,
        "Diluted NI Availto Com Stockholders": NaN,
        "Net Income Common Stockholders": NaN,
        "Net Income": NaN,
        "Minority Interests": NaN,
        "Net Income Including Noncontrolling Interests": NaN,
        "Net Income Continuous Operations": NaN,
        "Tax Provision": NaN,
        "Pretax Income": NaN,
        "Other Income Expense": NaN,
        "Earnings From Equity Interest": NaN,
        "Gain On Sale Of Security": NaN,
        "Net Non Operating Interest Income Expense": NaN,
        "Interest Expense Non Operating": NaN,
        "Interest Income Non Operating": NaN,
        "Operating Income": NaN,
        "Operating Expense": NaN,
        "Other Operating Expenses": NaN,
        "Selling General And Administration": NaN,
        "Gross Profit": NaN,
        "Cost Of Revenue": NaN,
        "Total Revenue": NaN,
        "Operating Revenue": NaN
    }
}