{
    "2023-12-31": {
        "Tax Effect Of Unusual Items": NaN,
        "Tax Rate For Calcs": NaN,
        "Normalized EBITDA": NaN,
        "Total Unusual Items": NaN,
        "Total Unusual Items Excluding Goodwill": NaN,
        "Net Income From Continuing Operation Net Minority Interest": NaN,
        "Reconciled Depreciation": NaN,
        "Reconciled Cost Of Revenue": NaN,
        "EBITDA": NaN,
        "EBIT": NaN,
        "Net Interest Income": NaN,
        "Interest Expense": NaN,
        "Interest Income": NaN,
        "Normalized Income": NaN,
        "Net Income From Continuing And Discontinued Operation": NaN,
        "Total Expenses": NaN,
        "Total Operating Income As Reported": NaN,
        "Diluted Average Shares": NaN,
        "Basic Average Shares": NaN,
        "Diluted EPS": NaN,
        "Basic EPS": NaN,
        "Diluted NI Availto Com Stockholders": NaN,
        "Net Income Common Stockholders": NaN,
        "Net Income": NaN,
        "Net Income Including Noncontrolling Interests": NaN,
        "Net Income Continuous Operations": NaN,
        "Tax Provision": NaN,
        "Pretax Income": NaN,
        "Other Income Expense": NaN,
        "Other Non Operating Income Expenses": NaN,
        "Special Income Charges": NaN,
        "Gain On Sale Of Ppe": -328000.0,
        "Gain On Sale Of Business": 30047000.0,
        "Other Special Charges": NaN,
        "Write Off": 471000.0,
        "Restructuring And Mergern Acquisition": NaN,
        "Earnings From Equity Interest": NaN,
        "Gain On Sale Of Security": NaN,
        "Net Non Operating Interest Income Expense": NaN,
        "Interest Expense Non Operating": NaN,
        "Interest Income Non Operating": NaN,
        "Operating Income": NaN,
        "Operating Expense": NaN,
        "Other Operating Expenses": NaN,
        "Provision For Doubtful Accounts": 471000.0,
        "Depreciation Amortization Depletion Income Statement": NaN,
        "Depreciation And Amortization In Income Statement": NaN,
        "Depreciation Income Statement": NaN,
        "Selling General And Administration": NaN,
        "General And Administrative Expense": NaN,
        "Other Gand A": NaN,
        "Salaries And Wages": NaN,
        "Gross Profit": NaN,
        "Cost Of Revenue": NaN,
        "Total Revenue": NaN,
        "Operating Revenue": NaN
    },
    "2023-09-30": {
        "Tax Effect Of Unusual Items": NaN,
        "Tax Rate For Calcs": NaN,
        "Normalized EBITDA": NaN,
        "Total Unusual Items": NaN,
        "Total Unusual Items Excluding Goodwill": NaN,
        "Net Income From Continuing Operation Net Minority Interest": NaN,
        "Reconciled Depreciation": NaN,
        "Reconciled Cost Of Revenue": NaN,
        "EBITDA": NaN,
        "EBIT": NaN,
        "Net Interest Income": NaN,
        "Interest Expense": NaN,
        "Interest Income": NaN,
        "Normalized Income": NaN,
        "Net Income From Continuing And Discontinued Operation": NaN,
        "Total Expenses": NaN,
        "Total Operating Income As Reported": NaN,
        "Diluted Average Shares": NaN,
        "Basic Average Shares": NaN,
        "Diluted EPS": NaN,
        "Basic EPS": NaN,
        "Diluted NI Availto Com Stockholders": NaN,
        "Net Income Common Stockholders": NaN,
        "Net Income": NaN,
        "Net Income Including Noncontrolling Interests": NaN,
        "Net Income Continuous Operations": NaN,
        "Tax Provision": NaN,
        "Pretax Income": NaN,
        "Other Income Expense": NaN,
        "Other Non Operating Income Expenses": NaN,
        "Special Income Charges": NaN,
        "Gain On Sale Of Ppe": 0.0,
        "Gain On Sale Of Business": 0.0,
        "Other Special Charges": NaN,
        "Write Off": 0.0,
        "Restructuring And Mergern Acquisition": NaN,
        "Earnings From Equity Interest": NaN,
        "Gain On Sale Of Security": NaN,
        "Net Non Operating Interest Income Expense": NaN,
        "Interest Expense Non Operating": NaN,
        "Interest Income Non Operating": NaN,
        "Operating Income": NaN,
        "Operating Expense": NaN,
        "Other Operating Expenses": NaN,
        "Provision For Doubtful Accounts": 0.0,
        "Depreciation Amortization Depletion Income Statement": NaN,
        "Depreciation And Amortization In Income Statement": NaN,
        "Depreciation Income Statement": NaN,
        "Selling General And Administration": NaN,
        "General And Administrative Expense": NaN,
        "Other Gand A": NaN,
        "Salaries And Wages": NaN,
        "Gross Profit": NaN,
        "Cost Of Revenue": NaN,
        "Total Revenue": NaN,
        "Operating Revenue": NaN
    },
    "2023-06-30": {
        "Tax Effect Of Unusual Items": NaN,
        "Tax Rate For Calcs": NaN,
        "Normalized EBITDA": NaN,
        "Total Unusual Items": NaN,
        "Total Unusual Items Excluding Goodwill": NaN,
        "Net Income From Continuing Operation Net Minority Interest": NaN,
        "Reconciled Depreciation": NaN,
        "Reconciled Cost Of Revenue": NaN,
        "EBITDA": NaN,
        "EBIT": NaN,
        "Net Interest Income": NaN,
        "Interest Expense": NaN,
        "Interest Income": NaN,
        "Normalized Income": NaN,
        "Net Income From Continuing And Discontinued Operation": NaN,
        "Total Expenses": NaN,
        "Total Operating Income As Reported": NaN,
        "Diluted Average Shares": NaN,
        "Basic Average Shares": NaN,
        "Diluted EPS": NaN,
        "Basic EPS": NaN,
        "Diluted NI Availto Com Stockholders": NaN,
        "Net Income Common Stockholders": NaN,
        "Net Income": NaN,
        "Net Income Including Noncontrolling Interests": NaN,
        "Net Income Continuous Operations": NaN,
        "Tax Provision": NaN,
        "Pretax Income": NaN,
        "Other Income Expense": NaN,
        "Other Non Operating Income Expenses": NaN,
        "Special Income Charges": NaN,
        "Gain On Sale Of Ppe": 0.0,
        "Gain On Sale Of Business": NaN,
        "Other Special Charges": NaN,
        "Write Off": 13370000.0,
        "Restructuring And Mergern Acquisition": 0.0,
        "Earnings From Equity Interest": NaN,
        "Gain On Sale Of Security": NaN,
        "Net Non Operating Interest Income Expense": NaN,
        "Interest Expense Non Operating": NaN,
        "Interest Income Non Operating": NaN,
        "Operating Income": NaN,
        "Operating Expense": NaN,
        "Other Operating Expenses": NaN,
        "Provision For Doubtful Accounts": NaN,
        "Depreciation Amortization Depletion Income Statement": NaN,
        "Depreciation And Amortization In Income Statement": NaN,
        "Depreciation Income Statement": NaN,
        "Selling General And Administration": NaN,
        "General And Administrative Expense": NaN,
        "Other Gand A": NaN,
        "Salaries And Wages": NaN,
        "Gross Profit": NaN,
        "Cost Of Revenue": NaN,
        "Total Revenue": NaN,
        "Operating Revenue": NaN
    },
    "2023-03-31": {
        "Tax Effect Of Unusual Items": NaN,
        "Tax Rate For Calcs": NaN,
        "Normalized EBITDA": NaN,
        "Total Unusual Items": NaN,
        "Total Unusual Items Excluding Goodwill": NaN,
        "Net Income From Continuing Operation Net Minority Interest": NaN,
        "Reconciled Depreciation": NaN,
        "Reconciled Cost Of Revenue": NaN,
        "EBITDA": NaN,
        "EBIT": NaN,
        "Net Interest Income": NaN,
        "Interest Expense": NaN,
        "Interest Income": NaN,
        "Normalized Income": NaN,
        "Net Income From Continuing And Discontinued Operation": NaN,
        "Total Expenses": NaN,
        "Total Operating Income As Reported": NaN,
        "Diluted Average Shares": NaN,
        "Basic Average Shares": NaN,
        "Diluted EPS": NaN,
        "Basic EPS": NaN,
        "Diluted NI Availto Com Stockholders": NaN,
        "Net Income Common Stockholders": NaN,
        "Net Income": NaN,
        "Net Income Including Noncontrolling Interests": NaN,
        "Net Income Continuous Operations": NaN,
        "Tax Provision": NaN,
        "Pretax Income": NaN,
        "Other Income Expense": NaN,
        "Other Non Operating Income Expenses": NaN,
        "Special Income Charges": NaN,
        "Gain On Sale Of Ppe": -99000.0,
        "Gain On Sale Of Business": NaN,
        "Other Special Charges": NaN,
        "Write Off": NaN,
        "Restructuring And Mergern Acquisition": NaN,
        "Earnings From Equity Interest": NaN,
        "Gain On Sale Of Security": NaN,
        "Net Non Operating Interest Income Expense": NaN,
        "Interest Expense Non Operating": NaN,
        "Interest Income Non Operating": NaN,
        "Operating Income": NaN,
        "Operating Expense": NaN,
        "Other Operating Expenses": NaN,
        "Provision For Doubtful Accounts": NaN,
        "Depreciation Amortization Depletion Income Statement": NaN,
        "Depreciation And Amortization In Income Statement": NaN,
        "Depreciation Income Statement": NaN,
        "Selling General And Administration": NaN,
        "General And Administrative Expense": NaN,
        "Other Gand A": NaN,
        "Salaries And Wages": NaN,
        "Gross Profit": NaN,
        "Cost Of Revenue": NaN,
        "Total Revenue": NaN,
        "Operating Revenue": NaN
    },
    "2024-03-31": {
        "Tax Effect Of Unusual Items": NaN,
        "Tax Rate For Calcs": NaN,
        "Normalized EBITDA": NaN,
        "Total Unusual Items": NaN,
        "Total Unusual Items Excluding Goodwill": NaN,
        "Net Income From Continuing Operation Net Minority Interest": NaN,
        "Reconciled Depreciation": NaN,
        "Reconciled Cost Of Revenue": NaN,
        "EBITDA": NaN,
        "EBIT": NaN,
        "Net Interest Income": NaN,
        "Interest Expense": NaN,
        "Interest Income": NaN,
        "Normalized Income": NaN,
        "Net Income From Continuing And Discontinued Operation": NaN,
        "Total Expenses": NaN,
        "Total Operating Income As Reported": NaN,
        "Diluted Average Shares": NaN,
        "Basic Average Shares": NaN,
        "Diluted EPS": NaN,
        "Basic EPS": NaN,
        "Diluted NI Availto Com Stockholders": NaN,
        "Net Income Common Stockholders": NaN,
        "Net Income": NaN,
        "Net Income Including Noncontrolling Interests": NaN,
        "Net Income Continuous Operations": NaN,
        "Tax Provision": NaN,
        "Pretax Income": NaN,
        "Other Income Expense": NaN,
        "Other Non Operating Income Expenses": NaN,
        "Special Income Charges": NaN,
        "Gain On Sale Of Business": NaN,
        "Other Special Charges": NaN,
        "Write Off": NaN,
        "Restructuring And Mergern Acquisition": NaN,
        "Earnings From Equity Interest": 423000.0,
        "Gain On Sale Of Security": NaN,
        "Net Non Operating Interest Income Expense": NaN,
        "Interest Expense Non Operating": NaN,
        "Interest Income Non Operating": NaN,
        "Operating Income": NaN,
        "Operating Expense": NaN,
        "Other Operating Expenses": NaN,
        "Provision For Doubtful Accounts": NaN,
        "Depreciation Amortization Depletion Income Statement": 230000.0,
        "Depreciation And Amortization In Income Statement": 230000.0,
        "Depreciation Income Statement": 230000.0,
        "Selling General And Administration": NaN,
        "General And Administrative Expense": NaN,
        "Other Gand A": NaN,
        "Salaries And Wages": NaN,
        "Gross Profit": NaN,
        "Cost Of Revenue": NaN,
        "Total Revenue": NaN,
        "Operating Revenue": NaN
    },
    "2022-09-30": {
        "Tax Effect Of Unusual Items": NaN,
        "Tax Rate For Calcs": NaN,
        "Normalized EBITDA": NaN,
        "Total Unusual Items": NaN,
        "Total Unusual Items Excluding Goodwill": NaN,
        "Net Income From Continuing Operation Net Minority Interest": NaN,
        "Reconciled Depreciation": NaN,
        "Reconciled Cost Of Revenue": NaN,
        "EBITDA": NaN,
        "EBIT": NaN,
        "Net Interest Income": NaN,
        "Interest Expense": NaN,
        "Interest Income": NaN,
        "Normalized Income": NaN,
        "Net Income From Continuing And Discontinued Operation": NaN,
        "Total Expenses": NaN,
        "Total Operating Income As Reported": NaN,
        "Diluted Average Shares": NaN,
        "Basic Average Shares": NaN,
        "Diluted EPS": NaN,
        "Basic EPS": NaN,
        "Diluted NI Availto Com Stockholders": NaN,
        "Average Dilution Earnings": 0.0,
        "Net Income Common Stockholders": NaN,
        "Net Income": NaN,
        "Net Income Including Noncontrolling Interests": NaN,
        "Net Income Continuous Operations": NaN,
        "Tax Provision": NaN,
        "Pretax Income": NaN,
        "Other Income Expense": NaN,
        "Other Non Operating Income Expenses": NaN,
        "Special Income Charges": -423000.0,
        "Gain On Sale Of Ppe": 0.0,
        "Gain On Sale Of Business": 0.0,
        "Write Off": 423000.0,
        "Restructuring And Mergern Acquisition": 0.0,
        "Earnings From Equity Interest": NaN,
        "Gain On Sale Of Security": NaN,
        "Net Non Operating Interest Income Expense": NaN,
        "Interest Expense Non Operating": NaN,
        "Interest Income Non Operating": NaN,
        "Operating Income": NaN,
        "Operating Expense": NaN,
        "Other Operating Expenses": NaN,
        "Depreciation Amortization Depletion Income Statement": NaN,
        "Depreciation And Amortization In Income Statement": NaN,
        "Depreciation Income Statement": NaN,
        "Selling General And Administration": NaN,
        "General And Administrative Expense": NaN,
        "Other Gand A": NaN,
        "Salaries And Wages": NaN,
        "Gross Profit": NaN,
        "Cost Of Revenue": NaN,
        "Total Revenue": NaN,
        "Operating Revenue": NaN
    },
    "2024-06-30": {
        "Tax Effect Of Unusual Items": NaN,
        "Tax Rate For Calcs": NaN,
        "Normalized EBITDA": NaN,
        "Total Unusual Items": NaN,
        "Total Unusual Items Excluding Goodwill": NaN,
        "Net Income From Continuing Operation Net Minority Interest": NaN,
        "Reconciled Depreciation": NaN,
        "Reconciled Cost Of Revenue": NaN,
        "EBITDA": NaN,
        "EBIT": NaN,
        "Net Interest Income": NaN,
        "Interest Expense": NaN,
        "Interest Income": NaN,
        "Normalized Income": NaN,
        "Net Income From Continuing And Discontinued Operation": NaN,
        "Total Expenses": NaN,
        "Total Operating Income As Reported": NaN,
        "Diluted Average Shares": 471534808.0,
        "Basic Average Shares": 392453328.0,
        "Diluted EPS": 0.76,
        "Basic EPS": 0.9,
        "Diluted NI Availto Com Stockholders": NaN,
        "Net Income Common Stockholders": NaN,
        "Net Income": NaN,
        "Net Income Including Noncontrolling Interests": NaN,
        "Net Income Continuous Operations": NaN,
        "Tax Provision": NaN,
        "Pretax Income": NaN,
        "Other Income Expense": NaN,
        "Other Non Operating Income Expenses": NaN,
        "Special Income Charges": NaN,
        "Gain On Sale Of Business": 0.0,
        "Other Special Charges": -5383000.0,
        "Write Off": 0.0,
        "Restructuring And Mergern Acquisition": NaN,
        "Earnings From Equity Interest": 585379000.0,
        "Gain On Sale Of Security": NaN,
        "Net Non Operating Interest Income Expense": NaN,
        "Interest Expense Non Operating": NaN,
        "Interest Income Non Operating": NaN,
        "Operating Income": NaN,
        "Operating Expense": NaN,
        "Other Operating Expenses": NaN,
        "Provision For Doubtful Accounts": 0.0,
        "Depreciation Amortization Depletion Income Statement": 187000.0,
        "Depreciation And Amortization In Income Statement": 187000.0,
        "Depreciation Income Statement": 187000.0,
        "Selling General And Administration": NaN,
        "General And Administrative Expense": NaN,
        "Other Gand A": NaN,
        "Salaries And Wages": NaN,
        "Gross Profit": NaN,
        "Cost Of Revenue": NaN,
        "Total Revenue": NaN,
        "Operating Revenue": NaN
    },
    "2024-09-30": {
        "Tax Effect Of Unusual Items": -4936500.0,
        "Tax Rate For Calcs": 0.15,
        "Normalized EBITDA": 148662000.0,
        "Total Unusual Items": -32910000.0,
        "Total Unusual Items Excluding Goodwill": -32910000.0,
        "Net Income From Continuing Operation Net Minority Interest": 303000.0,
        "Reconciled Depreciation": 59266000.0,
        "Reconciled Cost Of Revenue": 327610000.0,
        "EBITDA": 115752000.0,
        "EBIT": 56486000.0,
        "Net Interest Income": -17775000.0,
        "Interest Expense": 19725000.0,
        "Interest Income": 1950000.0,
        "Normalized Income": 28276500.0,
        "Net Income From Continuing And Discontinued Operation": 303000.0,
        "Total Expenses": 344204000.0,
        "Total Operating Income As Reported": 84182000.0,
        "Diluted Average Shares": 434536738.0,
        "Basic Average Shares": 428530139.0,
        "Diluted EPS": 0.0,
        "Basic EPS": 0.0,
        "Diluted NI Availto Com Stockholders": 303000.0,
        "Net Income Common Stockholders": 303000.0,
        "Net Income": 303000.0,
        "Net Income Including Noncontrolling Interests": 303000.0,
        "Net Income Continuous Operations": 303000.0,
        "Tax Provision": 36458000.0,
        "Pretax Income": 36761000.0,
        "Other Income Expense": -29646000.0,
        "Other Non Operating Income Expenses": 3264000.0,
        "Special Income Charges": -9936000.0,
        "Gain On Sale Of Business": 0.0,
        "Other Special Charges": NaN,
        "Write Off": NaN,
        "Restructuring And Mergern Acquisition": 9936000.0,
        "Earnings From Equity Interest": 0.0,
        "Gain On Sale Of Security": -22974000.0,
        "Net Non Operating Interest Income Expense": -17775000.0,
        "Interest Expense Non Operating": 19725000.0,
        "Interest Income Non Operating": 1950000.0,
        "Operating Income": 84182000.0,
        "Operating Expense": 16594000.0,
        "Other Operating Expenses": 3758000.0,
        "Provision For Doubtful Accounts": 133000.0,
        "Depreciation Amortization Depletion Income Statement": 602000.0,
        "Depreciation And Amortization In Income Statement": 602000.0,
        "Depreciation Income Statement": 602000.0,
        "Selling General And Administration": 12836000.0,
        "General And Administrative Expense": 12836000.0,
        "Other Gand A": 4751000.0,
        "Salaries And Wages": 8085000.0,
        "Gross Profit": 100776000.0,
        "Cost Of Revenue": 327610000.0,
        "Total Revenue": 428386000.0,
        "Operating Revenue": 428386000.0
    },
    "2024-12-31": {
        "Tax Effect Of Unusual Items": 7380750.0,
        "Tax Rate For Calcs": 0.15,
        "Normalized EBITDA": 241150000.0,
        "Total Unusual Items": 49205000.0,
        "Total Unusual Items Excluding Goodwill": 49205000.0,
        "Net Income From Continuing Operation Net Minority Interest": 97964000.0,
        "Reconciled Depreciation": 72551000.0,
        "Reconciled Cost Of Revenue": 338838000.0,
        "EBITDA": 290355000.0,
        "EBIT": 217804000.0,
        "Net Interest Income": -35786000.0,
        "Interest Expense": 37555000.0,
        "Interest Income": 1769000.0,
        "Normalized Income": 56139750.0,
        "Net Income From Continuing And Discontinued Operation": 97964000.0,
        "Total Expenses": 426757000.0,
        "Total Operating Income As Reported": 147712000.0,
        "Diluted Average Shares": NaN,
        "Basic Average Shares": NaN,
        "Diluted EPS": NaN,
        "Basic EPS": NaN,
        "Diluted NI Availto Com Stockholders": 116158000.0,
        "Net Income Common Stockholders": 97964000.0,
        "Net Income": 97964000.0,
        "Net Income Including Noncontrolling Interests": 97964000.0,
        "Net Income Continuous Operations": 97964000.0,
        "Tax Provision": 82285000.0,
        "Pretax Income": 180249000.0,
        "Other Income Expense": 67810000.0,
        "Other Non Operating Income Expenses": 18605000.0,
        "Special Income Charges": 86220000.0,
        "Gain On Sale Of Business": 0.0,
        "Other Special Charges": 0.0,
        "Write Off": NaN,
        "Restructuring And Mergern Acquisition": -86220000.0,
        "Earnings From Equity Interest": 0.0,
        "Gain On Sale Of Security": -37015000.0,
        "Net Non Operating Interest Income Expense": -35786000.0,
        "Interest Expense Non Operating": 37555000.0,
        "Interest Income Non Operating": 1769000.0,
        "Operating Income": 148225000.0,
        "Operating Expense": 16453000.0,
        "Other Operating Expenses": 3611000.0,
        "Provision For Doubtful Accounts": -513000.0,
        "Depreciation Amortization Depletion Income Statement": 1085000.0,
        "Depreciation And Amortization In Income Statement": 1085000.0,
        "Depreciation Income Statement": 1085000.0,
        "Selling General And Administration": 11690000.0,
        "General And Administrative Expense": 11690000.0,
        "Other Gand A": 7196000.0,
        "Salaries And Wages": 4494000.0,
        "Gross Profit": 164678000.0,
        "Cost Of Revenue": 410304000.0,
        "Total Revenue": 574982000.0,
        "Operating Revenue": 574982000.0
    },
    "2025-03-31": {
        "Tax Effect Of Unusual Items": -3336000.0,
        "Tax Rate For Calcs": 0.15,
        "Normalized EBITDA": 103281000.0,
        "Total Unusual Items": -22240000.0,
        "Total Unusual Items Excluding Goodwill": -22240000.0,
        "Net Income From Continuing Operation Net Minority Interest": -75479000.0,
        "Reconciled Depreciation": 97561000.0,
        "Reconciled Cost Of Revenue": 292571000.0,
        "EBITDA": 81041000.0,
        "EBIT": -16520000.0,
        "Net Interest Income": -46238000.0,
        "Interest Expense": 48333000.0,
        "Interest Income": 2095000.0,
        "Normalized Income": -56575000.0,
        "Net Income From Continuing And Discontinued Operation": -75479000.0,
        "Total Expenses": 419468000.0,
        "Total Operating Income As Reported": 4256000.0,
        "Diluted Average Shares": 455731465.0,
        "Basic Average Shares": 455731465.0,
        "Diluted EPS": -0.17,
        "Basic EPS": -0.17,
        "Diluted NI Availto Com Stockholders": -75479000.0,
        "Net Income Common Stockholders": -75479000.0,
        "Net Income": -75479000.0,
        "Net Income Including Noncontrolling Interests": -75479000.0,
        "Net Income Continuous Operations": -75479000.0,
        "Tax Provision": 10626000.0,
        "Pretax Income": -64853000.0,
        "Other Income Expense": -22871000.0,
        "Other Non Operating Income Expenses": -631000.0,
        "Special Income Charges": -14964000.0,
        "Gain On Sale Of Business": NaN,
        "Other Special Charges": NaN,
        "Write Off": NaN,
        "Restructuring And Mergern Acquisition": 14964000.0,
        "Earnings From Equity Interest": NaN,
        "Gain On Sale Of Security": -7276000.0,
        "Net Non Operating Interest Income Expense": -46238000.0,
        "Interest Expense Non Operating": 48333000.0,
        "Interest Income Non Operating": 2095000.0,
        "Operating Income": 4256000.0,
        "Operating Expense": 29459000.0,
        "Other Operating Expenses": 1816000.0,
        "Provision For Doubtful Accounts": NaN,
        "Depreciation Amortization Depletion Income Statement": 123000.0,
        "Depreciation And Amortization In Income Statement": 123000.0,
        "Depreciation Income Statement": 123000.0,
        "Selling General And Administration": 17575000.0,
        "General And Administrative Expense": 17575000.0,
        "Other Gand A": 7470000.0,
        "Salaries And Wages": 10105000.0,
        "Gross Profit": 33715000.0,
        "Cost Of Revenue": 390009000.0,
        "Total Revenue": 423724000.0,
        "Operating Revenue": 423724000.0
    },
    "2025-06-30": {
        "Tax Effect Of Unusual Items": -122250.0,
        "Tax Rate For Calcs": 0.15,
        "Normalized EBITDA": 191070000.0,
        "Total Unusual Items": -815000.0,
        "Total Unusual Items Excluding Goodwill": -815000.0,
        "Net Income From Continuing Operation Net Minority Interest": 23845000.0,
        "Reconciled Depreciation": 95634000.0,
        "Reconciled Cost Of Revenue": 318986000.0,
        "EBITDA": 190255000.0,
        "EBIT": 94621000.0,
        "Net Interest Income": -42833000.0,
        "Interest Expense": 45308000.0,
        "Interest Income": 2475000.0,
        "Normalized Income": 24537750.0,
        "Net Income From Continuing And Discontinued Operation": 23845000.0,
        "Total Expenses": 383537000.0,
        "Total Operating Income As Reported": 95103000.0,
        "Diluted Average Shares": 506070404.0,
        "Basic Average Shares": 499444857.0,
        "Diluted EPS": 0.05,
        "Basic EPS": 0.05,
        "Diluted NI Availto Com Stockholders": 23845000.0,
        "Net Income Common Stockholders": 23845000.0,
        "Net Income": 23845000.0,
        "Net Income Including Noncontrolling Interests": 23845000.0,
        "Net Income Continuous Operations": 23845000.0,
        "Tax Provision": 25468000.0,
        "Pretax Income": 49313000.0,
        "Other Income Expense": -2957000.0,
        "Other Non Operating Income Expenses": -2142000.0,
        "Special Income Charges": -6101000.0,
        "Gain On Sale Of Business": NaN,
        "Other Special Charges": NaN,
        "Write Off": NaN,
        "Restructuring And Mergern Acquisition": 6101000.0,
        "Earnings From Equity Interest": 0.0,
        "Gain On Sale Of Security": 5286000.0,
        "Net Non Operating Interest Income Expense": -42833000.0,
        "Interest Expense Non Operating": 45308000.0,
        "Interest Income Non Operating": 2475000.0,
        "Operating Income": 95103000.0,
        "Operating Expense": 64551000.0,
        "Other Operating Expenses": 3824000.0,
        "Provision For Doubtful Accounts": NaN,
        "Depreciation Amortization Depletion Income Statement": NaN,
        "Depreciation And Amortization In Income Statement": NaN,
        "Depreciation Income Statement": NaN,
        "Selling General And Administration": 25471000.0,
        "General And Administrative Expense": 25471000.0,
        "Other Gand A": 11587000.0,
        "Salaries And Wages": 13884000.0,
        "Gross Profit": 159654000.0,
        "Cost Of Revenue": 318986000.0,
        "Total Revenue": 478640000.0,
        "Operating Revenue": 478640000.0
    },
    "2025-09-30": {
        "Tax Effect Of Unusual Items": -9141515.719168,
        "Tax Rate For Calcs": 0.255785,
        "Normalized EBITDA": 374089000.0,
        "Total Unusual Items": -35739000.0,
        "Total Unusual Items Excluding Goodwill": -35739000.0,
        "Net Income From Continuing Operation Net Minority Interest": 85575000.0,
        "Reconciled Depreciation": 172473000.0,
        "Reconciled Cost Of Revenue": 539114000.0,
        "EBITDA": 338350000.0,
        "EBIT": 165877000.0,
        "Net Interest Income": -47677000.0,
        "Interest Expense": 50890000.0,
        "Interest Income": 3213000.0,
        "Normalized Income": 112172484.280832,
        "Net Income From Continuing And Discontinued Operation": 85575000.0,
        "Total Expenses": 613836000.0,
        "Total Operating Income As Reported": 205174000.0,
        "Diluted Average Shares": 781873304.0,
        "Basic Average Shares": 771312305.0,
        "Diluted EPS": 0.11,
        "Basic EPS": 0.11,
        "Diluted NI Availto Com Stockholders": 85575000.0,
        "Net Income Common Stockholders": 85575000.0,
        "Net Income": 85575000.0,
        "Net Income Including Noncontrolling Interests": 85575000.0,
        "Net Income Continuous Operations": 85575000.0,
        "Tax Provision": 29412000.0,
        "Pretax Income": 114987000.0,
        "Other Income Expense": -42510000.0,
        "Other Non Operating Income Expenses": -6771000.0,
        "Special Income Charges": -3343000.0,
        "Gain On Sale Of Business": NaN,
        "Other Special Charges": -13042000.0,
        "Write Off": NaN,
        "Restructuring And Mergern Acquisition": 16385000.0,
        "Earnings From Equity Interest": NaN,
        "Gain On Sale Of Security": -32396000.0,
        "Net Non Operating Interest Income Expense": -47677000.0,
        "Interest Expense Non Operating": 50890000.0,
        "Interest Income Non Operating": 3213000.0,
        "Operating Income": 205174000.0,
        "Operating Expense": 74722000.0,
        "Other Operating Expenses": 11658000.0,
        "Provision For Doubtful Accounts": NaN,
        "Depreciation Amortization Depletion Income Statement": NaN,
        "Depreciation And Amortization In Income Statement": NaN,
        "Depreciation Income Statement": NaN,
        "Selling General And Administration": 35330000.0,
        "General And Administrative Expense": 35330000.0,
        "Other Gand A": 8517000.0,
        "Salaries And Wages": 26813000.0,
        "Gross Profit": 279896000.0,
        "Cost Of Revenue": 539114000.0,
        "Total Revenue": 819010000.0,
        "Operating Revenue": 819010000.0
    }
}