{
    "2023-06-30": {
        "Tax Effect Of Unusual Items": NaN,
        "Tax Rate For Calcs": NaN,
        "Normalized EBITDA": NaN,
        "Total Unusual Items": NaN,
        "Total Unusual Items Excluding Goodwill": NaN,
        "Net Income From Continuing Operation Net Minority Interest": NaN,
        "Reconciled Depreciation": NaN,
        "Reconciled Cost Of Revenue": NaN,
        "EBITDA": NaN,
        "EBIT": NaN,
        "Net Interest Income": NaN,
        "Interest Expense": NaN,
        "Interest Income": NaN,
        "Normalized Income": NaN,
        "Net Income From Continuing And Discontinued Operation": NaN,
        "Total Expenses": NaN,
        "Diluted Average Shares": 3337000000.0,
        "Basic Average Shares": 3330000000.0,
        "Diluted EPS": -0.21,
        "Basic EPS": -0.21,
        "Diluted NI Availto Com Stockholders": NaN,
        "Net Income Common Stockholders": NaN,
        "Net Income": NaN,
        "Minority Interests": NaN,
        "Net Income Including Noncontrolling Interests": NaN,
        "Net Income Continuous Operations": NaN,
        "Tax Provision": NaN,
        "Pretax Income": NaN,
        "Other Income Expense": NaN,
        "Special Income Charges": NaN,
        "Write Off": NaN,
        "Earnings From Equity Interest": NaN,
        "Gain On Sale Of Security": NaN,
        "Net Non Operating Interest Income Expense": NaN,
        "Interest Expense Non Operating": NaN,
        "Interest Income Non Operating": NaN,
        "Operating Income": NaN,
        "Operating Expense": NaN,
        "Other Operating Expenses": NaN,
        "Research And Development": NaN,
        "Selling General And Administration": NaN,
        "Gross Profit": NaN,
        "Cost Of Revenue": NaN,
        "Total Revenue": NaN,
        "Operating Revenue": NaN
    },
    "2023-03-31": {
        "Tax Effect Of Unusual Items": -160680000.0,
        "Tax Rate For Calcs": 0.26,
        "Normalized EBITDA": 6704000000.0,
        "Total Unusual Items": -618000000.0,
        "Total Unusual Items Excluding Goodwill": -618000000.0,
        "Net Income From Continuing Operation Net Minority Interest": 1516000000.0,
        "Reconciled Depreciation": 3092000000.0,
        "Reconciled Cost Of Revenue": 38385000000.0,
        "EBITDA": 6086000000.0,
        "EBIT": 2994000000.0,
        "Net Interest Income": -348000000.0,
        "Interest Expense": 865000000.0,
        "Interest Income": 517000000.0,
        "Normalized Income": 1973320000.0,
        "Net Income From Continuing And Discontinued Operation": 1516000000.0,
        "Total Expenses": 59448000000.0,
        "Diluted Average Shares": 3334000000.0,
        "Basic Average Shares": 3330000000.0,
        "Diluted EPS": 0.45,
        "Basic EPS": 0.46,
        "Diluted NI Availto Com Stockholders": 1516000000.0,
        "Net Income Common Stockholders": 1516000000.0,
        "Net Income": 1516000000.0,
        "Minority Interests": -59000000.0,
        "Net Income Including Noncontrolling Interests": 1575000000.0,
        "Net Income Continuous Operations": 1575000000.0,
        "Tax Provision": 554000000.0,
        "Pretax Income": 2129000000.0,
        "Other Income Expense": -628000000.0,
        "Special Income Charges": -49000000.0,
        "Write Off": 49000000.0,
        "Earnings From Equity Interest": -10000000.0,
        "Gain On Sale Of Security": -569000000.0,
        "Net Non Operating Interest Income Expense": -348000000.0,
        "Interest Expense Non Operating": 865000000.0,
        "Interest Income Non Operating": 517000000.0,
        "Operating Income": 3105000000.0,
        "Operating Expense": 21063000000.0,
        "Other Operating Expenses": -27000000.0,
        "Research And Development": 11972000000.0,
        "Selling General And Administration": 9118000000.0,
        "Gross Profit": 24168000000.0,
        "Cost Of Revenue": 38385000000.0,
        "Total Revenue": 62553000000.0,
        "Operating Revenue": 62553000000.0
    },
    "2022-12-31": {
        "Tax Effect Of Unusual Items": NaN,
        "Tax Rate For Calcs": NaN,
        "Normalized EBITDA": NaN,
        "Total Unusual Items": NaN,
        "Total Unusual Items Excluding Goodwill": NaN,
        "Net Income From Continuing Operation Net Minority Interest": NaN,
        "Reconciled Depreciation": NaN,
        "Reconciled Cost Of Revenue": NaN,
        "EBITDA": NaN,
        "EBIT": NaN,
        "Net Interest Income": NaN,
        "Interest Expense": NaN,
        "Interest Income": NaN,
        "Normalized Income": NaN,
        "Net Income From Continuing And Discontinued Operation": NaN,
        "Total Expenses": NaN,
        "Diluted Average Shares": NaN,
        "Basic Average Shares": NaN,
        "Diluted EPS": NaN,
        "Basic EPS": NaN,
        "Diluted NI Availto Com Stockholders": NaN,
        "Net Income Common Stockholders": NaN,
        "Net Income": NaN,
        "Minority Interests": NaN,
        "Net Income Including Noncontrolling Interests": NaN,
        "Net Income Continuous Operations": NaN,
        "Tax Provision": NaN,
        "Pretax Income": NaN,
        "Other Income Expense": NaN,
        "Special Income Charges": NaN,
        "Write Off": NaN,
        "Earnings From Equity Interest": NaN,
        "Gain On Sale Of Security": NaN,
        "Net Non Operating Interest Income Expense": NaN,
        "Total Other Finance Cost": -1632000000.0,
        "Interest Expense Non Operating": NaN,
        "Interest Income Non Operating": NaN,
        "Operating Income": NaN,
        "Operating Expense": NaN,
        "Other Operating Expenses": NaN,
        "Research And Development": NaN,
        "Selling General And Administration": NaN,
        "Gross Profit": NaN,
        "Cost Of Revenue": NaN,
        "Total Revenue": NaN,
        "Operating Revenue": NaN
    },
    "2022-09-30": {
        "Tax Effect Of Unusual Items": NaN,
        "Tax Rate For Calcs": NaN,
        "Normalized EBITDA": NaN,
        "Total Unusual Items": NaN,
        "Total Unusual Items Excluding Goodwill": NaN,
        "Net Income From Continuing Operation Net Minority Interest": NaN,
        "Reconciled Depreciation": NaN,
        "Reconciled Cost Of Revenue": NaN,
        "EBITDA": NaN,
        "EBIT": NaN,
        "Net Interest Income": NaN,
        "Interest Expense": NaN,
        "Interest Income": NaN,
        "Normalized Income": NaN,
        "Net Income From Continuing And Discontinued Operation": NaN,
        "Total Expenses": NaN,
        "Diluted Average Shares": NaN,
        "Basic Average Shares": NaN,
        "Diluted EPS": NaN,
        "Basic EPS": NaN,
        "Diluted NI Availto Com Stockholders": NaN,
        "Net Income Common Stockholders": NaN,
        "Net Income": NaN,
        "Minority Interests": NaN,
        "Net Income Including Noncontrolling Interests": NaN,
        "Net Income Continuous Operations": NaN,
        "Tax Provision": NaN,
        "Pretax Income": NaN,
        "Other Income Expense": NaN,
        "Special Income Charges": NaN,
        "Write Off": NaN,
        "Earnings From Equity Interest": NaN,
        "Gain On Sale Of Security": NaN,
        "Net Non Operating Interest Income Expense": NaN,
        "Total Other Finance Cost": 535000000.0,
        "Interest Expense Non Operating": NaN,
        "Interest Income Non Operating": NaN,
        "Operating Income": NaN,
        "Operating Expense": NaN,
        "Other Operating Expenses": NaN,
        "Research And Development": NaN,
        "Selling General And Administration": NaN,
        "Gross Profit": NaN,
        "Cost Of Revenue": NaN,
        "Total Revenue": NaN,
        "Operating Revenue": NaN
    },
    "2022-06-30": {
        "Tax Effect Of Unusual Items": 870000.0,
        "Tax Rate For Calcs": 0.29,
        "Normalized EBITDA": 9548000000.0,
        "Total Unusual Items": 3000000.0,
        "Total Unusual Items Excluding Goodwill": 3000000.0,
        "Net Income From Continuing Operation Net Minority Interest": 4504000000.0,
        "Reconciled Depreciation": 2224000000.0,
        "Reconciled Cost Of Revenue": 36163000000.0,
        "EBITDA": 9551000000.0,
        "EBIT": 7327000000.0,
        "Net Interest Income": -759000000.0,
        "Interest Expense": NaN,
        "Interest Income": NaN,
        "Normalized Income": 4501870000.0,
        "Net Income From Continuing And Discontinued Operation": 4504000000.0,
        "Total Expenses": 55138000000.0,
        "Diluted Average Shares": 3334000000.0,
        "Basic Average Shares": 3330000000.0,
        "Diluted EPS": 1.35,
        "Basic EPS": 1.36,
        "Diluted NI Availto Com Stockholders": 4504000000.0,
        "Net Income Common Stockholders": 4504000000.0,
        "Net Income": 4504000000.0,
        "Minority Interests": -146000000.0,
        "Net Income Including Noncontrolling Interests": 4650000000.0,
        "Net Income Continuous Operations": 4650000000.0,
        "Tax Provision": 1899000000.0,
        "Pretax Income": 6549000000.0,
        "Other Income Expense": -19000000.0,
        "Special Income Charges": 3000000.0,
        "Write Off": -3000000.0,
        "Earnings From Equity Interest": -22000000.0,
        "Gain On Sale Of Security": NaN,
        "Net Non Operating Interest Income Expense": -759000000.0,
        "Total Other Finance Cost": 759000000.0,
        "Interest Expense Non Operating": NaN,
        "Interest Income Non Operating": NaN,
        "Operating Income": 7327000000.0,
        "Operating Expense": 18975000000.0,
        "Other Operating Expenses": -393000000.0,
        "Research And Development": 11496000000.0,
        "Selling General And Administration": 7872000000.0,
        "Gross Profit": 26302000000.0,
        "Cost Of Revenue": 36163000000.0,
        "Total Revenue": 62465000000.0,
        "Operating Revenue": 62465000000.0
    },
    "2022-03-31": {
        "Diluted EPS": 0.1,
        "Total Revenue": NaN,
        "Gross Profit": NaN,
        "Operating Income": 508,
        "EBIT": 738,
        "Net Income": 315
    },
    "2021-12-31": {
        "Diluted EPS": 0.35,
        "Total Revenue": NaN,
        "Gross Profit": NaN,
        "Operating Income": NaN,
        "EBIT": NaN,
        "Net Income": NaN
    },
    "2021-09-30": {
        "Diluted EPS": 0.2,
        "Total Revenue": NaN,
        "Gross Profit": NaN,
        "Operating Income": NaN,
        "EBIT": NaN,
        "Net Income": 666
    },
    "2021-06-30": {
        "Diluted EPS": 0.13,
        "Total Revenue": NaN,
        "Gross Profit": NaN,
        "Operating Income": 692,
        "EBIT": NaN,
        "Net Income": 437
    },
    "2021-03-31": {
        "Diluted EPS": 0.11,
        "Total Revenue": NaN,
        "Gross Profit": NaN,
        "Operating Income": 627,
        "EBIT": NaN,
        "Net Income": 378
    },
    "2020-12-31": {
        "Diluted EPS": 0.25,
        "Total Revenue": NaN,
        "Gross Profit": NaN,
        "Operating Income": NaN,
        "EBIT": NaN,
        "Net Income": 825
    },
    "2020-09-30": {
        "Diluted EPS": 0.18,
        "Total Revenue": NaN,
        "Gross Profit": NaN,
        "Operating Income": 975,
        "EBIT": NaN,
        "Net Income": 604
    },
    "2020-06-30": {
        "Diluted EPS": 0.08,
        "Total Revenue": NaN,
        "Gross Profit": NaN,
        "Operating Income": 398,
        "EBIT": 621,
        "Net Income": 254
    },
    "2020-03-31": {
        "Diluted EPS": 0.07,
        "Total Revenue": NaN,
        "Gross Profit": NaN,
        "Operating Income": 446,
        "EBIT": 666,
        "Net Income": 223
    },
    "2019-12-31": {
        "Diluted EPS": 0.14,
        "Total Revenue": NaN,
        "Gross Profit": NaN,
        "Operating Income": 625,
        "EBIT": 871,
        "Net Income": 452
    },
    "2019-09-30": {
        "Diluted EPS": -0.2,
        "Total Revenue": NaN,
        "Gross Profit": NaN,
        "Operating Income": -438,
        "EBIT": -216,
        "Net Income": -650
    },
    "2019-06-30": {
        "Diluted EPS": 0.05,
        "Total Revenue": NaN,
        "Gross Profit": NaN,
        "Operating Income": 396,
        "EBIT": 630,
        "Net Income": 181
    },
    "2019-03-31": {
        "Diluted EPS": 0.08,
        "Total Revenue": NaN,
        "Gross Profit": NaN,
        "Operating Income": 534,
        "EBIT": 788,
        "Net Income": 253
    },
    "2018-12-31": {
        "Diluted EPS": -0.22,
        "Total Revenue": NaN,
        "Gross Profit": NaN,
        "Operating Income": -200,
        "EBIT": 43,
        "Net Income": -737
    },
    "2018-09-30": {
        "Diluted EPS": 0.09,
        "Total Revenue": NaN,
        "Gross Profit": NaN,
        "Operating Income": 362,
        "EBIT": 559,
        "Net Income": 307
    },
    "2018-06-30": {
        "Diluted EPS": -0.07,
        "Total Revenue": NaN,
        "Gross Profit": NaN,
        "Operating Income": 19,
        "EBIT": 243,
        "Net Income": -218
    },
    "2018-03-31": {
        "Diluted EPS": -0.03,
        "Total Revenue": NaN,
        "Gross Profit": NaN,
        "Operating Income": -39,
        "EBIT": 195,
        "Net Income": -103
    },
    "2017-12-31": {
        "Diluted EPS": -0.69,
        "Total Revenue": NaN,
        "Gross Profit": NaN,
        "Operating Income": NaN,
        "EBIT": NaN,
        "Net Income": NaN
    },
    "2017-09-30": {
        "Diluted EPS": -0.17,
        "Total Revenue": NaN,
        "Gross Profit": NaN,
        "Operating Income": -590,
        "EBIT": -8,
        "Net Income": -548
    },
    "2017-06-30": {
        "Diluted EPS": -0.03,
        "Total Revenue": NaN,
        "Gross Profit": NaN,
        "Operating Income": -140,
        "EBIT": 118,
        "Net Income": -115
    },
    "2017-03-31": {
        "Diluted EPS": -0.37,
        "Total Revenue": NaN,
        "Gross Profit": 722,
        "Operating Income": NaN,
        "EBIT": -774,
        "Net Income": NaN
    },
    "2016-12-31": {
        "Diluted EPS": -0.06,
        "Total Revenue": NaN,
        "Gross Profit": NaN,
        "Operating Income": -52,
        "EBIT": 215,
        "Net Income": -198
    },
    "2016-09-30": {
        "Diluted EPS": -0.01,
        "Total Revenue": NaN,
        "Gross Profit": NaN,
        "Operating Income": 40,
        "EBIT": 301,
        "Net Income": -28
    },
    "2016-06-30": {
        "Diluted EPS": 0.06,
        "Total Revenue": NaN,
        "Gross Profit": NaN,
        "Operating Income": 337,
        "EBIT": 600,
        "Net Income": 193
    },
    "2016-03-31": {
        "Diluted EPS": 0.07,
        "Total Revenue": NaN,
        "Gross Profit": NaN,
        "Operating Income": 411,
        "EBIT": 660,
        "Net Income": 233
    },
    "2015-12-31": {
        "Diluted EPS": 0.25,
        "Total Revenue": NaN,
        "Gross Profit": NaN,
        "Operating Income": NaN,
        "EBIT": NaN,
        "Net Income": 844
    },
    "2015-09-30": {
        "Diluted EPS": 0.11,
        "Total Revenue": NaN,
        "Gross Profit": NaN,
        "Operating Income": 599,
        "EBIT": 881,
        "Net Income": 363
    },
    "2015-06-30": {
        "Diluted EPS": 0.08,
        "Total Revenue": NaN,
        "Gross Profit": NaN,
        "Operating Income": 423,
        "Net Income": 249
    },
    "2015-03-31": {
        "Diluted EPS": 0.05,
        "Total Revenue": NaN,
        "Gross Profit": NaN,
        "Operating Income": -13,
        "EBIT": 309,
        "Net Income": 152
    },
    "2014-12-31": {
        "Diluted EPS": 0.15,
        "Total Revenue": NaN,
        "Gross Profit": NaN,
        "Operating Income": -362,
        "EBIT": 44,
        "Net Income": 507
    },
    "2014-09-30": {
        "Diluted EPS": 0.11,
        "Total Revenue": NaN,
        "Gross Profit": NaN,
        "Operating Income": 175,
        "EBIT": 497,
        "Net Income": 364
    },
    "2014-06-30": {
        "Diluted EPS": 0.12,
        "Total Revenue": NaN,
        "Gross Profit": NaN,
        "Operating Income": 373,
        "EBIT": 731,
        "Net Income": 378
    },
    "2014-03-31": {
        "Diluted EPS": 0.1,
        "Total Revenue": NaN,
        "Gross Profit": NaN,
        "Operating Income": 250,
        "EBIT": 616,
        "Net Income": 321
    },
    "2013-12-31": {
        "Diluted EPS": 0.31,
        "Total Revenue": NaN,
        "Gross Profit": NaN,
        "Operating Income": NaN,
        "EBIT": NaN,
        "Net Income": 995
    },
    "2013-09-30": {
        "Diluted EPS": 0.14,
        "Total Revenue": NaN,
        "Gross Profit": NaN,
        "Operating Income": 897,
        "EBIT": NaN,
        "Net Income": 460
    },
    "2013-06-30": {
        "Diluted EPS": 0.07,
        "Total Revenue": NaN,
        "Gross Profit": NaN,
        "Operating Income": 334,
        "EBIT": 699,
        "Net Income": 223
    },
    "2013-03-31": {
        "Diluted EPS": 0.06,
        "Total Revenue": NaN,
        "Gross Profit": NaN,
        "Operating Income": 140,
        "EBIT": 515,
        "Net Income": 183
    },
    "2012-12-31": {
        "Diluted EPS": -0.31,
        "Total Revenue": NaN,
        "Gross Profit": NaN,
        "Operating Income": 617,
        "EBIT": 990,
        "Net Income": NaN
    },
    "2012-09-30": {
        "Diluted EPS": 0.1,
        "Total Revenue": NaN,
        "Gross Profit": NaN,
        "Operating Income": 598,
        "EBIT": 973,
        "Net Income": 328
    },
    "2012-06-30": {
        "Diluted EPS": 0.05,
        "Total Revenue": NaN,
        "Gross Profit": NaN,
        "Operating Income": 392,
        "EBIT": 730,
        "Net Income": 158
    },
    "2012-03-31": {
        "Diluted EPS": 0.41,
        "Total Revenue": NaN,
        "Gross Profit": NaN,
        "Operating Income": 406,
        "EBIT": 749,
        "Net Income": NaN
    },
    "2011-12-31": {
        "Diluted EPS": 0.05,
        "Total Revenue": NaN,
        "Gross Profit": NaN,
        "Operating Income": 626,
        "EBIT": 997,
        "Net Income": 222
    },
    "2011-09-30": {
        "Diluted EPS": 0.18,
        "Total Revenue": NaN,
        "Gross Profit": NaN,
        "Operating Income": 733,
        "EBIT": NaN,
        "Net Income": 579
    },
    "2011-06-30": {
        "Diluted EPS": 0.15,
        "Total Revenue": NaN,
        "Gross Profit": NaN,
        "Operating Income": 530,
        "EBIT": 890,
        "Net Income": 483
    },
    "2011-03-31": {
        "Diluted EPS": 0.21,
        "Total Revenue": NaN,
        "Gross Profit": NaN,
        "Operating Income": NaN,
        "EBIT": NaN,
        "Net Income": 672
    },
    "2010-12-31": {
        "Diluted EPS": 0.2,
        "Total Revenue": NaN,
        "Gross Profit": NaN,
        "Operating Income": NaN,
        "EBIT": NaN,
        "Net Income": 665
    },
    "2010-09-30": {
        "Diluted EPS": 0.17,
        "Total Revenue": NaN,
        "Gross Profit": NaN,
        "Operating Income": NaN,
        "EBIT": NaN,
        "Net Income": 535
    },
    "2010-06-30": {
        "Diluted EPS": 0.09,
        "Total Revenue": NaN,
        "Gross Profit": NaN,
        "Operating Income": 613,
        "EBIT": 897,
        "Net Income": 276
    },
    "2010-03-31": {
        "Diluted EPS": 0.05,
        "Total Revenue": NaN,
        "Gross Profit": NaN,
        "Operating Income": 266,
        "EBIT": 701,
        "Net Income": 177
    },
    "2009-12-31": {
        "Diluted EPS": 0.01,
        "Total Revenue": NaN,
        "Gross Profit": NaN,
        "Operating Income": 81,
        "EBIT": 553,
        "Net Income": 97
    },
    "2009-09-30": {
        "Diluted EPS": 0.04,
        "Total Revenue": NaN,
        "Gross Profit": NaN,
        "Operating Income": 716,
        "EBIT": NaN,
        "Net Income": 112
    },
    "2009-06-30": {
        "Diluted EPS": 0.04,
        "Total Revenue": NaN,
        "Gross Profit": NaN,
        "Operating Income": 530,
        "EBIT": 938,
        "Net Income": 106
    },
    "2009-03-31": {
        "Diluted EPS": 0.07,
        "Total Revenue": NaN,
        "Gross Profit": NaN,
        "Operating Income": 624,
        "EBIT": 846,
        "Net Income": 227
    },
    "2023-09-30": {
        "Tax Effect Of Unusual Items": -57886000.0,
        "Tax Rate For Calcs": 0.206,
        "Normalized EBITDA": 6579000000.0,
        "Total Unusual Items": -281000000.0,
        "Total Unusual Items Excluding Goodwill": -281000000.0,
        "Net Income From Continuing Operation Net Minority Interest": -30670000000.0,
        "Reconciled Depreciation": 34901000000.0,
        "Reconciled Cost Of Revenue": 39745000000.0,
        "EBITDA": 6298000000.0,
        "EBIT": -28603000000.0,
        "Net Interest Income": -553000000.0,
        "Interest Expense": 1024000000.0,
        "Interest Income": 471000000.0,
        "Normalized Income": -30446886000.0,
        "Net Income From Continuing And Discontinued Operation": -30670000000.0,
        "Total Expenses": 93290000000.0,
        "Diluted Average Shares": 3337000000.0,
        "Basic Average Shares": 3330000000.0,
        "Diluted EPS": -9.21,
        "Basic EPS": -9.21,
        "Diluted NI Availto Com Stockholders": -30670000000.0,
        "Net Income Common Stockholders": -30670000000.0,
        "Net Income": -30670000000.0,
        "Minority Interests": -179000000.0,
        "Net Income Including Noncontrolling Interests": -30491000000.0,
        "Net Income Continuous Operations": -30491000000.0,
        "Tax Provision": 864000000.0,
        "Pretax Income": -29627000000.0,
        "Other Income Expense": -257000000.0,
        "Special Income Charges": -115000000.0,
        "Write Off": 115000000.0,
        "Earnings From Equity Interest": 24000000.0,
        "Gain On Sale Of Security": -166000000.0,
        "Net Non Operating Interest Income Expense": -553000000.0,
        "Interest Expense Non Operating": 1024000000.0,
        "Interest Income Non Operating": 471000000.0,
        "Operating Income": -28817000000.0,
        "Operating Expense": 53545000000.0,
        "Other Operating Expenses": 32031000000.0,
        "Research And Development": 11897000000.0,
        "Selling General And Administration": 9617000000.0,
        "Gross Profit": 24728000000.0,
        "Cost Of Revenue": 39745000000.0,
        "Total Revenue": 64473000000.0,
        "Operating Revenue": 64473000000.0
    },
    "2023-12-31": {
        "Tax Effect Of Unusual Items": -9801132586.558044,
        "Tax Rate For Calcs": 0.305703,
        "Normalized EBITDA": 37403000000.0,
        "Total Unusual Items": -32061000000.0,
        "Total Unusual Items Excluding Goodwill": -32061000000.0,
        "Net Income From Continuing Operation Net Minority Interest": 3394000000.0,
        "Reconciled Depreciation": -29649000000.0,
        "Reconciled Cost Of Revenue": 43276000000.0,
        "EBITDA": 5342000000.0,
        "EBIT": 5342000000.0,
        "Net Interest Income": -833000000.0,
        "Interest Expense": 432000000.0,
        "Interest Income": 270000000.0,
        "Normalized Income": 25653867413.441956,
        "Net Income From Continuing And Discontinued Operation": 3394000000.0,
        "Total Expenses": 34131000000.0,
        "Diluted Average Shares": 3330000000.0,
        "Basic Average Shares": 3330000000.0,
        "Diluted EPS": 1.02,
        "Basic EPS": 1.02,
        "Diluted NI Availto Com Stockholders": 3394000000.0,
        "Net Income Common Stockholders": 3394000000.0,
        "Net Income": 3394000000.0,
        "Minority Interests": -15000000.0,
        "Net Income Including Noncontrolling Interests": 3409000000.0,
        "Net Income Continuous Operations": 3409000000.0,
        "Tax Provision": 1501000000.0,
        "Pretax Income": 4910000000.0,
        "Other Income Expense": -32007000000.0,
        "Special Income Charges": -31671000000.0,
        "Write Off": -209000000.0,
        "Earnings From Equity Interest": 54000000.0,
        "Gain On Sale Of Security": -390000000.0,
        "Net Non Operating Interest Income Expense": -833000000.0,
        "Interest Expense Non Operating": 432000000.0,
        "Interest Income Non Operating": 270000000.0,
        "Operating Income": 37750000000.0,
        "Operating Expense": -9145000000.0,
        "Other Operating Expenses": -32040000000.0,
        "Research And Development": 13018000000.0,
        "Selling General And Administration": 9877000000.0,
        "Gross Profit": 28605000000.0,
        "Cost Of Revenue": 43276000000.0,
        "Total Revenue": 71881000000.0,
        "Operating Revenue": 71881000000.0
    },
    "2024-03-31": {
        "Tax Effect Of Unusual Items": -86800000.0,
        "Tax Rate For Calcs": 0.28,
        "Normalized EBITDA": 7650000000.0,
        "Total Unusual Items": -310000000.0,
        "Total Unusual Items Excluding Goodwill": -310000000.0,
        "Net Income From Continuing Operation Net Minority Interest": 2559000000.0,
        "Reconciled Depreciation": 2612000000.0,
        "Reconciled Cost Of Revenue": 30667000000.0,
        "EBITDA": 7340000000.0,
        "EBIT": 4728000000.0,
        "Net Interest Income": -418000000.0,
        "Interest Expense": 1099000000.0,
        "Interest Income": 681000000.0,
        "Normalized Income": 2782200000.0,
        "Net Income From Continuing And Discontinued Operation": 2559000000.0,
        "Total Expenses": 48954000000.0,
        "Diluted Average Shares": 3335000000.0,
        "Basic Average Shares": 3331000000.0,
        "Diluted EPS": 0.77,
        "Basic EPS": 0.77,
        "Diluted NI Availto Com Stockholders": 2559000000.0,
        "Net Income Common Stockholders": 2559000000.0,
        "Net Income": 2559000000.0,
        "Minority Interests": -54000000.0,
        "Net Income Including Noncontrolling Interests": 2613000000.0,
        "Net Income Continuous Operations": 2613000000.0,
        "Tax Provision": 1016000000.0,
        "Pretax Income": 3629000000.0,
        "Other Income Expense": -324000000.0,
        "Special Income Charges": -257000000.0,
        "Write Off": 257000000.0,
        "Earnings From Equity Interest": -14000000.0,
        "Gain On Sale Of Security": -53000000.0,
        "Net Non Operating Interest Income Expense": -418000000.0,
        "Interest Expense Non Operating": 1099000000.0,
        "Interest Income Non Operating": 681000000.0,
        "Operating Income": 4371000000.0,
        "Operating Expense": 18287000000.0,
        "Other Operating Expenses": -1975000000.0,
        "Research And Development": 11571000000.0,
        "Selling General And Administration": 8691000000.0,
        "Gross Profit": 22658000000.0,
        "Cost Of Revenue": 30667000000.0,
        "Total Revenue": 53325000000.0,
        "Operating Revenue": 53325000000.0
    },
    "2024-09-30": {
        "Tax Effect Of Unusual Items": -41181869.903281,
        "Tax Rate For Calcs": 0.263986,
        "Normalized EBITDA": 8712000000.0,
        "Total Unusual Items": -156000000.0,
        "Total Unusual Items Excluding Goodwill": -156000000.0,
        "Net Income From Continuing Operation Net Minority Interest": 3814000000.0,
        "Reconciled Depreciation": 2292000000.0,
        "Reconciled Cost Of Revenue": 33609000000.0,
        "EBITDA": 8556000000.0,
        "EBIT": 6264000000.0,
        "Net Interest Income": -267000000.0,
        "Interest Expense": 991000000.0,
        "Interest Income": 724000000.0,
        "Normalized Income": 3928818130.096719,
        "Net Income From Continuing And Discontinued Operation": 3814000000.0,
        "Total Expenses": 56125000000.0,
        "Diluted Average Shares": 3339000000.0,
        "Basic Average Shares": 3333000000.0,
        "Diluted EPS": 1.14,
        "Basic EPS": 1.14,
        "Diluted NI Availto Com Stockholders": 3814000000.0,
        "Net Income Common Stockholders": 3814000000.0,
        "Net Income": 3814000000.0,
        "Minority Interests": -67000000.0,
        "Net Income Including Noncontrolling Interests": 3881000000.0,
        "Net Income Continuous Operations": 3881000000.0,
        "Tax Provision": 1392000000.0,
        "Pretax Income": 5273000000.0,
        "Other Income Expense": -129000000.0,
        "Special Income Charges": 78000000.0,
        "Write Off": -78000000.0,
        "Earnings From Equity Interest": 27000000.0,
        "Gain On Sale Of Security": -234000000.0,
        "Net Non Operating Interest Income Expense": -267000000.0,
        "Interest Expense Non Operating": 991000000.0,
        "Interest Income Non Operating": 724000000.0,
        "Operating Income": 5669000000.0,
        "Operating Expense": 22516000000.0,
        "Other Operating Expenses": -4000000.0,
        "Research And Development": 13140000000.0,
        "Selling General And Administration": 9380000000.0,
        "Gross Profit": 28185000000.0,
        "Cost Of Revenue": 33609000000.0,
        "Total Revenue": 61794000000.0,
        "Operating Revenue": 61794000000.0
    },
    "2024-12-31": {
        "Tax Effect Of Unusual Items": -451848288.621647,
        "Tax Rate For Calcs": 0.355227,
        "Normalized EBITDA": 9274000000.0,
        "Total Unusual Items": -1272000000.0,
        "Total Unusual Items Excluding Goodwill": -1272000000.0,
        "Net Income From Continuing Operation Net Minority Interest": 4779000000.0,
        "Reconciled Depreciation": -12899000000.0,
        "Reconciled Cost Of Revenue": 40206000000.0,
        "EBITDA": 8002000000.0,
        "EBIT": 8002000000.0,
        "Net Interest Income": -534000000.0,
        "Interest Expense": 435000000.0,
        "Interest Income": -170000000.0,
        "Normalized Income": 5599151711.378353,
        "Net Income From Continuing And Discontinued Operation": 4779000000.0,
        "Total Expenses": 63232000000.0,
        "Diluted Average Shares": 3333000000.0,
        "Basic Average Shares": 3333000000.0,
        "Diluted EPS": 1.44,
        "Basic EPS": 1.44,
        "Diluted NI Availto Com Stockholders": 4779000000.0,
        "Net Income Common Stockholders": 4779000000.0,
        "Net Income": 4779000000.0,
        "Minority Interests": -100000000.0,
        "Net Income Including Noncontrolling Interests": 4879000000.0,
        "Net Income Continuous Operations": 4879000000.0,
        "Tax Provision": 2688000000.0,
        "Pretax Income": 7567000000.0,
        "Other Income Expense": -1580000000.0,
        "Special Income Charges": -1270000000.0,
        "Write Off": 2000000.0,
        "Earnings From Equity Interest": -308000000.0,
        "Gain On Sale Of Security": -2000000.0,
        "Net Non Operating Interest Income Expense": -534000000.0,
        "Interest Expense Non Operating": 435000000.0,
        "Interest Income Non Operating": -170000000.0,
        "Operating Income": 9681000000.0,
        "Operating Expense": 23026000000.0,
        "Other Operating Expenses": -1363000000.0,
        "Research And Development": 13877000000.0,
        "Selling General And Administration": 10512000000.0,
        "Gross Profit": 32707000000.0,
        "Cost Of Revenue": 40206000000.0,
        "Total Revenue": 72913000000.0,
        "Operating Revenue": 72913000000.0
    },
    "2025-03-31": {
        "Tax Effect Of Unusual Items": 40320000.0,
        "Tax Rate For Calcs": 0.28,
        "Normalized EBITDA": 9268000000.0,
        "Total Unusual Items": 144000000.0,
        "Total Unusual Items Excluding Goodwill": 144000000.0,
        "Net Income From Continuing Operation Net Minority Interest": 4149000000.0,
        "Reconciled Depreciation": 2750000000.0,
        "Reconciled Cost Of Revenue": 28488000000.0,
        "EBITDA": 9412000000.0,
        "EBIT": 6662000000.0,
        "Net Interest Income": -186000000.0,
        "Interest Expense": 805000000.0,
        "Interest Income": 619000000.0,
        "Normalized Income": 4045320000.0,
        "Net Income From Continuing And Discontinued Operation": 4149000000.0,
        "Total Expenses": 49133000000.0,
        "Diluted Average Shares": 3340000000.0,
        "Basic Average Shares": 3333000000.0,
        "Diluted EPS": 1.24,
        "Basic EPS": 1.25,
        "Diluted NI Availto Com Stockholders": 4149000000.0,
        "Net Income Common Stockholders": 4149000000.0,
        "Net Income": 4149000000.0,
        "Minority Interests": -68000000.0,
        "Net Income Including Noncontrolling Interests": 4217000000.0,
        "Net Income Continuous Operations": 4217000000.0,
        "Tax Provision": 1640000000.0,
        "Pretax Income": 5857000000.0,
        "Other Income Expense": 151000000.0,
        "Special Income Charges": 32000000.0,
        "Write Off": -32000000.0,
        "Earnings From Equity Interest": 7000000.0,
        "Gain On Sale Of Security": 112000000.0,
        "Net Non Operating Interest Income Expense": -186000000.0,
        "Interest Expense Non Operating": 805000000.0,
        "Interest Income Non Operating": 619000000.0,
        "Operating Income": 5892000000.0,
        "Operating Expense": 20645000000.0,
        "Other Operating Expenses": -8000000.0,
        "Research And Development": 12032000000.0,
        "Selling General And Administration": 8621000000.0,
        "Gross Profit": 26537000000.0,
        "Cost Of Revenue": 28488000000.0,
        "Total Revenue": 55025000000.0,
        "Operating Revenue": 55025000000.0
    },
    "2024-06-30": {
        "Tax Effect Of Unusual Items": -2917736330.235574,
        "Tax Rate For Calcs": 0.20755,
        "Normalized EBITDA": 19221000000.0,
        "Total Unusual Items": -14058000000.0,
        "Total Unusual Items Excluding Goodwill": -14058000000.0,
        "Net Income From Continuing Operation Net Minority Interest": -11132000000.0,
        "Reconciled Depreciation": 18015000000.0,
        "Reconciled Cost Of Revenue": 34033000000.0,
        "EBITDA": 5163000000.0,
        "EBIT": -12852000000.0,
        "Net Interest Income": -287000000.0,
        "Interest Expense": 1029000000.0,
        "Interest Income": 742000000.0,
        "Normalized Income": 8263669.764426,
        "Net Income From Continuing And Discontinued Operation": -11132000000.0,
        "Total Expenses": 59433000000.0,
        "Diluted Average Shares": 3339000000.0,
        "Basic Average Shares": 3332000000.0,
        "Diluted EPS": -3.34,
        "Basic EPS": -3.34,
        "Diluted NI Availto Com Stockholders": -11132000000.0,
        "Net Income Common Stockholders": -11132000000.0,
        "Net Income": -11132000000.0,
        "Minority Interests": -133000000.0,
        "Net Income Including Noncontrolling Interests": -10999000000.0,
        "Net Income Continuous Operations": -11000000000.0,
        "Tax Provision": -2881000000.0,
        "Pretax Income": -13881000000.0,
        "Other Income Expense": -14009000000.0,
        "Special Income Charges": -13984000000.0,
        "Write Off": 84000000.0,
        "Impairment Of Capital Assets": 13900000000.0,
        "Earnings From Equity Interest": 49000000.0,
        "Gain On Sale Of Security": -74000000.0,
        "Net Non Operating Interest Income Expense": -287000000.0,
        "Interest Expense Non Operating": 1029000000.0,
        "Interest Income Non Operating": 742000000.0,
        "Operating Income": 415000000.0,
        "Operating Expense": 25400000000.0,
        "Other Operating Expenses": NaN,
        "Research And Development": 14926000000.0,
        "Selling General And Administration": 10474000000.0,
        "Gross Profit": 25815000000.0,
        "Cost Of Revenue": 34033000000.0,
        "Total Revenue": 59848000000.0,
        "Operating Revenue": 59848000000.0
    }
}