{
    "2023-03-31": {
        "Tax Effect Of Unusual Items": NaN,
        "Tax Rate For Calcs": NaN,
        "Normalized EBITDA": NaN,
        "Total Unusual Items": NaN,
        "Total Unusual Items Excluding Goodwill": NaN,
        "Net Income From Continuing Operation Net Minority Interest": NaN,
        "Reconciled Depreciation": NaN,
        "Reconciled Cost Of Revenue": NaN,
        "EBITDA": NaN,
        "EBIT": NaN,
        "Net Interest Income": NaN,
        "Interest Expense": NaN,
        "Interest Income": 1000.0,
        "Normalized Income": NaN,
        "Net Income From Continuing And Discontinued Operation": NaN,
        "Total Expenses": NaN,
        "Rent Expense Supplemental": NaN,
        "Total Operating Income As Reported": NaN,
        "Diluted Average Shares": NaN,
        "Basic Average Shares": NaN,
        "Diluted EPS": NaN,
        "Basic EPS": NaN,
        "Diluted NI Availto Com Stockholders": NaN,
        "Net Income Common Stockholders": NaN,
        "Preferred Stock Dividends": NaN,
        "Net Income": NaN,
        "Net Income Including Noncontrolling Interests": NaN,
        "Net Income Continuous Operations": NaN,
        "Tax Provision": NaN,
        "Pretax Income": NaN,
        "Other Income Expense": NaN,
        "Other Non Operating Income Expenses": -1000.0,
        "Special Income Charges": NaN,
        "Gain On Sale Of Ppe": NaN,
        "Other Special Charges": NaN,
        "Write Off": NaN,
        "Impairment Of Capital Assets": NaN,
        "Restructuring And Mergern Acquisition": NaN,
        "Earnings From Equity Interest": -51000.0,
        "Gain On Sale Of Security": NaN,
        "Net Non Operating Interest Income Expense": NaN,
        "Interest Expense Non Operating": NaN,
        "Interest Income Non Operating": 1000.0,
        "Operating Income": NaN,
        "Operating Expense": NaN,
        "Other Operating Expenses": 50000.0,
        "Research And Development": NaN,
        "Selling General And Administration": NaN,
        "General And Administrative Expense": NaN,
        "Other Gand A": NaN,
        "Insurance And Claims": NaN,
        "Rent And Landing Fees": NaN,
        "Salaries And Wages": NaN,
        "Gross Profit": NaN,
        "Cost Of Revenue": NaN,
        "Total Revenue": NaN,
        "Operating Revenue": NaN
    },
    "2022-12-31": {
        "Tax Effect Of Unusual Items": NaN,
        "Tax Rate For Calcs": NaN,
        "Normalized EBITDA": NaN,
        "Total Unusual Items": NaN,
        "Total Unusual Items Excluding Goodwill": NaN,
        "Net Income From Continuing Operation Net Minority Interest": NaN,
        "Reconciled Depreciation": NaN,
        "Reconciled Cost Of Revenue": NaN,
        "EBITDA": NaN,
        "EBIT": NaN,
        "Net Interest Income": NaN,
        "Interest Expense": 6000.0,
        "Interest Income": NaN,
        "Normalized Income": NaN,
        "Net Income From Continuing And Discontinued Operation": NaN,
        "Total Expenses": NaN,
        "Rent Expense Supplemental": NaN,
        "Total Operating Income As Reported": NaN,
        "Diluted Average Shares": NaN,
        "Basic Average Shares": NaN,
        "Diluted EPS": NaN,
        "Basic EPS": NaN,
        "Diluted NI Availto Com Stockholders": NaN,
        "Net Income Common Stockholders": NaN,
        "Preferred Stock Dividends": 8000.0,
        "Net Income": NaN,
        "Net Income Including Noncontrolling Interests": NaN,
        "Net Income Continuous Operations": NaN,
        "Tax Provision": NaN,
        "Pretax Income": NaN,
        "Other Income Expense": NaN,
        "Other Non Operating Income Expenses": 1000.0,
        "Special Income Charges": 923000.0,
        "Gain On Sale Of Ppe": 151000.0,
        "Other Special Charges": NaN,
        "Write Off": NaN,
        "Impairment Of Capital Assets": NaN,
        "Restructuring And Mergern Acquisition": -5990000.0,
        "Earnings From Equity Interest": NaN,
        "Gain On Sale Of Security": NaN,
        "Net Non Operating Interest Income Expense": NaN,
        "Interest Expense Non Operating": 6000.0,
        "Interest Income Non Operating": NaN,
        "Operating Income": NaN,
        "Operating Expense": NaN,
        "Other Operating Expenses": NaN,
        "Research And Development": NaN,
        "Selling General And Administration": NaN,
        "General And Administrative Expense": NaN,
        "Other Gand A": NaN,
        "Insurance And Claims": NaN,
        "Rent And Landing Fees": NaN,
        "Salaries And Wages": NaN,
        "Gross Profit": NaN,
        "Cost Of Revenue": NaN,
        "Total Revenue": NaN,
        "Operating Revenue": NaN
    },
    "2022-09-30": {
        "Tax Effect Of Unusual Items": NaN,
        "Tax Rate For Calcs": NaN,
        "Normalized EBITDA": NaN,
        "Total Unusual Items": NaN,
        "Total Unusual Items Excluding Goodwill": NaN,
        "Net Income From Continuing Operation Net Minority Interest": NaN,
        "Reconciled Depreciation": NaN,
        "Reconciled Cost Of Revenue": 0.0,
        "EBITDA": NaN,
        "EBIT": NaN,
        "Net Interest Income": NaN,
        "Interest Expense": 10000.0,
        "Interest Income": NaN,
        "Normalized Income": NaN,
        "Net Income From Continuing And Discontinued Operation": NaN,
        "Total Expenses": NaN,
        "Rent Expense Supplemental": NaN,
        "Total Operating Income As Reported": NaN,
        "Diluted Average Shares": NaN,
        "Basic Average Shares": NaN,
        "Diluted EPS": NaN,
        "Basic EPS": NaN,
        "Diluted NI Availto Com Stockholders": NaN,
        "Net Income Common Stockholders": NaN,
        "Preferred Stock Dividends": NaN,
        "Net Income": NaN,
        "Net Income Including Noncontrolling Interests": NaN,
        "Net Income Continuous Operations": NaN,
        "Tax Provision": NaN,
        "Pretax Income": NaN,
        "Other Income Expense": NaN,
        "Other Non Operating Income Expenses": NaN,
        "Special Income Charges": 0.0,
        "Gain On Sale Of Ppe": -156000.0,
        "Other Special Charges": NaN,
        "Write Off": 0.0,
        "Impairment Of Capital Assets": NaN,
        "Restructuring And Mergern Acquisition": 0.0,
        "Earnings From Equity Interest": NaN,
        "Gain On Sale Of Security": NaN,
        "Net Non Operating Interest Income Expense": NaN,
        "Interest Expense Non Operating": 10000.0,
        "Interest Income Non Operating": NaN,
        "Operating Income": NaN,
        "Operating Expense": NaN,
        "Other Operating Expenses": NaN,
        "Research And Development": NaN,
        "Selling General And Administration": NaN,
        "General And Administrative Expense": NaN,
        "Other Gand A": NaN,
        "Insurance And Claims": NaN,
        "Rent And Landing Fees": NaN,
        "Salaries And Wages": NaN,
        "Gross Profit": 0.0,
        "Cost Of Revenue": 0.0,
        "Total Revenue": NaN,
        "Operating Revenue": NaN
    },
    "2022-06-30": {
        "Tax Effect Of Unusual Items": 0.0,
        "Tax Rate For Calcs": 0.0,
        "Normalized EBITDA": -6967000.0,
        "Total Unusual Items": 3734000.0,
        "Total Unusual Items Excluding Goodwill": 3734000.0,
        "Net Income From Continuing Operation Net Minority Interest": -3398000.0,
        "Reconciled Depreciation": 152000.0,
        "EBITDA": -3233000.0,
        "EBIT": -3385000.0,
        "Net Interest Income": -13000.0,
        "Interest Expense": 13000.0,
        "Interest Income": NaN,
        "Normalized Income": -7132000.0,
        "Net Income From Continuing And Discontinued Operation": -3398000.0,
        "Total Expenses": 7118000.0,
        "Rent Expense Supplemental": NaN,
        "Total Operating Income As Reported": -13880000.0,
        "Diluted Average Shares": 2940000.0,
        "Basic Average Shares": 2940000.0,
        "Diluted EPS": -1.16,
        "Basic EPS": -1.16,
        "Diluted NI Availto Com Stockholders": -3406000.0,
        "Net Income Common Stockholders": -3406000.0,
        "Preferred Stock Dividends": 8000.0,
        "Net Income": -3398000.0,
        "Net Income Including Noncontrolling Interests": -3398000.0,
        "Net Income Continuous Operations": -3398000.0,
        "Tax Provision": NaN,
        "Pretax Income": -3398000.0,
        "Other Income Expense": 3733000.0,
        "Other Non Operating Income Expenses": -1000.0,
        "Special Income Charges": -6762000.0,
        "Gain On Sale Of Ppe": 0.0,
        "Other Special Charges": NaN,
        "Write Off": 5990000.0,
        "Impairment Of Capital Assets": 772000.0,
        "Restructuring And Mergern Acquisition": 0.0,
        "Earnings From Equity Interest": NaN,
        "Gain On Sale Of Security": 10496000.0,
        "Net Non Operating Interest Income Expense": -13000.0,
        "Interest Expense Non Operating": 13000.0,
        "Interest Income Non Operating": NaN,
        "Operating Income": -7118000.0,
        "Operating Expense": 7118000.0,
        "Other Operating Expenses": NaN,
        "Research And Development": 1685000.0,
        "Selling General And Administration": 5433000.0,
        "General And Administrative Expense": 5433000.0,
        "Other Gand A": 2964000.0,
        "Insurance And Claims": 527000.0,
        "Rent And Landing Fees": NaN,
        "Salaries And Wages": 1942000.0,
        "Total Revenue": 0.0,
        "Operating Revenue": 0.0
    },
    "2022-03-31": {
        "Diluted EPS": -3.5,
        "Total Revenue": NaN,
        "Gross Profit": NaN,
        "Operating Income": -6,
        "EBIT": -6,
        "Net Income": -9
    },
    "2021-12-31": {
        "Diluted EPS": -4.38,
        "Total Revenue": NaN,
        "Gross Profit": NaN,
        "Operating Income": -9,
        "EBIT": -8,
        "Net Income": -8
    },
    "2021-09-30": {
        "Diluted EPS": -34.03,
        "Total Revenue": NaN,
        "Gross Profit": NaN,
        "Operating Income": -86,
        "EBIT": -86,
        "Net Income": -86
    },
    "2021-06-30": {
        "Diluted EPS": -4.8,
        "Total Revenue": NaN,
        "Gross Profit": NaN,
        "Operating Income": -10,
        "EBIT": -10,
        "Net Income": -10
    },
    "2021-03-31": {
        "Diluted EPS": -13.4,
        "Total Revenue": NaN,
        "Gross Profit": NaN,
        "Operating Income": -9,
        "EBIT": -9,
        "Net Income": -19
    },
    "2020-12-31": {
        "Diluted EPS": -2.4,
        "Total Revenue": NaN,
        "Gross Profit": NaN,
        "Operating Income": -2,
        "EBIT": -2,
        "Net Income": -2
    },
    "2020-09-30": {
        "Diluted EPS": -2.2,
        "Total Revenue": NaN,
        "Gross Profit": NaN,
        "Operating Income": -2,
        "EBIT": -2,
        "Net Income": -2
    },
    "2020-06-30": {
        "Diluted EPS": -2.4,
        "Total Revenue": NaN,
        "Gross Profit": NaN,
        "Operating Income": -2,
        "EBIT": -2,
        "Net Income": -2
    },
    "2020-03-31": {
        "Diluted EPS": -1.2,
        "Total Revenue": NaN,
        "Gross Profit": NaN,
        "Operating Income": -1,
        "EBIT": -1,
        "Net Income": -1
    },
    "2019-12-31": {
        "Diluted EPS": -18.4,
        "Total Revenue": 5,
        "Gross Profit": 2,
        "Operating Income": -1,
        "EBIT": 0,
        "Net Income": -1
    },
    "2019-09-30": {
        "Diluted EPS": -4.8,
        "Total Revenue": 5,
        "Gross Profit": 3,
        "Operating Income": 0,
        "EBIT": 1,
        "Net Income": 0
    },
    "2019-06-30": {
        "Diluted EPS": -1.2,
        "Total Revenue": 5,
        "Gross Profit": 4,
        "Operating Income": 0,
        "EBIT": 1,
        "Net Income": 0
    },
    "2019-03-31": {
        "Diluted EPS": -4.4,
        "Total Revenue": 5,
        "Gross Profit": 3,
        "Operating Income": 0,
        "EBIT": 1,
        "Net Income": 0
    },
    "2018-12-31": {
        "Diluted EPS": 1.2,
        "Total Revenue": 6,
        "Gross Profit": 4,
        "Operating Income": 0,
        "EBIT": 1,
        "Net Income": 0
    },
    "2018-09-30": {
        "Diluted EPS": 3.2,
        "Total Revenue": 6,
        "Gross Profit": 4,
        "Operating Income": 0,
        "EBIT": 1,
        "Net Income": 0
    },
    "2018-06-30": {
        "Diluted EPS": -2.0,
        "Total Revenue": 6,
        "Gross Profit": 4,
        "Operating Income": 0,
        "EBIT": 1,
        "Net Income": 0
    },
    "2018-03-31": {
        "Diluted EPS": -6.4,
        "Total Revenue": 6,
        "Gross Profit": 4,
        "Operating Income": 0,
        "EBIT": 0,
        "Net Income": 0
    },
    "2017-12-31": {
        "Diluted EPS": -10.8,
        "Total Revenue": 5,
        "Gross Profit": 4,
        "Operating Income": 0,
        "EBIT": 0,
        "Net Income": -1
    },
    "2017-09-30": {
        "Diluted EPS": -2.8,
        "Total Revenue": 5,
        "Gross Profit": 4,
        "Operating Income": 0,
        "EBIT": 1,
        "Net Income": 0
    },
    "2017-06-30": {
        "Diluted EPS": -2.8,
        "Total Revenue": 6,
        "Gross Profit": 4,
        "Operating Income": 0,
        "EBIT": 1,
        "Net Income": 0
    },
    "2017-03-31": {
        "Diluted EPS": -1.6,
        "Total Revenue": 5,
        "Gross Profit": 3,
        "Operating Income": -1,
        "EBIT": 0,
        "Net Income": 0
    },
    "2016-12-31": {
        "Diluted EPS": -8.0,
        "Total Revenue": 6,
        "Gross Profit": 4,
        "Operating Income": 0,
        "EBIT": 0,
        "Net Income": 0
    },
    "2016-09-30": {
        "Diluted EPS": -12.4,
        "Total Revenue": 5,
        "Gross Profit": 4,
        "Operating Income": 0,
        "EBIT": 0,
        "Net Income": -1
    },
    "2016-06-30": {
        "Diluted EPS": -18.4,
        "Total Revenue": 5,
        "Gross Profit": 4,
        "Operating Income": -1,
        "EBIT": 0,
        "Net Income": -1
    },
    "2016-03-31": {
        "Diluted EPS": -22.8,
        "Total Revenue": 5,
        "Gross Profit": 3,
        "Operating Income": -1,
        "EBIT": 0,
        "Net Income": -1
    },
    "2015-12-31": {
        "Diluted EPS": -30.8,
        "Total Revenue": 7,
        "Gross Profit": 3,
        "Operating Income": -1,
        "EBIT": 0,
        "Net Income": -1
    },
    "2015-09-30": {
        "Diluted EPS": -29.2,
        "Total Revenue": 6,
        "Gross Profit": 3,
        "Operating Income": -1,
        "EBIT": -1,
        "Net Income": -1
    },
    "2015-06-30": {
        "Diluted EPS": -57.2,
        "Total Revenue": 6,
        "Gross Profit": 3,
        "Operating Income": -2,
        "EBIT": -2,
        "Net Income": -3
    },
    "2015-03-31": {
        "Diluted EPS": -40.0,
        "Total Revenue": 6,
        "Gross Profit": 3,
        "Operating Income": -2,
        "EBIT": -2,
        "Net Income": -2
    },
    "2014-12-31": {
        "Diluted EPS": -40.0,
        "Total Revenue": 7,
        "Gross Profit": 3,
        "Operating Income": -2,
        "EBIT": -1,
        "Net Income": -2
    },
    "2014-09-30": {
        "Diluted EPS": -20.0,
        "Total Revenue": 6,
        "Gross Profit": 4,
        "Operating Income": -1,
        "EBIT": -1,
        "Net Income": -1
    },
    "2014-06-30": {
        "Diluted EPS": -40.0,
        "Total Revenue": 7,
        "Gross Profit": 4,
        "Operating Income": -1,
        "EBIT": -1,
        "Net Income": -1
    },
    "2014-03-31": {
        "Diluted EPS": -20.0,
        "Total Revenue": 6,
        "Gross Profit": 4,
        "Operating Income": -1,
        "EBIT": 0,
        "Net Income": -1
    },
    "2013-12-31": {
        "Diluted EPS": 0.0,
        "Total Revenue": 7,
        "Gross Profit": 4,
        "Operating Income": 0,
        "EBIT": 0,
        "Net Income": 0
    },
    "2013-09-30": {
        "Diluted EPS": 0.0,
        "Total Revenue": 6,
        "Gross Profit": 4,
        "Operating Income": 0,
        "EBIT": 0,
        "Net Income": 0
    },
    "2013-06-30": {
        "Diluted EPS": 0.0,
        "Total Revenue": 6,
        "Gross Profit": 4,
        "Operating Income": 0,
        "EBIT": 1,
        "Net Income": 0
    },
    "2013-03-31": {
        "Diluted EPS": -20.0,
        "Total Revenue": 6,
        "Gross Profit": 4,
        "Operating Income": 0,
        "EBIT": 0,
        "Net Income": 0
    },
    "2012-12-31": {
        "Diluted EPS": 40.0,
        "Total Revenue": 6,
        "Gross Profit": 4,
        "Operating Income": 0,
        "EBIT": 1,
        "Net Income": 1
    },
    "2012-09-30": {
        "Diluted EPS": 0.0,
        "Total Revenue": 6,
        "Gross Profit": 5,
        "Operating Income": 0,
        "EBIT": 1,
        "Net Income": 0
    },
    "2012-06-30": {
        "Diluted EPS": -20.0,
        "Total Revenue": 6,
        "Gross Profit": 4,
        "Operating Income": -1,
        "EBIT": 0,
        "Net Income": -1
    },
    "2012-03-31": {
        "Diluted EPS": -40.0,
        "Total Revenue": 6,
        "Gross Profit": 4,
        "Operating Income": -1,
        "EBIT": 0,
        "Net Income": -1
    },
    "2011-12-31": {
        "Diluted EPS": -40.0,
        "Total Revenue": 6,
        "Gross Profit": 5,
        "Operating Income": -1,
        "EBIT": 0,
        "Net Income": -1
    },
    "2011-09-30": {
        "Diluted EPS": -20.0,
        "Total Revenue": 6,
        "Gross Profit": 5,
        "Operating Income": -1,
        "EBIT": 0,
        "Net Income": -1
    },
    "2011-06-30": {
        "Diluted EPS": -40.0,
        "Total Revenue": 6,
        "Gross Profit": 4,
        "Operating Income": -1,
        "EBIT": 0,
        "Net Income": -1
    },
    "2011-03-31": {
        "Diluted EPS": -20.0,
        "Total Revenue": 6,
        "Gross Profit": 4,
        "Operating Income": -1,
        "EBIT": 0,
        "Net Income": -1
    },
    "2010-12-31": {
        "Diluted EPS": 20.0,
        "Total Revenue": 6,
        "Gross Profit": 5,
        "Operating Income": 0,
        "EBIT": 1,
        "Net Income": 0
    },
    "2010-09-30": {
        "Diluted EPS": 0.0,
        "Total Revenue": 7,
        "Gross Profit": 5,
        "Operating Income": 0,
        "EBIT": 1,
        "Net Income": 0
    },
    "2010-06-30": {
        "Diluted EPS": -20.0,
        "Total Revenue": 6,
        "Gross Profit": 5,
        "Operating Income": 0,
        "EBIT": 0,
        "Net Income": 0
    },
    "2010-03-31": {
        "Diluted EPS": -20.0,
        "Total Revenue": 6,
        "Gross Profit": 5,
        "Operating Income": 0,
        "EBIT": 0,
        "Net Income": 0
    },
    "2009-12-31": {
        "Diluted EPS": -40.0,
        "Total Revenue": 7,
        "Gross Profit": 5,
        "Operating Income": 0,
        "EBIT": 1,
        "Net Income": 0
    },
    "2009-09-30": {
        "Diluted EPS": -20.0,
        "Total Revenue": 7,
        "Gross Profit": 5,
        "Operating Income": -1,
        "EBIT": 0,
        "Net Income": -1
    },
    "2009-06-30": {
        "Diluted EPS": 0.0,
        "Total Revenue": 6,
        "Gross Profit": 5,
        "Operating Income": 0,
        "EBIT": 0,
        "Net Income": 0
    },
    "2009-03-31": {
        "Diluted EPS": 0.0,
        "Total Revenue": 6,
        "Gross Profit": 5,
        "Operating Income": 0,
        "EBIT": 0,
        "Net Income": 0
    },
    "2023-06-30": {
        "Tax Effect Of Unusual Items": NaN,
        "Tax Rate For Calcs": NaN,
        "Normalized EBITDA": NaN,
        "Total Unusual Items": NaN,
        "Total Unusual Items Excluding Goodwill": NaN,
        "Net Income From Continuing Operation Net Minority Interest": NaN,
        "Reconciled Depreciation": NaN,
        "Reconciled Cost Of Revenue": NaN,
        "EBITDA": NaN,
        "EBIT": NaN,
        "Net Interest Income": NaN,
        "Interest Expense": NaN,
        "Interest Income": 24000.0,
        "Normalized Income": NaN,
        "Net Income From Continuing And Discontinued Operation": NaN,
        "Total Expenses": NaN,
        "Rent Expense Supplemental": NaN,
        "Total Operating Income As Reported": NaN,
        "Diluted Average Shares": 5303000.0,
        "Basic Average Shares": 5303000.0,
        "Diluted EPS": -0.85,
        "Basic EPS": -0.85,
        "Diluted NI Availto Com Stockholders": NaN,
        "Net Income Common Stockholders": NaN,
        "Preferred Stock Dividends": 8000.0,
        "Net Income": NaN,
        "Net Income Including Noncontrolling Interests": NaN,
        "Net Income Continuous Operations": NaN,
        "Tax Provision": NaN,
        "Pretax Income": NaN,
        "Other Income Expense": NaN,
        "Other Non Operating Income Expenses": -280000.0,
        "Special Income Charges": NaN,
        "Gain On Sale Of Ppe": NaN,
        "Other Special Charges": 460000.0,
        "Write Off": 0.0,
        "Impairment Of Capital Assets": 0.0,
        "Restructuring And Mergern Acquisition": NaN,
        "Earnings From Equity Interest": NaN,
        "Gain On Sale Of Security": NaN,
        "Net Non Operating Interest Income Expense": NaN,
        "Interest Expense Non Operating": NaN,
        "Interest Income Non Operating": 24000.0,
        "Operating Income": NaN,
        "Operating Expense": NaN,
        "Research And Development": NaN,
        "Selling General And Administration": NaN,
        "General And Administrative Expense": NaN,
        "Other Gand A": NaN,
        "Insurance And Claims": NaN,
        "Rent And Landing Fees": NaN,
        "Salaries And Wages": NaN,
        "Gross Profit": NaN,
        "Cost Of Revenue": NaN,
        "Total Revenue": NaN,
        "Operating Revenue": NaN
    },
    "2023-09-30": {
        "Tax Effect Of Unusual Items": NaN,
        "Tax Rate For Calcs": NaN,
        "Normalized EBITDA": NaN,
        "Total Unusual Items": NaN,
        "Total Unusual Items Excluding Goodwill": NaN,
        "Net Income From Continuing Operation Net Minority Interest": NaN,
        "Reconciled Depreciation": NaN,
        "Reconciled Cost Of Revenue": NaN,
        "EBITDA": NaN,
        "EBIT": NaN,
        "Net Interest Income": NaN,
        "Interest Expense": NaN,
        "Normalized Income": NaN,
        "Net Income From Continuing And Discontinued Operation": NaN,
        "Total Expenses": NaN,
        "Rent Expense Supplemental": NaN,
        "Total Operating Income As Reported": NaN,
        "Diluted Average Shares": 5410000.0,
        "Basic Average Shares": 5410000.0,
        "Diluted EPS": -1.03,
        "Basic EPS": -1.03,
        "Diluted NI Availto Com Stockholders": NaN,
        "Net Income Common Stockholders": NaN,
        "Preferred Stock Dividends": NaN,
        "Net Income": NaN,
        "Net Income Including Noncontrolling Interests": NaN,
        "Net Income Continuous Operations": NaN,
        "Tax Provision": NaN,
        "Pretax Income": NaN,
        "Other Income Expense": NaN,
        "Other Non Operating Income Expenses": -1000.0,
        "Special Income Charges": 0.0,
        "Gain On Sale Of Ppe": NaN,
        "Other Special Charges": NaN,
        "Write Off": 0.0,
        "Restructuring And Mergern Acquisition": 0.0,
        "Earnings From Equity Interest": NaN,
        "Gain On Sale Of Security": NaN,
        "Net Non Operating Interest Income Expense": NaN,
        "Interest Expense Non Operating": NaN,
        "Operating Income": NaN,
        "Operating Expense": NaN,
        "Research And Development": NaN,
        "Selling General And Administration": NaN,
        "General And Administrative Expense": NaN,
        "Other Gand A": NaN,
        "Insurance And Claims": NaN,
        "Rent And Landing Fees": NaN,
        "Salaries And Wages": NaN,
        "Gross Profit": NaN,
        "Cost Of Revenue": NaN,
        "Total Revenue": NaN,
        "Operating Revenue": NaN
    },
    "2023-12-31": {
        "Tax Effect Of Unusual Items": 31.833685,
        "Tax Rate For Calcs": 0.00065,
        "Normalized EBITDA": -5199000.0,
        "Total Unusual Items": 49000.0,
        "Total Unusual Items Excluding Goodwill": 49000.0,
        "Net Income From Continuing Operation Net Minority Interest": -6153000.0,
        "Reconciled Depreciation": 481000.0,
        "Reconciled Cost Of Revenue": 66000.0,
        "EBITDA": -5150000.0,
        "EBIT": -5631000.0,
        "Net Interest Income": -388000.0,
        "Interest Expense": 526000.0,
        "Normalized Income": -6201968.166315,
        "Net Income From Continuing And Discontinued Operation": -6153000.0,
        "Total Expenses": 5782000.0,
        "Rent Expense Supplemental": 1700000.0,
        "Total Operating Income As Reported": -5765000.0,
        "Diluted Average Shares": NaN,
        "Basic Average Shares": NaN,
        "Diluted EPS": NaN,
        "Basic EPS": NaN,
        "Diluted NI Availto Com Stockholders": -6161000.0,
        "Net Income Common Stockholders": -6161000.0,
        "Preferred Stock Dividends": 8000.0,
        "Net Income": -6153000.0,
        "Net Income Including Noncontrolling Interests": -6153000.0,
        "Net Income Continuous Operations": -6153000.0,
        "Tax Provision": -4000.0,
        "Pretax Income": -6157000.0,
        "Other Income Expense": -4000.0,
        "Other Non Operating Income Expenses": -53000.0,
        "Special Income Charges": 0.0,
        "Gain On Sale Of Ppe": 0.0,
        "Other Special Charges": 0.0,
        "Write Off": 0.0,
        "Restructuring And Mergern Acquisition": 0.0,
        "Earnings From Equity Interest": NaN,
        "Gain On Sale Of Security": 49000.0,
        "Net Non Operating Interest Income Expense": -388000.0,
        "Interest Expense Non Operating": 526000.0,
        "Operating Income": -5765000.0,
        "Operating Expense": 5716000.0,
        "Research And Development": 1210000.0,
        "Selling General And Administration": 4506000.0,
        "General And Administrative Expense": 4506000.0,
        "Other Gand A": 1761000.0,
        "Insurance And Claims": 204000.0,
        "Rent And Landing Fees": 1700000.0,
        "Salaries And Wages": 841000.0,
        "Gross Profit": -49000.0,
        "Cost Of Revenue": 66000.0,
        "Total Revenue": 17000.0,
        "Operating Revenue": 17000.0
    },
    "2024-03-31": {
        "Tax Effect Of Unusual Items": -14700.0,
        "Tax Rate For Calcs": 0.21,
        "Normalized EBITDA": -5246000.0,
        "Total Unusual Items": -70000.0,
        "Total Unusual Items Excluding Goodwill": -70000.0,
        "Net Income From Continuing Operation Net Minority Interest": -6647000.0,
        "Reconciled Depreciation": 541000.0,
        "Reconciled Cost Of Revenue": 61000.0,
        "EBITDA": -5316000.0,
        "EBIT": -5857000.0,
        "Net Interest Income": -786000.0,
        "Interest Expense": 786000.0,
        "Normalized Income": -6591700.0,
        "Net Income From Continuing And Discontinued Operation": -6647000.0,
        "Total Expenses": 5834000.0,
        "Rent Expense Supplemental": 1901000.0,
        "Total Operating Income As Reported": -5787000.0,
        "Diluted Average Shares": 5410000.0,
        "Basic Average Shares": 5410000.0,
        "Diluted EPS": -1.23,
        "Basic EPS": -1.23,
        "Diluted NI Availto Com Stockholders": -6647000.0,
        "Net Income Common Stockholders": -6647000.0,
        "Preferred Stock Dividends": NaN,
        "Net Income": -6647000.0,
        "Net Income Including Noncontrolling Interests": -6647000.0,
        "Net Income Continuous Operations": -6647000.0,
        "Tax Provision": 4000.0,
        "Pretax Income": -6643000.0,
        "Other Income Expense": -70000.0,
        "Other Non Operating Income Expenses": NaN,
        "Special Income Charges": NaN,
        "Gain On Sale Of Ppe": NaN,
        "Other Special Charges": NaN,
        "Write Off": NaN,
        "Restructuring And Mergern Acquisition": NaN,
        "Earnings From Equity Interest": 0.0,
        "Gain On Sale Of Security": -70000.0,
        "Net Non Operating Interest Income Expense": -786000.0,
        "Interest Expense Non Operating": 786000.0,
        "Operating Income": -5787000.0,
        "Operating Expense": 5773000.0,
        "Research And Development": 1458000.0,
        "Selling General And Administration": 4315000.0,
        "General And Administrative Expense": 4315000.0,
        "Other Gand A": 1430000.0,
        "Insurance And Claims": 216000.0,
        "Rent And Landing Fees": 1901000.0,
        "Salaries And Wages": 768000.0,
        "Gross Profit": -14000.0,
        "Cost Of Revenue": 61000.0,
        "Total Revenue": 47000.0,
        "Operating Revenue": 47000.0
    },
    "2024-06-30": {
        "Tax Effect Of Unusual Items": 42420.0,
        "Tax Rate For Calcs": 0.21,
        "Normalized EBITDA": -4353000.0,
        "Total Unusual Items": 202000.0,
        "Total Unusual Items Excluding Goodwill": 202000.0,
        "Net Income From Continuing Operation Net Minority Interest": -5529000.0,
        "Reconciled Depreciation": 578000.0,
        "Reconciled Cost Of Revenue": 95000.0,
        "EBITDA": -4151000.0,
        "EBIT": -4729000.0,
        "Net Interest Income": -797000.0,
        "Interest Expense": 797000.0,
        "Normalized Income": -5688580.0,
        "Net Income From Continuing And Discontinued Operation": -5529000.0,
        "Total Expenses": 4978000.0,
        "Rent Expense Supplemental": 1899000.0,
        "Total Operating Income As Reported": -4931000.0,
        "Diluted Average Shares": 5410000.0,
        "Basic Average Shares": 5410000.0,
        "Diluted EPS": -1.02,
        "Basic EPS": -1.02,
        "Diluted NI Availto Com Stockholders": -5537000.0,
        "Net Income Common Stockholders": -5537000.0,
        "Preferred Stock Dividends": 8000.0,
        "Net Income": -5529000.0,
        "Net Income Including Noncontrolling Interests": -5529000.0,
        "Net Income Continuous Operations": -5529000.0,
        "Tax Provision": 3000.0,
        "Pretax Income": -5526000.0,
        "Other Income Expense": 202000.0,
        "Other Non Operating Income Expenses": NaN,
        "Special Income Charges": 66000.0,
        "Gain On Sale Of Ppe": NaN,
        "Other Special Charges": NaN,
        "Write Off": NaN,
        "Restructuring And Mergern Acquisition": -66000.0,
        "Earnings From Equity Interest": NaN,
        "Gain On Sale Of Security": 136000.0,
        "Net Non Operating Interest Income Expense": -797000.0,
        "Interest Expense Non Operating": 797000.0,
        "Operating Income": -4931000.0,
        "Operating Expense": 4883000.0,
        "Research And Development": 987000.0,
        "Selling General And Administration": 3896000.0,
        "General And Administrative Expense": 3896000.0,
        "Other Gand A": 1158000.0,
        "Insurance And Claims": 96000.0,
        "Rent And Landing Fees": 1899000.0,
        "Salaries And Wages": 743000.0,
        "Gross Profit": -48000.0,
        "Cost Of Revenue": 95000.0,
        "Total Revenue": 47000.0,
        "Operating Revenue": 47000.0
    },
    "2024-09-30": {
        "Tax Effect Of Unusual Items": -4424910.0,
        "Tax Rate For Calcs": 0.21,
        "Normalized EBITDA": -3384000.0,
        "Total Unusual Items": -21071000.0,
        "Total Unusual Items Excluding Goodwill": -21071000.0,
        "Net Income From Continuing Operation Net Minority Interest": -26604000.0,
        "Reconciled Depreciation": 451000.0,
        "Reconciled Cost Of Revenue": -60000.0,
        "EBITDA": -24455000.0,
        "EBIT": -24906000.0,
        "Net Interest Income": -1686000.0,
        "Interest Expense": 1686000.0,
        "Normalized Income": -9957910.0,
        "Net Income From Continuing And Discontinued Operation": -26604000.0,
        "Total Expenses": 4322000.0,
        "Rent Expense Supplemental": 1267000.0,
        "Total Operating Income As Reported": -2259000.0,
        "Diluted Average Shares": 5410000.0,
        "Basic Average Shares": 5410000.0,
        "Diluted EPS": -4.92,
        "Basic EPS": -4.92,
        "Diluted NI Availto Com Stockholders": -26604000.0,
        "Net Income Common Stockholders": -26604000.0,
        "Preferred Stock Dividends": NaN,
        "Net Income": -26604000.0,
        "Net Income Including Noncontrolling Interests": -26604000.0,
        "Net Income Continuous Operations": -26604000.0,
        "Tax Provision": 12000.0,
        "Pretax Income": -26592000.0,
        "Other Income Expense": -21071000.0,
        "Other Non Operating Income Expenses": NaN,
        "Special Income Charges": -20864000.0,
        "Gain On Sale Of Ppe": NaN,
        "Other Special Charges": 20864000.0,
        "Write Off": NaN,
        "Restructuring And Mergern Acquisition": 0.0,
        "Earnings From Equity Interest": NaN,
        "Gain On Sale Of Security": -207000.0,
        "Net Non Operating Interest Income Expense": -1686000.0,
        "Interest Expense Non Operating": 1686000.0,
        "Operating Income": -3835000.0,
        "Operating Expense": 4382000.0,
        "Research And Development": 1001000.0,
        "Selling General And Administration": 3381000.0,
        "General And Administrative Expense": 3381000.0,
        "Other Gand A": 1262000.0,
        "Insurance And Claims": 93000.0,
        "Rent And Landing Fees": 1267000.0,
        "Salaries And Wages": 759000.0,
        "Gross Profit": 547000.0,
        "Cost Of Revenue": -60000.0,
        "Total Revenue": 487000.0,
        "Operating Revenue": 487000.0
    },
    "2024-12-31": {
        "Tax Effect Of Unusual Items": -189840.0,
        "Tax Rate For Calcs": 0.21,
        "Normalized EBITDA": -1293000.0,
        "Total Unusual Items": -904000.0,
        "Total Unusual Items Excluding Goodwill": -904000.0,
        "Net Income From Continuing Operation Net Minority Interest": -5759000.0,
        "Reconciled Depreciation": 68000.0,
        "Reconciled Cost Of Revenue": 0.0,
        "EBITDA": -2197000.0,
        "EBIT": -2265000.0,
        "Net Interest Income": -3234000.0,
        "Interest Expense": 3483000.0,
        "Normalized Income": -5044840.0,
        "Net Income From Continuing And Discontinued Operation": -5759000.0,
        "Total Expenses": 2698000.0,
        "Rent Expense Supplemental": 6000.0,
        "Total Operating Income As Reported": -2697000.0,
        "Diluted Average Shares": NaN,
        "Basic Average Shares": NaN,
        "Diluted EPS": NaN,
        "Basic EPS": NaN,
        "Diluted NI Availto Com Stockholders": -5767000.0,
        "Net Income Common Stockholders": -5767000.0,
        "Preferred Stock Dividends": 8000.0,
        "Net Income": -5759000.0,
        "Net Income Including Noncontrolling Interests": -5759000.0,
        "Net Income Continuous Operations": -5759000.0,
        "Tax Provision": 11000.0,
        "Pretax Income": -5748000.0,
        "Other Income Expense": 183000.0,
        "Other Non Operating Income Expenses": NaN,
        "Special Income Charges": 0.0,
        "Gain On Sale Of Ppe": NaN,
        "Other Special Charges": 0.0,
        "Write Off": NaN,
        "Restructuring And Mergern Acquisition": 0.0,
        "Earnings From Equity Interest": NaN,
        "Gain On Sale Of Security": -904000.0,
        "Net Non Operating Interest Income Expense": -3234000.0,
        "Interest Expense Non Operating": 3483000.0,
        "Operating Income": -2697000.0,
        "Operating Expense": 2698000.0,
        "Research And Development": 1158000.0,
        "Selling General And Administration": 1540000.0,
        "General And Administrative Expense": 1540000.0,
        "Other Gand A": 674000.0,
        "Insurance And Claims": 92000.0,
        "Rent And Landing Fees": 6000.0,
        "Salaries And Wages": 768000.0,
        "Gross Profit": 1000.0,
        "Cost Of Revenue": 0.0,
        "Total Revenue": 1000.0,
        "Operating Revenue": 1000.0
    }
}