{
    "2023-06-30": {
        "Tax Effect Of Unusual Items": NaN,
        "Tax Rate For Calcs": NaN,
        "Normalized EBITDA": NaN,
        "Total Unusual Items": NaN,
        "Total Unusual Items Excluding Goodwill": NaN,
        "Net Income From Continuing Operation Net Minority Interest": NaN,
        "Reconciled Depreciation": NaN,
        "Reconciled Cost Of Revenue": NaN,
        "EBITDA": NaN,
        "EBIT": NaN,
        "Net Interest Income": NaN,
        "Interest Expense": NaN,
        "Interest Income": NaN,
        "Normalized Income": NaN,
        "Net Income From Continuing And Discontinued Operation": NaN,
        "Total Expenses": NaN,
        "Total Operating Income As Reported": NaN,
        "Diluted Average Shares": NaN,
        "Basic Average Shares": NaN,
        "Diluted EPS": NaN,
        "Basic EPS": NaN,
        "Diluted NI Availto Com Stockholders": NaN,
        "Net Income Common Stockholders": NaN,
        "Net Income": NaN,
        "Minority Interests": NaN,
        "Net Income Including Noncontrolling Interests": NaN,
        "Net Income Continuous Operations": NaN,
        "Tax Provision": NaN,
        "Pretax Income": NaN,
        "Other Income Expense": NaN,
        "Other Non Operating Income Expenses": NaN,
        "Special Income Charges": NaN,
        "Gain On Sale Of Business": NaN,
        "Other Special Charges": NaN,
        "Write Off": NaN,
        "Impairment Of Capital Assets": 401000000.0,
        "Earnings From Equity Interest": NaN,
        "Gain On Sale Of Security": NaN,
        "Net Non Operating Interest Income Expense": NaN,
        "Interest Expense Non Operating": NaN,
        "Interest Income Non Operating": NaN,
        "Operating Income": NaN,
        "Operating Expense": NaN,
        "Other Operating Expenses": NaN,
        "Other Taxes": NaN,
        "Depreciation Amortization Depletion Income Statement": NaN,
        "Depreciation And Amortization In Income Statement": NaN,
        "Amortization": NaN,
        "Amortization Of Intangibles Income Statement": NaN,
        "Depreciation Income Statement": NaN,
        "Selling General And Administration": -33300000.0,
        "General And Administrative Expense": -33300000.0,
        "Salaries And Wages": -33300000.0,
        "Gross Profit": NaN,
        "Cost Of Revenue": NaN,
        "Total Revenue": NaN,
        "Operating Revenue": NaN
    },
    "2023-03-31": {
        "Tax Effect Of Unusual Items": NaN,
        "Tax Rate For Calcs": NaN,
        "Normalized EBITDA": NaN,
        "Total Unusual Items": NaN,
        "Total Unusual Items Excluding Goodwill": NaN,
        "Net Income From Continuing Operation Net Minority Interest": NaN,
        "Reconciled Depreciation": NaN,
        "Reconciled Cost Of Revenue": NaN,
        "EBITDA": NaN,
        "EBIT": NaN,
        "Net Interest Income": NaN,
        "Interest Expense": NaN,
        "Interest Income": NaN,
        "Normalized Income": NaN,
        "Net Income From Continuing And Discontinued Operation": NaN,
        "Total Expenses": NaN,
        "Total Operating Income As Reported": NaN,
        "Diluted Average Shares": NaN,
        "Basic Average Shares": NaN,
        "Diluted EPS": NaN,
        "Basic EPS": NaN,
        "Diluted NI Availto Com Stockholders": NaN,
        "Net Income Common Stockholders": NaN,
        "Net Income": NaN,
        "Minority Interests": NaN,
        "Net Income Including Noncontrolling Interests": NaN,
        "Net Income Continuous Operations": NaN,
        "Tax Provision": NaN,
        "Pretax Income": NaN,
        "Other Income Expense": NaN,
        "Other Non Operating Income Expenses": NaN,
        "Special Income Charges": NaN,
        "Gain On Sale Of Business": NaN,
        "Other Special Charges": NaN,
        "Write Off": NaN,
        "Impairment Of Capital Assets": NaN,
        "Earnings From Equity Interest": NaN,
        "Gain On Sale Of Security": NaN,
        "Net Non Operating Interest Income Expense": NaN,
        "Interest Expense Non Operating": NaN,
        "Interest Income Non Operating": NaN,
        "Operating Income": NaN,
        "Operating Expense": NaN,
        "Other Operating Expenses": NaN,
        "Other Taxes": NaN,
        "Depreciation Amortization Depletion Income Statement": NaN,
        "Depreciation And Amortization In Income Statement": NaN,
        "Amortization": NaN,
        "Amortization Of Intangibles Income Statement": NaN,
        "Depreciation Income Statement": NaN,
        "Selling General And Administration": -34800000.0,
        "General And Administrative Expense": -34800000.0,
        "Salaries And Wages": -34800000.0,
        "Gross Profit": NaN,
        "Cost Of Revenue": NaN,
        "Total Revenue": NaN,
        "Operating Revenue": NaN
    },
    "2022-12-31": {
        "Tax Effect Of Unusual Items": 0.0,
        "Tax Rate For Calcs": 0.244587,
        "Normalized EBITDA": 951855000.0,
        "Total Unusual Items": NaN,
        "Total Unusual Items Excluding Goodwill": NaN,
        "Net Income From Continuing Operation Net Minority Interest": 320158000.0,
        "Reconciled Depreciation": 338783000.0,
        "Reconciled Cost Of Revenue": 1782227000.0,
        "EBITDA": 951855000.0,
        "EBIT": 613072000.0,
        "Net Interest Income": -136265000.0,
        "Interest Expense": 186765000.0,
        "Interest Income": NaN,
        "Normalized Income": 320158000.0,
        "Net Income From Continuing And Discontinued Operation": 320158000.0,
        "Total Expenses": 2507503000.0,
        "Total Operating Income As Reported": 522237000.0,
        "Diluted Average Shares": 349267768.0,
        "Basic Average Shares": 348786307.0,
        "Diluted EPS": 0.92,
        "Basic EPS": 0.92,
        "Diluted NI Availto Com Stockholders": 320158000.0,
        "Net Income Common Stockholders": 320158000.0,
        "Net Income": 320158000.0,
        "Minority Interests": -1880000.0,
        "Net Income Including Noncontrolling Interests": 322038000.0,
        "Net Income Continuous Operations": 322038000.0,
        "Tax Provision": 104269000.0,
        "Pretax Income": 426307000.0,
        "Other Income Expense": 40347000.0,
        "Other Non Operating Income Expenses": -34353000.0,
        "Special Income Charges": NaN,
        "Other Special Charges": NaN,
        "Write Off": NaN,
        "Impairment Of Capital Assets": NaN,
        "Earnings From Equity Interest": NaN,
        "Gain On Sale Of Security": NaN,
        "Net Non Operating Interest Income Expense": -136265000.0,
        "Interest Expense Non Operating": 186765000.0,
        "Interest Income Non Operating": NaN,
        "Operating Income": 522237000.0,
        "Operating Expense": 725276000.0,
        "Other Operating Expenses": 159343000.0,
        "Other Taxes": 227150000.0,
        "Depreciation Amortization Depletion Income Statement": 338783000.0,
        "Depreciation And Amortization In Income Statement": 338783000.0,
        "Amortization": 30248000.0,
        "Amortization Of Intangibles Income Statement": 30248000.0,
        "Depreciation Income Statement": 308535000.0,
        "Gross Profit": 1247513000.0,
        "Cost Of Revenue": 1782227000.0,
        "Total Revenue": 3029740000.0,
        "Operating Revenue": 3029740000.0
    },
    "2022-09-30": {
        "Tax Effect Of Unusual Items": NaN,
        "Tax Rate For Calcs": NaN,
        "Normalized EBITDA": NaN,
        "Total Unusual Items": NaN,
        "Total Unusual Items Excluding Goodwill": NaN,
        "Net Income From Continuing Operation Net Minority Interest": NaN,
        "Reconciled Depreciation": NaN,
        "Reconciled Cost Of Revenue": NaN,
        "EBITDA": NaN,
        "EBIT": NaN,
        "Net Interest Income": NaN,
        "Interest Expense": NaN,
        "Interest Income": NaN,
        "Normalized Income": NaN,
        "Net Income From Continuing And Discontinued Operation": NaN,
        "Total Expenses": NaN,
        "Total Operating Income As Reported": NaN,
        "Diluted Average Shares": NaN,
        "Basic Average Shares": NaN,
        "Diluted EPS": NaN,
        "Basic EPS": NaN,
        "Diluted NI Availto Com Stockholders": NaN,
        "Net Income Common Stockholders": NaN,
        "Net Income": NaN,
        "Minority Interests": NaN,
        "Net Income Including Noncontrolling Interests": NaN,
        "Net Income Continuous Operations": NaN,
        "Tax Provision": NaN,
        "Pretax Income": NaN,
        "Other Income Expense": NaN,
        "Other Non Operating Income Expenses": NaN,
        "Special Income Charges": NaN,
        "Other Special Charges": -12600000.0,
        "Write Off": 0.0,
        "Impairment Of Capital Assets": NaN,
        "Earnings From Equity Interest": NaN,
        "Gain On Sale Of Security": NaN,
        "Net Non Operating Interest Income Expense": NaN,
        "Interest Expense Non Operating": NaN,
        "Interest Income Non Operating": NaN,
        "Operating Income": NaN,
        "Operating Expense": NaN,
        "Other Operating Expenses": NaN,
        "Other Taxes": NaN,
        "Depreciation Amortization Depletion Income Statement": NaN,
        "Depreciation And Amortization In Income Statement": NaN,
        "Amortization": NaN,
        "Amortization Of Intangibles Income Statement": NaN,
        "Depreciation Income Statement": NaN,
        "Selling General And Administration": NaN,
        "General And Administrative Expense": NaN,
        "Salaries And Wages": NaN,
        "Gross Profit": NaN,
        "Cost Of Revenue": NaN,
        "Total Revenue": NaN,
        "Operating Revenue": NaN
    },
    "2022-06-30": {
        "Tax Effect Of Unusual Items": 0.0,
        "Tax Rate For Calcs": 0.245539,
        "Normalized EBITDA": 914077000.0,
        "Total Unusual Items": 12500000.0,
        "Total Unusual Items Excluding Goodwill": 12500000.0,
        "Net Income From Continuing Operation Net Minority Interest": 291862000.0,
        "Reconciled Depreciation": 364647000.0,
        "Reconciled Cost Of Revenue": 1392715000.0,
        "EBITDA": 914077000.0,
        "EBIT": 549430000.0,
        "Net Interest Income": -160090000.0,
        "Interest Expense": 160090000.0,
        "Interest Income": 9500000.0,
        "Normalized Income": 291862000.0,
        "Net Income From Continuing And Discontinued Operation": 291862000.0,
        "Total Expenses": 2117072000.0,
        "Total Operating Income As Reported": 455569000.0,
        "Diluted Average Shares": 346295478.0,
        "Basic Average Shares": 345893714.0,
        "Diluted EPS": 0.84,
        "Basic EPS": 0.84,
        "Diluted NI Availto Com Stockholders": 291862000.0,
        "Net Income Common Stockholders": 291862000.0,
        "Net Income": 291862000.0,
        "Minority Interests": -1880000.0,
        "Net Income Including Noncontrolling Interests": 293742000.0,
        "Net Income Continuous Operations": 293742000.0,
        "Tax Provision": 95598000.0,
        "Pretax Income": 389340000.0,
        "Other Income Expense": 93861000.0,
        "Other Non Operating Income Expenses": 93861000.0,
        "Special Income Charges": 11200000.0,
        "Other Special Charges": -11200000.0,
        "Impairment Of Capital Assets": NaN,
        "Earnings From Equity Interest": 16600000.0,
        "Gain On Sale Of Security": 1300000.0,
        "Net Non Operating Interest Income Expense": -160090000.0,
        "Interest Expense Non Operating": 160090000.0,
        "Interest Income Non Operating": 9500000.0,
        "Operating Income": 455569000.0,
        "Operating Expense": 724357000.0,
        "Other Operating Expenses": 136679000.0,
        "Other Taxes": 223031000.0,
        "Depreciation Amortization Depletion Income Statement": 364647000.0,
        "Depreciation And Amortization In Income Statement": 364647000.0,
        "Amortization": 70409000.0,
        "Amortization Of Intangibles Income Statement": 70409000.0,
        "Depreciation Income Statement": 294238000.0,
        "Gross Profit": 1179926000.0,
        "Cost Of Revenue": 1392715000.0,
        "Total Revenue": 2572641000.0,
        "Operating Revenue": 2572641000.0
    },
    "2023-09-30": {
        "Tax Effect Of Unusual Items": NaN,
        "Tax Rate For Calcs": NaN,
        "Normalized EBITDA": NaN,
        "Total Unusual Items": NaN,
        "Total Unusual Items Excluding Goodwill": NaN,
        "Net Income From Continuing Operation Net Minority Interest": NaN,
        "Reconciled Depreciation": NaN,
        "Reconciled Cost Of Revenue": NaN,
        "EBITDA": NaN,
        "EBIT": NaN,
        "Net Interest Income": NaN,
        "Interest Expense": NaN,
        "Interest Income": NaN,
        "Normalized Income": NaN,
        "Net Income From Continuing And Discontinued Operation": NaN,
        "Total Expenses": NaN,
        "Total Operating Income As Reported": NaN,
        "Diluted Average Shares": NaN,
        "Basic Average Shares": NaN,
        "Diluted EPS": NaN,
        "Basic EPS": NaN,
        "Diluted NI Availto Com Stockholders": NaN,
        "Net Income Common Stockholders": NaN,
        "Net Income": NaN,
        "Minority Interests": NaN,
        "Net Income Including Noncontrolling Interests": NaN,
        "Net Income Continuous Operations": NaN,
        "Tax Provision": NaN,
        "Pretax Income": NaN,
        "Other Income Expense": NaN,
        "Other Non Operating Income Expenses": NaN,
        "Special Income Charges": NaN,
        "Gain On Sale Of Business": 0.0,
        "Other Special Charges": NaN,
        "Write Off": 0.0,
        "Impairment Of Capital Assets": NaN,
        "Earnings From Equity Interest": NaN,
        "Gain On Sale Of Security": NaN,
        "Net Non Operating Interest Income Expense": NaN,
        "Interest Expense Non Operating": NaN,
        "Interest Income Non Operating": NaN,
        "Operating Income": NaN,
        "Operating Expense": NaN,
        "Other Operating Expenses": NaN,
        "Other Taxes": NaN,
        "Depreciation Amortization Depletion Income Statement": NaN,
        "Depreciation And Amortization In Income Statement": NaN,
        "Amortization": NaN,
        "Amortization Of Intangibles Income Statement": NaN,
        "Depreciation Income Statement": NaN,
        "Selling General And Administration": NaN,
        "General And Administrative Expense": NaN,
        "Salaries And Wages": NaN,
        "Gross Profit": NaN,
        "Cost Of Revenue": NaN,
        "Total Revenue": NaN,
        "Operating Revenue": NaN
    },
    "2023-12-31": {
        "Tax Effect Of Unusual Items": NaN,
        "Tax Rate For Calcs": NaN,
        "Normalized EBITDA": NaN,
        "Total Unusual Items": NaN,
        "Total Unusual Items Excluding Goodwill": NaN,
        "Net Income From Continuing Operation Net Minority Interest": NaN,
        "Reconciled Depreciation": NaN,
        "Reconciled Cost Of Revenue": NaN,
        "EBITDA": NaN,
        "EBIT": NaN,
        "Net Interest Income": NaN,
        "Interest Expense": NaN,
        "Interest Income": NaN,
        "Normalized Income": NaN,
        "Net Income From Continuing And Discontinued Operation": NaN,
        "Total Expenses": NaN,
        "Total Operating Income As Reported": NaN,
        "Diluted Average Shares": NaN,
        "Basic Average Shares": NaN,
        "Diluted EPS": NaN,
        "Basic EPS": NaN,
        "Diluted NI Availto Com Stockholders": NaN,
        "Net Income Common Stockholders": NaN,
        "Net Income": NaN,
        "Minority Interests": NaN,
        "Net Income Including Noncontrolling Interests": NaN,
        "Net Income Continuous Operations": NaN,
        "Tax Provision": NaN,
        "Pretax Income": NaN,
        "Other Income Expense": NaN,
        "Other Non Operating Income Expenses": NaN,
        "Special Income Charges": NaN,
        "Gain On Sale Of Business": NaN,
        "Other Special Charges": NaN,
        "Write Off": 1766000000.0,
        "Impairment Of Capital Assets": NaN,
        "Earnings From Equity Interest": NaN,
        "Gain On Sale Of Security": NaN,
        "Net Non Operating Interest Income Expense": NaN,
        "Interest Expense Non Operating": NaN,
        "Interest Income Non Operating": NaN,
        "Operating Income": NaN,
        "Operating Expense": NaN,
        "Other Operating Expenses": NaN,
        "Other Taxes": NaN,
        "Depreciation Amortization Depletion Income Statement": NaN,
        "Depreciation And Amortization In Income Statement": NaN,
        "Amortization": NaN,
        "Amortization Of Intangibles Income Statement": NaN,
        "Depreciation Income Statement": NaN,
        "Selling General And Administration": NaN,
        "General And Administrative Expense": NaN,
        "Salaries And Wages": NaN,
        "Gross Profit": NaN,
        "Cost Of Revenue": NaN,
        "Total Revenue": NaN,
        "Operating Revenue": NaN
    },
    "2024-03-31": {
        "Tax Effect Of Unusual Items": NaN,
        "Tax Rate For Calcs": NaN,
        "Normalized EBITDA": NaN,
        "Total Unusual Items": NaN,
        "Total Unusual Items Excluding Goodwill": NaN,
        "Net Income From Continuing Operation Net Minority Interest": NaN,
        "Reconciled Depreciation": NaN,
        "Reconciled Cost Of Revenue": NaN,
        "EBITDA": NaN,
        "EBIT": NaN,
        "Net Interest Income": NaN,
        "Interest Expense": NaN,
        "Interest Income": NaN,
        "Normalized Income": NaN,
        "Net Income From Continuing And Discontinued Operation": NaN,
        "Total Expenses": NaN,
        "Total Operating Income As Reported": NaN,
        "Diluted Average Shares": NaN,
        "Basic Average Shares": NaN,
        "Diluted EPS": NaN,
        "Basic EPS": NaN,
        "Diluted NI Availto Com Stockholders": NaN,
        "Net Income Common Stockholders": NaN,
        "Net Income": NaN,
        "Minority Interests": NaN,
        "Net Income Including Noncontrolling Interests": NaN,
        "Net Income Continuous Operations": NaN,
        "Tax Provision": NaN,
        "Pretax Income": NaN,
        "Other Income Expense": NaN,
        "Other Non Operating Income Expenses": NaN,
        "Special Income Charges": NaN,
        "Gain On Sale Of Business": NaN,
        "Other Special Charges": NaN,
        "Impairment Of Capital Assets": NaN,
        "Earnings From Equity Interest": NaN,
        "Gain On Sale Of Security": NaN,
        "Net Non Operating Interest Income Expense": NaN,
        "Interest Expense Non Operating": NaN,
        "Interest Income Non Operating": NaN,
        "Operating Income": NaN,
        "Operating Expense": NaN,
        "Other Operating Expenses": NaN,
        "Other Taxes": NaN,
        "Depreciation Amortization Depletion Income Statement": NaN,
        "Depreciation And Amortization In Income Statement": NaN,
        "Amortization": NaN,
        "Amortization Of Intangibles Income Statement": NaN,
        "Depreciation Income Statement": NaN,
        "Selling General And Administration": -27800000.0,
        "General And Administrative Expense": -27800000.0,
        "Salaries And Wages": -27800000.0,
        "Gross Profit": NaN,
        "Cost Of Revenue": NaN,
        "Total Revenue": NaN,
        "Operating Revenue": NaN
    },
    "2024-06-30": {
        "Tax Effect Of Unusual Items": NaN,
        "Tax Rate For Calcs": NaN,
        "Normalized EBITDA": NaN,
        "Total Unusual Items": NaN,
        "Total Unusual Items Excluding Goodwill": NaN,
        "Net Income From Continuing Operation Net Minority Interest": NaN,
        "Reconciled Depreciation": NaN,
        "Reconciled Cost Of Revenue": NaN,
        "EBITDA": NaN,
        "EBIT": NaN,
        "Net Interest Income": NaN,
        "Interest Expense": NaN,
        "Interest Income": NaN,
        "Normalized Income": NaN,
        "Net Income From Continuing And Discontinued Operation": NaN,
        "Total Expenses": NaN,
        "Total Operating Income As Reported": NaN,
        "Diluted Average Shares": NaN,
        "Basic Average Shares": NaN,
        "Diluted EPS": NaN,
        "Basic EPS": NaN,
        "Diluted NI Availto Com Stockholders": NaN,
        "Net Income Common Stockholders": NaN,
        "Net Income": NaN,
        "Minority Interests": NaN,
        "Net Income Including Noncontrolling Interests": NaN,
        "Net Income Continuous Operations": NaN,
        "Tax Provision": NaN,
        "Pretax Income": NaN,
        "Other Income Expense": NaN,
        "Other Non Operating Income Expenses": NaN,
        "Special Income Charges": NaN,
        "Gain On Sale Of Business": NaN,
        "Other Special Charges": NaN,
        "Impairment Of Capital Assets": 0.0,
        "Earnings From Equity Interest": NaN,
        "Gain On Sale Of Security": NaN,
        "Net Non Operating Interest Income Expense": NaN,
        "Interest Expense Non Operating": NaN,
        "Interest Income Non Operating": NaN,
        "Operating Income": NaN,
        "Operating Expense": NaN,
        "Other Operating Expenses": NaN,
        "Other Taxes": NaN,
        "Depreciation Amortization Depletion Income Statement": NaN,
        "Depreciation And Amortization In Income Statement": NaN,
        "Amortization": NaN,
        "Amortization Of Intangibles Income Statement": NaN,
        "Depreciation Income Statement": NaN,
        "Selling General And Administration": -30000000.0,
        "General And Administrative Expense": -30000000.0,
        "Salaries And Wages": -30000000.0,
        "Gross Profit": NaN,
        "Cost Of Revenue": NaN,
        "Total Revenue": NaN,
        "Operating Revenue": NaN
    },
    "2024-09-30": {
        "Tax Effect Of Unusual Items": -93117990.0,
        "Tax Rate For Calcs": 0.21,
        "Normalized EBITDA": 1314457000.0,
        "Total Unusual Items": -443419000.0,
        "Total Unusual Items Excluding Goodwill": -443419000.0,
        "Net Income From Continuing Operation Net Minority Interest": -118057000.0,
        "Reconciled Depreciation": 610102000.0,
        "Reconciled Cost Of Revenue": 510439000.0,
        "EBITDA": 871038000.0,
        "EBIT": 260936000.0,
        "Net Interest Income": -261676000.0,
        "Interest Expense": 300576000.0,
        "Interest Income": 38900000.0,
        "Normalized Income": 232244010.0,
        "Net Income From Continuing And Discontinued Operation": -118057000.0,
        "Total Expenses": 2450824000.0,
        "Total Operating Income As Reported": 612400000.0,
        "Diluted Average Shares": 359817657.0,
        "Basic Average Shares": 359520518.0,
        "Diluted EPS": -0.33,
        "Basic EPS": -0.33,
        "Diluted NI Availto Com Stockholders": -118057000.0,
        "Net Income Common Stockholders": -118057000.0,
        "Net Income": -118057000.0,
        "Minority Interests": -1880000.0,
        "Net Income Including Noncontrolling Interests": -116177000.0,
        "Net Income Continuous Operations": -116177000.0,
        "Tax Provision": 76537000.0,
        "Pretax Income": -39640000.0,
        "Other Income Expense": -390319000.0,
        "Other Non Operating Income Expenses": 36000000.0,
        "Special Income Charges": -441319000.0,
        "Gain On Sale Of Business": -464019000.0,
        "Other Special Charges": -22700000.0,
        "Impairment Of Capital Assets": NaN,
        "Earnings From Equity Interest": 17100000.0,
        "Gain On Sale Of Security": -2100000.0,
        "Net Non Operating Interest Income Expense": -261676000.0,
        "Interest Expense Non Operating": 300576000.0,
        "Interest Income Non Operating": 38900000.0,
        "Operating Income": 612376000.0,
        "Operating Expense": 1940385000.0,
        "Other Operating Expenses": 1065912000.0,
        "Other Taxes": 264371000.0,
        "Depreciation Amortization Depletion Income Statement": 610102000.0,
        "Depreciation And Amortization In Income Statement": 610102000.0,
        "Amortization": 243957000.0,
        "Amortization Of Intangibles Income Statement": 243957000.0,
        "Depreciation Income Statement": 366145000.0,
        "Selling General And Administration": NaN,
        "General And Administrative Expense": NaN,
        "Salaries And Wages": NaN,
        "Gross Profit": 2552761000.0,
        "Cost Of Revenue": 510439000.0,
        "Total Revenue": 3063200000.0,
        "Operating Revenue": 3057300000.0
    },
    "2024-12-31": {
        "Tax Effect Of Unusual Items": -56700000.0,
        "Tax Rate For Calcs": 0.21,
        "Normalized EBITDA": 1297673000.0,
        "Total Unusual Items": -270000000.0,
        "Total Unusual Items Excluding Goodwill": -270000000.0,
        "Net Income From Continuing Operation Net Minority Interest": 72520000.0,
        "Reconciled Depreciation": 588222000.0,
        "Reconciled Cost Of Revenue": 575100000.0,
        "EBITDA": 1027673000.0,
        "EBIT": 439451000.0,
        "Net Interest Income": -256496000.0,
        "Interest Expense": 288696000.0,
        "Interest Income": 32200000.0,
        "Normalized Income": 285820000.0,
        "Net Income From Continuing And Discontinued Operation": 72520000.0,
        "Total Expenses": 2326649000.0,
        "Total Operating Income As Reported": 347839000.0,
        "Diluted Average Shares": 366883093.0,
        "Basic Average Shares": 366481846.0,
        "Diluted EPS": 0.2,
        "Basic EPS": 0.2,
        "Diluted NI Availto Com Stockholders": 72520000.0,
        "Net Income Common Stockholders": 72520000.0,
        "Net Income": 72520000.0,
        "Minority Interests": -1880000.0,
        "Net Income Including Noncontrolling Interests": 74400000.0,
        "Net Income Continuous Operations": 74400000.0,
        "Tax Provision": 76355000.0,
        "Pretax Income": 150755000.0,
        "Other Income Expense": -237600000.0,
        "Other Non Operating Income Expenses": 28600000.0,
        "Special Income Charges": -272400000.0,
        "Gain On Sale Of Business": 0.0,
        "Other Special Charges": -24600000.0,
        "Impairment Of Capital Assets": NaN,
        "Earnings From Equity Interest": 3800000.0,
        "Gain On Sale Of Security": 2400000.0,
        "Net Non Operating Interest Income Expense": -256496000.0,
        "Interest Expense Non Operating": 288696000.0,
        "Interest Income Non Operating": 32200000.0,
        "Operating Income": 644860000.0,
        "Operating Expense": 1751549000.0,
        "Other Operating Expenses": 905840000.0,
        "Other Taxes": 257487000.0,
        "Depreciation Amortization Depletion Income Statement": 588222000.0,
        "Depreciation And Amortization In Income Statement": 588222000.0,
        "Amortization": 215369000.0,
        "Amortization Of Intangibles Income Statement": 215369000.0,
        "Depreciation Income Statement": 372853000.0,
        "Selling General And Administration": NaN,
        "General And Administrative Expense": NaN,
        "Salaries And Wages": NaN,
        "Gross Profit": 2396409000.0,
        "Cost Of Revenue": 575100000.0,
        "Total Revenue": 2971509000.0,
        "Operating Revenue": 2988809000.0
    },
    "2025-03-31": {
        "Tax Effect Of Unusual Items": 5040249.815779,
        "Tax Rate For Calcs": 0.230148,
        "Normalized EBITDA": 1831866000.0,
        "Total Unusual Items": 21900000.0,
        "Total Unusual Items Excluding Goodwill": 21900000.0,
        "Net Income From Continuing Operation Net Minority Interest": 550788000.0,
        "Reconciled Depreciation": 835028000.0,
        "Reconciled Cost Of Revenue": 487451000.0,
        "EBITDA": 1853766000.0,
        "EBIT": 1018738000.0,
        "Net Interest Income": -266849000.0,
        "Interest Expense": 300849000.0,
        "Interest Income": 34000000.0,
        "Normalized Income": 533928249.815779,
        "Net Income From Continuing And Discontinued Operation": 550788000.0,
        "Total Expenses": 3191961000.0,
        "Total Operating Income As Reported": 926394000.0,
        "Diluted Average Shares": 367677618.0,
        "Basic Average Shares": 367320246.0,
        "Diluted EPS": 1.5,
        "Basic EPS": 1.5,
        "Diluted NI Availto Com Stockholders": 550788000.0,
        "Net Income Common Stockholders": 550788000.0,
        "Net Income": 550788000.0,
        "Minority Interests": -1880000.0,
        "Net Income Including Noncontrolling Interests": 552668000.0,
        "Net Income Continuous Operations": 552668000.0,
        "Tax Provision": 165221000.0,
        "Pretax Income": 717889000.0,
        "Other Income Expense": 58300000.0,
        "Other Non Operating Income Expenses": 30400000.0,
        "Special Income Charges": 23900000.0,
        "Gain On Sale Of Business": NaN,
        "Other Special Charges": -23900000.0,
        "Impairment Of Capital Assets": NaN,
        "Earnings From Equity Interest": 6000000.0,
        "Gain On Sale Of Security": -2000000.0,
        "Net Non Operating Interest Income Expense": -266849000.0,
        "Interest Expense Non Operating": 300849000.0,
        "Interest Income Non Operating": 34000000.0,
        "Operating Income": 926439000.0,
        "Operating Expense": 2704510000.0,
        "Other Operating Expenses": 1597887000.0,
        "Other Taxes": 271595000.0,
        "Depreciation Amortization Depletion Income Statement": 835028000.0,
        "Depreciation And Amortization In Income Statement": 835028000.0,
        "Amortization": 455449000.0,
        "Amortization Of Intangibles Income Statement": 455449000.0,
        "Depreciation Income Statement": 379579000.0,
        "Selling General And Administration": NaN,
        "General And Administrative Expense": NaN,
        "Salaries And Wages": NaN,
        "Gross Profit": 3630949000.0,
        "Cost Of Revenue": 487451000.0,
        "Total Revenue": 4118400000.0,
        "Operating Revenue": 4081400000.0
    },
    "2025-06-30": {
        "Tax Effect Of Unusual Items": 5611162.91467,
        "Tax Rate For Calcs": 0.237761,
        "Normalized EBITDA": 1229511000.0,
        "Total Unusual Items": 23600000.0,
        "Total Unusual Items Excluding Goodwill": 23600000.0,
        "Net Income From Continuing Operation Net Minority Interest": 352728000.0,
        "Reconciled Depreciation": 494699000.0,
        "Reconciled Cost Of Revenue": 467556000.0,
        "EBITDA": 1253111000.0,
        "EBIT": 758412000.0,
        "Net Interest Income": -262393000.0,
        "Interest Expense": 293193000.0,
        "Interest Income": 30800000.0,
        "Normalized Income": 334739162.91467,
        "Net Income From Continuing And Discontinued Operation": 352728000.0,
        "Total Expenses": 2175019000.0,
        "Total Operating Income As Reported": 663049000.0,
        "Diluted Average Shares": 368917187.0,
        "Basic Average Shares": 368661995.0,
        "Diluted EPS": 0.96,
        "Basic EPS": 0.96,
        "Diluted NI Availto Com Stockholders": 352728000.0,
        "Net Income Common Stockholders": 352728000.0,
        "Net Income": 352728000.0,
        "Minority Interests": -1880000.0,
        "Net Income Including Noncontrolling Interests": 354608000.0,
        "Net Income Continuous Operations": 354608000.0,
        "Tax Provision": 110611000.0,
        "Pretax Income": 465219000.0,
        "Other Income Expense": 64600000.0,
        "Other Non Operating Income Expenses": 36200000.0,
        "Special Income Charges": 25600000.0,
        "Gain On Sale Of Business": NaN,
        "Other Special Charges": -25600000.0,
        "Impairment Of Capital Assets": NaN,
        "Earnings From Equity Interest": 4800000.0,
        "Gain On Sale Of Security": -2000000.0,
        "Net Non Operating Interest Income Expense": -262393000.0,
        "Interest Expense Non Operating": 293193000.0,
        "Interest Income Non Operating": 30800000.0,
        "Operating Income": 663081000.0,
        "Operating Expense": 1707462000.0,
        "Other Operating Expenses": 954037000.0,
        "Other Taxes": 258727000.0,
        "Depreciation Amortization Depletion Income Statement": 494698000.0,
        "Depreciation And Amortization In Income Statement": 494698000.0,
        "Amortization": 109103000.0,
        "Amortization Of Intangibles Income Statement": 109103000.0,
        "Depreciation Income Statement": 385595000.0,
        "Selling General And Administration": NaN,
        "General And Administrative Expense": NaN,
        "Salaries And Wages": NaN,
        "Gross Profit": 2370543000.0,
        "Cost Of Revenue": 467557000.0,
        "Total Revenue": 2838100000.0,
        "Operating Revenue": 2834200000.0
    },
    "2025-09-30": {
        "Tax Effect Of Unusual Items": -56091000.0,
        "Tax Rate For Calcs": 0.21,
        "Normalized EBITDA": 1261246000.0,
        "Total Unusual Items": -267100000.0,
        "Total Unusual Items Excluding Goodwill": -267100000.0,
        "Net Income From Continuing Operation Net Minority Interest": 367549000.0,
        "Reconciled Depreciation": 503634000.0,
        "Reconciled Cost Of Revenue": 518341000.0,
        "EBITDA": 994146000.0,
        "EBIT": 490512000.0,
        "Net Interest Income": -288665000.0,
        "Interest Expense": 318065000.0,
        "Interest Income": 29400000.0,
        "Normalized Income": 578558000.0,
        "Net Income From Continuing And Discontinued Operation": 367549000.0,
        "Total Expenses": 2531943000.0,
        "Total Operating Income As Reported": 688682000.0,
        "Diluted Average Shares": 372262732.0,
        "Basic Average Shares": 371914953.0,
        "Diluted EPS": 0.99,
        "Basic EPS": 0.99,
        "Diluted NI Availto Com Stockholders": 367549000.0,
        "Net Income Common Stockholders": 367549000.0,
        "Net Income": 367549000.0,
        "Minority Interests": -1880000.0,
        "Net Income Including Noncontrolling Interests": 369429000.0,
        "Net Income Continuous Operations": 369429000.0,
        "Tax Provision": -196982000.0,
        "Pretax Income": 172447000.0,
        "Other Income Expense": -227600000.0,
        "Other Non Operating Income Expenses": 35000000.0,
        "Special Income Charges": -264300000.0,
        "Gain On Sale Of Business": -284000000.0,
        "Other Special Charges": -19700000.0,
        "Impairment Of Capital Assets": NaN,
        "Earnings From Equity Interest": 4500000.0,
        "Gain On Sale Of Security": -2800000.0,
        "Net Non Operating Interest Income Expense": -288665000.0,
        "Interest Expense Non Operating": 318065000.0,
        "Interest Income Non Operating": 29400000.0,
        "Operating Income": 688657000.0,
        "Operating Expense": 2013602000.0,
        "Other Operating Expenses": 1222358000.0,
        "Other Taxes": 287610000.0,
        "Depreciation Amortization Depletion Income Statement": 503634000.0,
        "Depreciation And Amortization In Income Statement": 503634000.0,
        "Amortization": 108246000.0,
        "Amortization Of Intangibles Income Statement": 108246000.0,
        "Depreciation Income Statement": 395388000.0,
        "Selling General And Administration": NaN,
        "General And Administrative Expense": NaN,
        "Salaries And Wages": NaN,
        "Gross Profit": 2702259000.0,
        "Cost Of Revenue": 518341000.0,
        "Total Revenue": 3220600000.0,
        "Operating Revenue": 3215000000.0
    }
}