{
    "2024-03-31": {
        "Tax Effect Of Unusual Items": NaN,
        "Tax Rate For Calcs": NaN,
        "Normalized EBITDA": NaN,
        "Total Unusual Items": NaN,
        "Total Unusual Items Excluding Goodwill": NaN,
        "Net Income From Continuing Operation Net Minority Interest": NaN,
        "Reconciled Depreciation": NaN,
        "Reconciled Cost Of Revenue": NaN,
        "EBITDA": NaN,
        "EBIT": NaN,
        "Net Interest Income": NaN,
        "Interest Expense": NaN,
        "Interest Income": 0.0,
        "Normalized Income": NaN,
        "Net Income From Continuing And Discontinued Operation": NaN,
        "Total Expenses": NaN,
        "Total Operating Income As Reported": NaN,
        "Diluted Average Shares": NaN,
        "Basic Average Shares": NaN,
        "Diluted EPS": NaN,
        "Basic EPS": NaN,
        "Diluted NI Availto Com Stockholders": NaN,
        "Net Income Common Stockholders": NaN,
        "Net Income": NaN,
        "Net Income Including Noncontrolling Interests": NaN,
        "Net Income Continuous Operations": NaN,
        "Tax Provision": NaN,
        "Pretax Income": NaN,
        "Other Income Expense": NaN,
        "Other Non Operating Income Expenses": NaN,
        "Special Income Charges": NaN,
        "Gain On Sale Of Ppe": NaN,
        "Other Special Charges": NaN,
        "Net Non Operating Interest Income Expense": NaN,
        "Interest Expense Non Operating": NaN,
        "Interest Income Non Operating": 0.0,
        "Operating Income": NaN,
        "Operating Expense": NaN,
        "Selling General And Administration": NaN,
        "Gross Profit": NaN,
        "Cost Of Revenue": NaN,
        "Total Revenue": NaN,
        "Operating Revenue": NaN
    },
    "2023-12-31": {
        "Tax Effect Of Unusual Items": NaN,
        "Tax Rate For Calcs": NaN,
        "Normalized EBITDA": NaN,
        "Total Unusual Items": NaN,
        "Total Unusual Items Excluding Goodwill": NaN,
        "Net Income From Continuing Operation Net Minority Interest": NaN,
        "Reconciled Depreciation": NaN,
        "Reconciled Cost Of Revenue": NaN,
        "EBITDA": NaN,
        "EBIT": NaN,
        "Net Interest Income": NaN,
        "Interest Expense": NaN,
        "Interest Income": 0.0,
        "Normalized Income": NaN,
        "Net Income From Continuing And Discontinued Operation": NaN,
        "Total Expenses": NaN,
        "Total Operating Income As Reported": NaN,
        "Diluted Average Shares": NaN,
        "Basic Average Shares": NaN,
        "Diluted EPS": NaN,
        "Basic EPS": NaN,
        "Diluted NI Availto Com Stockholders": NaN,
        "Net Income Common Stockholders": NaN,
        "Net Income": NaN,
        "Net Income Including Noncontrolling Interests": NaN,
        "Net Income Continuous Operations": NaN,
        "Tax Provision": NaN,
        "Pretax Income": NaN,
        "Other Income Expense": NaN,
        "Other Non Operating Income Expenses": NaN,
        "Special Income Charges": NaN,
        "Gain On Sale Of Ppe": NaN,
        "Other Special Charges": NaN,
        "Net Non Operating Interest Income Expense": NaN,
        "Interest Expense Non Operating": NaN,
        "Interest Income Non Operating": 0.0,
        "Operating Income": NaN,
        "Operating Expense": NaN,
        "Selling General And Administration": NaN,
        "Gross Profit": NaN,
        "Cost Of Revenue": NaN,
        "Total Revenue": NaN,
        "Operating Revenue": NaN
    },
    "2023-09-30": {
        "Tax Effect Of Unusual Items": NaN,
        "Tax Rate For Calcs": NaN,
        "Normalized EBITDA": NaN,
        "Total Unusual Items": NaN,
        "Total Unusual Items Excluding Goodwill": NaN,
        "Net Income From Continuing Operation Net Minority Interest": NaN,
        "Reconciled Depreciation": NaN,
        "Reconciled Cost Of Revenue": NaN,
        "EBITDA": NaN,
        "EBIT": NaN,
        "Net Interest Income": NaN,
        "Interest Expense": NaN,
        "Interest Income": 0.0,
        "Normalized Income": NaN,
        "Net Income From Continuing And Discontinued Operation": NaN,
        "Total Expenses": NaN,
        "Total Operating Income As Reported": NaN,
        "Diluted Average Shares": NaN,
        "Basic Average Shares": NaN,
        "Diluted EPS": NaN,
        "Basic EPS": NaN,
        "Diluted NI Availto Com Stockholders": NaN,
        "Net Income Common Stockholders": NaN,
        "Net Income": NaN,
        "Net Income Including Noncontrolling Interests": NaN,
        "Net Income Continuous Operations": NaN,
        "Tax Provision": NaN,
        "Pretax Income": NaN,
        "Other Income Expense": NaN,
        "Other Non Operating Income Expenses": NaN,
        "Special Income Charges": NaN,
        "Gain On Sale Of Ppe": NaN,
        "Other Special Charges": NaN,
        "Net Non Operating Interest Income Expense": NaN,
        "Interest Expense Non Operating": NaN,
        "Interest Income Non Operating": 0.0,
        "Operating Income": NaN,
        "Operating Expense": NaN,
        "Selling General And Administration": NaN,
        "Gross Profit": NaN,
        "Cost Of Revenue": NaN,
        "Total Revenue": NaN,
        "Operating Revenue": NaN
    },
    "2023-06-30": {
        "Tax Effect Of Unusual Items": NaN,
        "Tax Rate For Calcs": NaN,
        "Normalized EBITDA": NaN,
        "Total Unusual Items": NaN,
        "Total Unusual Items Excluding Goodwill": NaN,
        "Net Income From Continuing Operation Net Minority Interest": NaN,
        "Reconciled Depreciation": NaN,
        "Reconciled Cost Of Revenue": NaN,
        "EBITDA": NaN,
        "EBIT": NaN,
        "Net Interest Income": NaN,
        "Interest Expense": NaN,
        "Interest Income": NaN,
        "Normalized Income": NaN,
        "Net Income From Continuing And Discontinued Operation": NaN,
        "Total Expenses": NaN,
        "Total Operating Income As Reported": NaN,
        "Diluted Average Shares": 16602556.0,
        "Basic Average Shares": 16602556.0,
        "Diluted EPS": 0.21,
        "Basic EPS": 0.21,
        "Diluted NI Availto Com Stockholders": NaN,
        "Net Income Common Stockholders": NaN,
        "Net Income": NaN,
        "Net Income Including Noncontrolling Interests": NaN,
        "Net Income Continuous Operations": NaN,
        "Tax Provision": NaN,
        "Pretax Income": NaN,
        "Other Income Expense": NaN,
        "Other Non Operating Income Expenses": NaN,
        "Special Income Charges": NaN,
        "Gain On Sale Of Ppe": NaN,
        "Other Special Charges": NaN,
        "Net Non Operating Interest Income Expense": NaN,
        "Interest Expense Non Operating": NaN,
        "Interest Income Non Operating": NaN,
        "Operating Income": NaN,
        "Operating Expense": NaN,
        "Selling General And Administration": NaN,
        "Gross Profit": NaN,
        "Cost Of Revenue": NaN,
        "Total Revenue": NaN,
        "Operating Revenue": NaN
    },
    "2023-03-31": {
        "Tax Effect Of Unusual Items": NaN,
        "Tax Rate For Calcs": NaN,
        "Normalized EBITDA": NaN,
        "Total Unusual Items": NaN,
        "Total Unusual Items Excluding Goodwill": NaN,
        "Net Income From Continuing Operation Net Minority Interest": NaN,
        "Reconciled Depreciation": NaN,
        "Reconciled Cost Of Revenue": NaN,
        "EBITDA": NaN,
        "EBIT": NaN,
        "Net Interest Income": NaN,
        "Interest Expense": NaN,
        "Interest Income": NaN,
        "Normalized Income": NaN,
        "Net Income From Continuing And Discontinued Operation": NaN,
        "Total Expenses": NaN,
        "Total Operating Income As Reported": NaN,
        "Diluted Average Shares": 16666683.0,
        "Basic Average Shares": 16666683.0,
        "Diluted EPS": -0.11,
        "Basic EPS": -0.11,
        "Diluted NI Availto Com Stockholders": NaN,
        "Net Income Common Stockholders": NaN,
        "Net Income": NaN,
        "Net Income Including Noncontrolling Interests": NaN,
        "Net Income Continuous Operations": NaN,
        "Tax Provision": NaN,
        "Pretax Income": NaN,
        "Other Income Expense": NaN,
        "Other Non Operating Income Expenses": NaN,
        "Special Income Charges": NaN,
        "Gain On Sale Of Ppe": NaN,
        "Other Special Charges": NaN,
        "Net Non Operating Interest Income Expense": NaN,
        "Interest Expense Non Operating": NaN,
        "Interest Income Non Operating": NaN,
        "Operating Income": NaN,
        "Operating Expense": NaN,
        "Selling General And Administration": NaN,
        "Gross Profit": NaN,
        "Cost Of Revenue": NaN,
        "Total Revenue": NaN,
        "Operating Revenue": NaN
    },
    "2022-12-31": {
        "Tax Effect Of Unusual Items": NaN,
        "Tax Rate For Calcs": NaN,
        "Normalized EBITDA": NaN,
        "Total Unusual Items": NaN,
        "Total Unusual Items Excluding Goodwill": NaN,
        "Net Income From Continuing Operation Net Minority Interest": NaN,
        "Reconciled Depreciation": NaN,
        "Reconciled Cost Of Revenue": NaN,
        "EBITDA": NaN,
        "EBIT": NaN,
        "Net Interest Income": NaN,
        "Interest Expense": NaN,
        "Interest Income": NaN,
        "Normalized Income": NaN,
        "Net Income From Continuing And Discontinued Operation": NaN,
        "Total Expenses": NaN,
        "Total Operating Income As Reported": NaN,
        "Diluted Average Shares": 16667185.0,
        "Basic Average Shares": 16667185.0,
        "Diluted EPS": 0.01,
        "Basic EPS": 0.01,
        "Diluted NI Availto Com Stockholders": NaN,
        "Net Income Common Stockholders": NaN,
        "Net Income": NaN,
        "Net Income Including Noncontrolling Interests": NaN,
        "Net Income Continuous Operations": NaN,
        "Tax Provision": NaN,
        "Pretax Income": NaN,
        "Other Income Expense": NaN,
        "Other Non Operating Income Expenses": NaN,
        "Special Income Charges": NaN,
        "Gain On Sale Of Ppe": NaN,
        "Net Non Operating Interest Income Expense": NaN,
        "Interest Expense Non Operating": NaN,
        "Interest Income Non Operating": NaN,
        "Operating Income": NaN,
        "Operating Expense": NaN,
        "Selling General And Administration": NaN,
        "Gross Profit": NaN,
        "Cost Of Revenue": NaN,
        "Total Revenue": NaN,
        "Operating Revenue": NaN
    },
    "2024-06-30": {
        "Tax Effect Of Unusual Items": 4009233.324188,
        "Tax Rate For Calcs": 0.256426,
        "Normalized EBITDA": 10729605.0,
        "Total Unusual Items": 15635070.0,
        "Total Unusual Items Excluding Goodwill": 15635070.0,
        "Net Income From Continuing Operation Net Minority Interest": 17513627.0,
        "Reconciled Depreciation": 2264418.0,
        "Reconciled Cost Of Revenue": 70615936.0,
        "EBITDA": 26364675.0,
        "EBIT": 24100257.0,
        "Net Interest Income": -546960.0,
        "Interest Expense": 546960.0,
        "Interest Income": 0.0,
        "Normalized Income": 5887790.324188,
        "Net Income From Continuing And Discontinued Operation": 17513627.0,
        "Total Expenses": 77431127.0,
        "Total Operating Income As Reported": 8492633.0,
        "Diluted Average Shares": 16597982.0,
        "Basic Average Shares": 16565827.0,
        "Diluted EPS": 1.06,
        "Basic EPS": 1.06,
        "Diluted NI Availto Com Stockholders": 17513627.0,
        "Net Income Common Stockholders": 17513627.0,
        "Net Income": 17513627.0,
        "Net Income Including Noncontrolling Interests": 17513627.0,
        "Net Income Continuous Operations": 17513627.0,
        "Tax Provision": 6039670.0,
        "Pretax Income": 23553297.0,
        "Other Income Expense": 15607624.0,
        "Other Non Operating Income Expenses": -27446.0,
        "Special Income Charges": 15635070.0,
        "Gain On Sale Of Ppe": 571.0,
        "Other Special Charges": -15634499.0,
        "Net Non Operating Interest Income Expense": -546960.0,
        "Interest Expense Non Operating": 546960.0,
        "Interest Income Non Operating": 0.0,
        "Operating Income": 8492633.0,
        "Operating Expense": 6815191.0,
        "Selling General And Administration": 6815191.0,
        "Gross Profit": 15307824.0,
        "Cost Of Revenue": 70615936.0,
        "Total Revenue": 85923760.0,
        "Operating Revenue": 85923760.0
    },
    "2024-09-30": {
        "Tax Effect Of Unusual Items": -6291.708006,
        "Tax Rate For Calcs": 0.20254,
        "Normalized EBITDA": 11112516.0,
        "Total Unusual Items": -31064.0,
        "Total Unusual Items Excluding Goodwill": -31064.0,
        "Net Income From Continuing Operation Net Minority Interest": 6658016.0,
        "Reconciled Depreciation": 2315373.0,
        "Reconciled Cost Of Revenue": 87094282.0,
        "EBITDA": 11081452.0,
        "EBIT": 8766079.0,
        "Net Interest Income": -417049.0,
        "Interest Expense": 417049.0,
        "Interest Income": 0.0,
        "Normalized Income": 6682788.291994,
        "Net Income From Continuing And Discontinued Operation": 6658016.0,
        "Total Expenses": 95877490.0,
        "Total Operating Income As Reported": 8784769.0,
        "Diluted Average Shares": 16607045.0,
        "Basic Average Shares": 16570685.0,
        "Diluted EPS": 0.4,
        "Basic EPS": 0.4,
        "Diluted NI Availto Com Stockholders": 6658016.0,
        "Net Income Common Stockholders": 6658016.0,
        "Net Income": 6658016.0,
        "Net Income Including Noncontrolling Interests": 6658016.0,
        "Net Income Continuous Operations": 6658016.0,
        "Tax Provision": 1691014.0,
        "Pretax Income": 8349030.0,
        "Other Income Expense": -18690.0,
        "Other Non Operating Income Expenses": 12374.0,
        "Special Income Charges": -31064.0,
        "Gain On Sale Of Ppe": -31064.0,
        "Other Special Charges": 0.0,
        "Net Non Operating Interest Income Expense": -417049.0,
        "Interest Expense Non Operating": 417049.0,
        "Interest Income Non Operating": 0.0,
        "Operating Income": 8784769.0,
        "Operating Expense": 8783208.0,
        "Selling General And Administration": 8783208.0,
        "Gross Profit": 17567977.0,
        "Cost Of Revenue": 87094282.0,
        "Total Revenue": 104662259.0,
        "Operating Revenue": 104662259.0
    },
    "2024-12-31": {
        "Tax Effect Of Unusual Items": 68132.136,
        "Tax Rate For Calcs": 0.348,
        "Normalized EBITDA": 4295960.0,
        "Total Unusual Items": 195782.0,
        "Total Unusual Items Excluding Goodwill": 195782.0,
        "Net Income From Continuing Operation Net Minority Interest": 853733.0,
        "Reconciled Depreciation": 2698828.0,
        "Reconciled Cost Of Revenue": 90382532.0,
        "EBITDA": 4491742.0,
        "EBIT": 1792914.0,
        "Net Interest Income": -483718.0,
        "Interest Expense": 483718.0,
        "Interest Income": NaN,
        "Normalized Income": 726083.136,
        "Net Income From Continuing And Discontinued Operation": 853733.0,
        "Total Expenses": 99000720.0,
        "Total Operating Income As Reported": 1645394.0,
        "Diluted Average Shares": 16636561.0,
        "Basic Average Shares": 16585334.0,
        "Diluted EPS": 0.05,
        "Basic EPS": 0.05,
        "Diluted NI Availto Com Stockholders": 853733.0,
        "Net Income Common Stockholders": 853733.0,
        "Net Income": 853733.0,
        "Net Income Including Noncontrolling Interests": 853733.0,
        "Net Income Continuous Operations": 853733.0,
        "Tax Provision": 455463.0,
        "Pretax Income": 1309196.0,
        "Other Income Expense": 147520.0,
        "Other Non Operating Income Expenses": -48262.0,
        "Special Income Charges": 195782.0,
        "Gain On Sale Of Ppe": 195782.0,
        "Other Special Charges": NaN,
        "Net Non Operating Interest Income Expense": -483718.0,
        "Interest Expense Non Operating": 483718.0,
        "Interest Income Non Operating": NaN,
        "Operating Income": 1645394.0,
        "Operating Expense": 8618188.0,
        "Selling General And Administration": 8618188.0,
        "Gross Profit": 10263582.0,
        "Cost Of Revenue": 90382532.0,
        "Total Revenue": 100646114.0,
        "Operating Revenue": 100646114.0
    },
    "2025-03-31": {
        "Tax Effect Of Unusual Items": -4052.3,
        "Tax Rate For Calcs": 0.245,
        "Normalized EBITDA": -4930381.0,
        "Total Unusual Items": -16540.0,
        "Total Unusual Items Excluding Goodwill": -16540.0,
        "Net Income From Continuing Operation Net Minority Interest": -6798418.0,
        "Reconciled Depreciation": 3182462.0,
        "Reconciled Cost Of Revenue": 76601291.0,
        "EBITDA": -4946921.0,
        "EBIT": -8129383.0,
        "Net Interest Income": -875770.0,
        "Interest Expense": 875770.0,
        "Interest Income": NaN,
        "Normalized Income": -6785930.3,
        "Net Income From Continuing And Discontinued Operation": -6798418.0,
        "Total Expenses": 84771378.0,
        "Total Operating Income As Reported": -8092227.0,
        "Diluted Average Shares": 16716809.0,
        "Basic Average Shares": 16716809.0,
        "Diluted EPS": -0.41,
        "Basic EPS": -0.41,
        "Diluted NI Availto Com Stockholders": -6798418.0,
        "Net Income Common Stockholders": -6798418.0,
        "Net Income": -6798418.0,
        "Net Income Including Noncontrolling Interests": -6798418.0,
        "Net Income Continuous Operations": -6798418.0,
        "Tax Provision": -2206735.0,
        "Pretax Income": -9005153.0,
        "Other Income Expense": -37156.0,
        "Other Non Operating Income Expenses": -20616.0,
        "Special Income Charges": -16540.0,
        "Gain On Sale Of Ppe": -16540.0,
        "Other Special Charges": NaN,
        "Net Non Operating Interest Income Expense": -875770.0,
        "Interest Expense Non Operating": 875770.0,
        "Interest Income Non Operating": NaN,
        "Operating Income": -8092227.0,
        "Operating Expense": 8170087.0,
        "Selling General And Administration": 8170087.0,
        "Gross Profit": 77860.0,
        "Cost Of Revenue": 76601291.0,
        "Total Revenue": 76679151.0,
        "Operating Revenue": 76679151.0
    },
    "2025-06-30": {
        "Tax Effect Of Unusual Items": -8001.522232,
        "Tax Rate For Calcs": 0.062167,
        "Normalized EBITDA": 6420938.0,
        "Total Unusual Items": -128710.0,
        "Total Unusual Items Excluding Goodwill": -128710.0,
        "Net Income From Continuing Operation Net Minority Interest": 2081629.0,
        "Reconciled Depreciation": 3291414.0,
        "Reconciled Cost Of Revenue": 91618987.0,
        "EBITDA": 6292228.0,
        "EBIT": 3000814.0,
        "Net Interest Income": -781198.0,
        "Interest Expense": 781198.0,
        "Interest Income": NaN,
        "Normalized Income": 2202337.477768,
        "Net Income From Continuing And Discontinued Operation": 2081629.0,
        "Total Expenses": 100433532.0,
        "Total Operating Income As Reported": 3168053.0,
        "Diluted Average Shares": 16666135.0,
        "Basic Average Shares": 16625761.0,
        "Diluted EPS": 0.12,
        "Basic EPS": 0.13,
        "Diluted NI Availto Com Stockholders": 2081629.0,
        "Net Income Common Stockholders": 2081629.0,
        "Net Income": 2081629.0,
        "Net Income Including Noncontrolling Interests": 2081629.0,
        "Net Income Continuous Operations": 2081629.0,
        "Tax Provision": 137987.0,
        "Pretax Income": 2219616.0,
        "Other Income Expense": -167239.0,
        "Other Non Operating Income Expenses": -38529.0,
        "Special Income Charges": -128710.0,
        "Gain On Sale Of Ppe": -128710.0,
        "Other Special Charges": NaN,
        "Net Non Operating Interest Income Expense": -781198.0,
        "Interest Expense Non Operating": 781198.0,
        "Interest Income Non Operating": NaN,
        "Operating Income": 3168053.0,
        "Operating Expense": 8814545.0,
        "Selling General And Administration": 8814545.0,
        "Gross Profit": 11982598.0,
        "Cost Of Revenue": 91618987.0,
        "Total Revenue": 103601585.0,
        "Operating Revenue": 103601585.0
    }
}