{
    "2025-06-30": {
        "Tax Effect Of Unusual Items": 0.0,
        "Tax Rate For Calcs": 0.0,
        "Normalized EBITDA": -1723932.0,
        "Total Unusual Items": 0.0,
        "Total Unusual Items Excluding Goodwill": 0.0,
        "Net Income From Continuing Operation Net Minority Interest": -1726604.0,
        "Reconciled Depreciation": 0.0,
        "EBITDA": -1723932.0,
        "EBIT": -1723932.0,
        "Net Interest Income": -2672.0,
        "Interest Expense": 2672.0,
        "Interest Income": NaN,
        "Normalized Income": -1726604.0,
        "Net Income From Continuing And Discontinued Operation": -1726604.0,
        "Total Expenses": 1730415.0,
        "Total Operating Income As Reported": -1730415.0,
        "Diluted Average Shares": 5708126.0,
        "Basic Average Shares": 5708126.0,
        "Diluted EPS": -0.3,
        "Basic EPS": -0.3,
        "Diluted NI Availto Com Stockholders": -1726604.0,
        "Net Income Common Stockholders": -1726604.0,
        "Otherunder Preferred Stock Dividend": 0.0,
        "Net Income": -1726604.0,
        "Net Income Including Noncontrolling Interests": -1726604.0,
        "Net Income Discontinuous Operations": NaN,
        "Net Income Continuous Operations": -1726604.0,
        "Tax Provision": 0.0,
        "Pretax Income": -1726604.0,
        "Other Income Expense": 6483.0,
        "Other Non Operating Income Expenses": 6483.0,
        "Special Income Charges": 0.0,
        "Gain On Sale Of Ppe": NaN,
        "Other Special Charges": NaN,
        "Write Off": NaN,
        "Gain On Sale Of Security": NaN,
        "Net Non Operating Interest Income Expense": -2672.0,
        "Interest Expense Non Operating": 2672.0,
        "Interest Income Non Operating": NaN,
        "Operating Income": -1730415.0,
        "Operating Expense": 1730415.0,
        "Research And Development": 322758.0,
        "Selling General And Administration": 1407657.0,
        "General And Administrative Expense": 1407657.0,
        "Other Gand A": 1407657.0,
        "Total Revenue": 0.0,
        "Operating Revenue": 0.0
    },
    "2025-03-31": {
        "Tax Effect Of Unusual Items": 0.0,
        "Tax Rate For Calcs": 0.0,
        "Normalized EBITDA": -2366577.0,
        "Total Unusual Items": NaN,
        "Total Unusual Items Excluding Goodwill": NaN,
        "Net Income From Continuing Operation Net Minority Interest": -2369232.0,
        "Reconciled Depreciation": 0.0,
        "EBITDA": -2366577.0,
        "EBIT": -2366577.0,
        "Net Interest Income": -2655.0,
        "Interest Expense": 2655.0,
        "Interest Income": NaN,
        "Normalized Income": -2369232.0,
        "Net Income From Continuing And Discontinued Operation": -2369232.0,
        "Total Expenses": 2372968.0,
        "Total Operating Income As Reported": -2372968.0,
        "Diluted Average Shares": 3539331.0,
        "Basic Average Shares": 3539331.0,
        "Diluted EPS": -0.67,
        "Basic EPS": -0.67,
        "Diluted NI Availto Com Stockholders": -2369232.0,
        "Net Income Common Stockholders": -2369232.0,
        "Otherunder Preferred Stock Dividend": NaN,
        "Net Income": -2369232.0,
        "Net Income Including Noncontrolling Interests": -2369232.0,
        "Net Income Discontinuous Operations": NaN,
        "Net Income Continuous Operations": -2369232.0,
        "Tax Provision": 0.0,
        "Pretax Income": -2369232.0,
        "Other Income Expense": 6391.0,
        "Other Non Operating Income Expenses": 6391.0,
        "Special Income Charges": NaN,
        "Gain On Sale Of Ppe": NaN,
        "Other Special Charges": NaN,
        "Write Off": NaN,
        "Gain On Sale Of Security": NaN,
        "Net Non Operating Interest Income Expense": -2655.0,
        "Interest Expense Non Operating": 2655.0,
        "Interest Income Non Operating": NaN,
        "Operating Income": -2372968.0,
        "Operating Expense": 2372968.0,
        "Research And Development": 376360.0,
        "Selling General And Administration": 1996608.0,
        "General And Administrative Expense": 1996608.0,
        "Other Gand A": 1996608.0,
        "Total Revenue": 0.0,
        "Operating Revenue": 0.0
    },
    "2024-12-31": {
        "Tax Effect Of Unusual Items": -99030.148878,
        "Tax Rate For Calcs": 0.064782,
        "Normalized EBITDA": -3031660.0,
        "Total Unusual Items": -1528660.0,
        "Total Unusual Items Excluding Goodwill": -1528660.0,
        "Net Income From Continuing Operation Net Minority Interest": -4273494.0,
        "Reconciled Depreciation": -3131.0,
        "EBITDA": -4560320.0,
        "EBIT": -4560320.0,
        "Net Interest Income": -9198.0,
        "Interest Expense": 9198.0,
        "Interest Income": NaN,
        "Normalized Income": -2843864.148878,
        "Net Income From Continuing And Discontinued Operation": -4273494.0,
        "Total Expenses": 1406430.0,
        "Total Operating Income As Reported": -1406430.0,
        "Diluted Average Shares": NaN,
        "Basic Average Shares": NaN,
        "Diluted EPS": NaN,
        "Basic EPS": NaN,
        "Diluted NI Availto Com Stockholders": -12285004.0,
        "Net Income Common Stockholders": -12285004.0,
        "Otherunder Preferred Stock Dividend": NaN,
        "Net Income": -4273494.0,
        "Net Income Including Noncontrolling Interests": -4273494.0,
        "Net Income Discontinuous Operations": NaN,
        "Net Income Continuous Operations": -4273494.0,
        "Tax Provision": -296024.0,
        "Pretax Income": -4569518.0,
        "Other Income Expense": -3153890.0,
        "Other Non Operating Income Expenses": -1625230.0,
        "Special Income Charges": -1528660.0,
        "Gain On Sale Of Ppe": NaN,
        "Other Special Charges": 2118.0,
        "Write Off": 1526542.0,
        "Gain On Sale Of Security": 0.0,
        "Net Non Operating Interest Income Expense": -9198.0,
        "Interest Expense Non Operating": 9198.0,
        "Interest Income Non Operating": NaN,
        "Operating Income": -1406430.0,
        "Operating Expense": 1406430.0,
        "Research And Development": 408836.0,
        "Selling General And Administration": 997594.0,
        "General And Administrative Expense": 997594.0,
        "Other Gand A": 997594.0,
        "Total Revenue": 0.0,
        "Operating Revenue": 0.0
    },
    "2024-09-30": {
        "Tax Effect Of Unusual Items": 0.0,
        "Tax Rate For Calcs": 0.0,
        "Normalized EBITDA": -519533.0,
        "Total Unusual Items": -2304.0,
        "Total Unusual Items Excluding Goodwill": -2304.0,
        "Net Income From Continuing Operation Net Minority Interest": -532389.0,
        "Reconciled Depreciation": 13851.0,
        "EBITDA": -521837.0,
        "EBIT": -521837.0,
        "Net Interest Income": -10552.0,
        "Interest Expense": 10552.0,
        "Interest Income": 0.0,
        "Normalized Income": -530085.0,
        "Net Income From Continuing And Discontinued Operation": -836720.0,
        "Total Expenses": 596172.0,
        "Total Operating Income As Reported": -596172.0,
        "Diluted Average Shares": 980641.0,
        "Basic Average Shares": 980641.0,
        "Diluted EPS": -8.53,
        "Basic EPS": -8.53,
        "Diluted NI Availto Com Stockholders": -836720.0,
        "Net Income Common Stockholders": -836720.0,
        "Otherunder Preferred Stock Dividend": NaN,
        "Net Income": -836720.0,
        "Net Income Including Noncontrolling Interests": -836720.0,
        "Net Income Discontinuous Operations": -304331.0,
        "Net Income Continuous Operations": -532389.0,
        "Tax Provision": 0.0,
        "Pretax Income": -532389.0,
        "Other Income Expense": 74335.0,
        "Other Non Operating Income Expenses": 76639.0,
        "Special Income Charges": -2304.0,
        "Gain On Sale Of Ppe": 0.0,
        "Other Special Charges": 2304.0,
        "Write Off": 0.0,
        "Gain On Sale Of Security": NaN,
        "Net Non Operating Interest Income Expense": -10552.0,
        "Interest Expense Non Operating": 10552.0,
        "Interest Income Non Operating": 0.0,
        "Operating Income": -596172.0,
        "Operating Expense": 596172.0,
        "Research And Development": 402715.0,
        "Selling General And Administration": 596172.0,
        "General And Administrative Expense": 596172.0,
        "Other Gand A": 596172.0,
        "Total Revenue": 0.0,
        "Operating Revenue": 0.0
    },
    "2024-06-30": {
        "Tax Effect Of Unusual Items": NaN,
        "Tax Rate For Calcs": NaN,
        "Normalized EBITDA": NaN,
        "Total Unusual Items": 157177.0,
        "Total Unusual Items Excluding Goodwill": 157177.0,
        "Net Income From Continuing Operation Net Minority Interest": NaN,
        "Reconciled Depreciation": 23981.0,
        "EBITDA": NaN,
        "EBIT": NaN,
        "Net Interest Income": NaN,
        "Interest Expense": NaN,
        "Interest Income": NaN,
        "Normalized Income": NaN,
        "Net Income From Continuing And Discontinued Operation": NaN,
        "Total Expenses": NaN,
        "Total Operating Income As Reported": NaN,
        "Diluted Average Shares": 919141.0,
        "Basic Average Shares": 919141.0,
        "Diluted EPS": 0.01,
        "Basic EPS": 0.01,
        "Diluted NI Availto Com Stockholders": NaN,
        "Net Income Common Stockholders": NaN,
        "Otherunder Preferred Stock Dividend": 0.0,
        "Net Income": NaN,
        "Net Income Including Noncontrolling Interests": NaN,
        "Net Income Discontinuous Operations": NaN,
        "Net Income Continuous Operations": NaN,
        "Tax Provision": NaN,
        "Pretax Income": NaN,
        "Other Income Expense": NaN,
        "Other Non Operating Income Expenses": NaN,
        "Special Income Charges": 156928.0,
        "Gain On Sale Of Ppe": NaN,
        "Other Special Charges": -156928.0,
        "Write Off": NaN,
        "Gain On Sale Of Security": 249.0,
        "Net Non Operating Interest Income Expense": NaN,
        "Interest Expense Non Operating": NaN,
        "Interest Income Non Operating": NaN,
        "Operating Income": NaN,
        "Operating Expense": NaN,
        "Research And Development": 252526.0,
        "Selling General And Administration": NaN,
        "General And Administrative Expense": NaN,
        "Other Gand A": NaN,
        "Total Revenue": NaN,
        "Operating Revenue": NaN
    },
    "2024-03-31": {
        "Tax Effect Of Unusual Items": NaN,
        "Tax Rate For Calcs": NaN,
        "Normalized EBITDA": NaN,
        "Total Unusual Items": NaN,
        "Total Unusual Items Excluding Goodwill": NaN,
        "Net Income From Continuing Operation Net Minority Interest": NaN,
        "Reconciled Depreciation": NaN,
        "EBITDA": NaN,
        "EBIT": NaN,
        "Net Interest Income": NaN,
        "Interest Expense": NaN,
        "Interest Income": NaN,
        "Normalized Income": NaN,
        "Net Income From Continuing And Discontinued Operation": NaN,
        "Total Expenses": NaN,
        "Total Operating Income As Reported": NaN,
        "Diluted Average Shares": NaN,
        "Basic Average Shares": NaN,
        "Diluted EPS": NaN,
        "Basic EPS": NaN,
        "Diluted NI Availto Com Stockholders": NaN,
        "Net Income Common Stockholders": NaN,
        "Otherunder Preferred Stock Dividend": NaN,
        "Net Income": NaN,
        "Net Income Including Noncontrolling Interests": NaN,
        "Net Income Discontinuous Operations": NaN,
        "Net Income Continuous Operations": NaN,
        "Tax Provision": NaN,
        "Pretax Income": NaN,
        "Other Income Expense": NaN,
        "Other Non Operating Income Expenses": NaN,
        "Special Income Charges": NaN,
        "Gain On Sale Of Ppe": NaN,
        "Other Special Charges": NaN,
        "Write Off": NaN,
        "Gain On Sale Of Security": -191.0,
        "Net Non Operating Interest Income Expense": NaN,
        "Interest Expense Non Operating": NaN,
        "Interest Income Non Operating": NaN,
        "Operating Income": NaN,
        "Operating Expense": NaN,
        "Research And Development": NaN,
        "Selling General And Administration": NaN,
        "General And Administrative Expense": NaN,
        "Other Gand A": NaN,
        "Total Revenue": NaN,
        "Operating Revenue": NaN
    },
    "2023-12-31": {
        "Tax Effect Of Unusual Items": NaN,
        "Tax Rate For Calcs": NaN,
        "Normalized EBITDA": NaN,
        "Total Unusual Items": 5547.0,
        "Total Unusual Items Excluding Goodwill": 5547.0,
        "Net Income From Continuing Operation Net Minority Interest": NaN,
        "Reconciled Depreciation": NaN,
        "EBITDA": NaN,
        "EBIT": NaN,
        "Net Interest Income": NaN,
        "Interest Expense": NaN,
        "Normalized Income": NaN,
        "Net Income From Continuing And Discontinued Operation": NaN,
        "Total Expenses": NaN,
        "Total Operating Income As Reported": NaN,
        "Diluted Average Shares": NaN,
        "Basic Average Shares": NaN,
        "Diluted EPS": NaN,
        "Basic EPS": NaN,
        "Diluted NI Availto Com Stockholders": NaN,
        "Net Income Common Stockholders": NaN,
        "Otherunder Preferred Stock Dividend": NaN,
        "Net Income": NaN,
        "Net Income Including Noncontrolling Interests": NaN,
        "Net Income Continuous Operations": NaN,
        "Tax Provision": NaN,
        "Pretax Income": NaN,
        "Other Income Expense": NaN,
        "Other Non Operating Income Expenses": NaN,
        "Special Income Charges": 0.0,
        "Write Off": 0.0,
        "Impairment Of Capital Assets": 0.0,
        "Gain On Sale Of Security": 5547.0,
        "Net Non Operating Interest Income Expense": NaN,
        "Interest Expense Non Operating": NaN,
        "Operating Income": NaN,
        "Operating Expense": NaN,
        "Research And Development": NaN,
        "Selling General And Administration": NaN,
        "General And Administrative Expense": NaN,
        "Other Gand A": NaN,
        "Total Revenue": NaN,
        "Operating Revenue": NaN
    },
    "2025-09-30": {
        "Tax Effect Of Unusual Items": 0.0,
        "Tax Rate For Calcs": 0.0,
        "Normalized EBITDA": -216442808.0,
        "Total Unusual Items": 8091752.0,
        "Total Unusual Items Excluding Goodwill": 8091752.0,
        "Net Income From Continuing Operation Net Minority Interest": -208670965.0,
        "Reconciled Depreciation": NaN,
        "EBITDA": -208351056.0,
        "EBIT": -208351056.0,
        "Net Interest Income": 7302.0,
        "Interest Expense": 319909.0,
        "Interest Income": 327211.0,
        "Normalized Income": -216762717.0,
        "Net Income From Continuing And Discontinued Operation": -216742056.0,
        "Total Expenses": 224604532.0,
        "Total Operating Income As Reported": -220494363.0,
        "Diluted Average Shares": 12417757.0,
        "Basic Average Shares": 12417757.0,
        "Diluted EPS": -17.45,
        "Basic EPS": -17.45,
        "Diluted NI Availto Com Stockholders": -216742056.0,
        "Net Income Common Stockholders": -216742056.0,
        "Otherunder Preferred Stock Dividend": NaN,
        "Net Income": -216742056.0,
        "Net Income Including Noncontrolling Interests": -216742056.0,
        "Net Income Discontinuous Operations": -8071091.0,
        "Net Income Continuous Operations": -208670965.0,
        "Tax Provision": 0.0,
        "Pretax Income": -208670965.0,
        "Other Income Expense": 11816096.0,
        "Other Non Operating Income Expenses": 3724344.0,
        "Special Income Charges": 7549815.0,
        "Gain On Sale Of Ppe": 7549815.0,
        "Other Special Charges": NaN,
        "Write Off": NaN,
        "Gain On Sale Of Security": 541937.0,
        "Net Non Operating Interest Income Expense": 7302.0,
        "Interest Expense Non Operating": 319909.0,
        "Interest Income Non Operating": 327211.0,
        "Operating Income": -220494363.0,
        "Operating Expense": 224604532.0,
        "Research And Development": NaN,
        "Selling General And Administration": 224604532.0,
        "General And Administrative Expense": 224604532.0,
        "Other Gand A": 224604532.0,
        "Total Revenue": 4110169.0,
        "Operating Revenue": 4110169.0
    }
}