{
    "2023-03-31": {
        "Tax Effect Of Unusual Items": 0.0,
        "Tax Rate For Calcs": 0.0,
        "Normalized EBITDA": -26747000.0,
        "Net Income From Continuing Operation Net Minority Interest": -28836000.0,
        "Reconciled Depreciation": 14000.0,
        "EBITDA": -26747000.0,
        "EBIT": -26761000.0,
        "Net Interest Income": -312000.0,
        "Interest Expense": 2075000.0,
        "Interest Income": 1763000.0,
        "Normalized Income": -28836000.0,
        "Net Income From Continuing And Discontinued Operation": -28836000.0,
        "Total Expenses": 28524000.0,
        "Total Operating Income As Reported": -28524000.0,
        "Diluted Average Shares": 53171370.0,
        "Basic Average Shares": 53171370.0,
        "Diluted EPS": -0.54,
        "Basic EPS": -0.54,
        "Diluted NI Availto Com Stockholders": -28836000.0,
        "Net Income Common Stockholders": -28836000.0,
        "Net Income": -28836000.0,
        "Net Income Including Noncontrolling Interests": -28836000.0,
        "Net Income Continuous Operations": -28836000.0,
        "Tax Provision": 0.0,
        "Pretax Income": -28836000.0,
        "Net Non Operating Interest Income Expense": -312000.0,
        "Interest Expense Non Operating": 2075000.0,
        "Interest Income Non Operating": 1763000.0,
        "Operating Income": -28524000.0,
        "Operating Expense": 28524000.0,
        "Research And Development": 22306000.0,
        "Selling General And Administration": 6218000.0,
        "General And Administrative Expense": 6218000.0,
        "Other Gand A": 6218000.0,
        "Total Revenue": 0.0,
        "Operating Revenue": 0.0
    },
    "2022-12-31": {
        "Tax Effect Of Unusual Items": NaN,
        "Tax Rate For Calcs": NaN,
        "Normalized EBITDA": NaN,
        "Net Income From Continuing Operation Net Minority Interest": NaN,
        "Reconciled Depreciation": NaN,
        "EBITDA": NaN,
        "EBIT": NaN,
        "Net Interest Income": NaN,
        "Interest Expense": NaN,
        "Interest Income": NaN,
        "Normalized Income": NaN,
        "Net Income From Continuing And Discontinued Operation": NaN,
        "Total Expenses": NaN,
        "Total Operating Income As Reported": NaN,
        "Diluted Average Shares": 50809279.0,
        "Basic Average Shares": 50809279.0,
        "Diluted EPS": -0.48,
        "Basic EPS": -0.48,
        "Diluted NI Availto Com Stockholders": NaN,
        "Net Income Common Stockholders": NaN,
        "Net Income": NaN,
        "Net Income Including Noncontrolling Interests": NaN,
        "Net Income Continuous Operations": NaN,
        "Tax Provision": NaN,
        "Pretax Income": NaN,
        "Net Non Operating Interest Income Expense": NaN,
        "Interest Expense Non Operating": NaN,
        "Interest Income Non Operating": NaN,
        "Operating Income": NaN,
        "Operating Expense": NaN,
        "Research And Development": NaN,
        "Selling General And Administration": NaN,
        "General And Administrative Expense": NaN,
        "Other Gand A": NaN,
        "Total Revenue": NaN,
        "Operating Revenue": NaN
    },
    "2022-09-30": {
        "Tax Effect Of Unusual Items": NaN,
        "Tax Rate For Calcs": NaN,
        "Normalized EBITDA": NaN,
        "Net Income From Continuing Operation Net Minority Interest": NaN,
        "Reconciled Depreciation": NaN,
        "EBITDA": NaN,
        "EBIT": NaN,
        "Net Interest Income": NaN,
        "Interest Expense": NaN,
        "Interest Income": NaN,
        "Normalized Income": NaN,
        "Net Income From Continuing And Discontinued Operation": NaN,
        "Total Expenses": NaN,
        "Total Operating Income As Reported": NaN,
        "Diluted Average Shares": NaN,
        "Basic Average Shares": NaN,
        "Diluted EPS": NaN,
        "Basic EPS": NaN,
        "Diluted NI Availto Com Stockholders": NaN,
        "Net Income Common Stockholders": NaN,
        "Net Income": NaN,
        "Net Income Including Noncontrolling Interests": NaN,
        "Net Income Continuous Operations": NaN,
        "Tax Provision": NaN,
        "Pretax Income": NaN,
        "Other Income Expense": 238000.0,
        "Other Non Operating Income Expenses": 238000.0,
        "Net Non Operating Interest Income Expense": NaN,
        "Interest Expense Non Operating": NaN,
        "Interest Income Non Operating": NaN,
        "Operating Income": NaN,
        "Operating Expense": NaN,
        "Research And Development": NaN,
        "Selling General And Administration": NaN,
        "General And Administrative Expense": NaN,
        "Other Gand A": NaN,
        "Total Revenue": NaN,
        "Operating Revenue": NaN
    },
    "2022-06-30": {
        "Tax Effect Of Unusual Items": 0.0,
        "Tax Rate For Calcs": 0.0,
        "Normalized EBITDA": -24722000.0,
        "Net Income From Continuing Operation Net Minority Interest": -25054000.0,
        "Reconciled Depreciation": 16000.0,
        "EBITDA": -24722000.0,
        "EBIT": -24738000.0,
        "Net Interest Income": NaN,
        "Interest Expense": NaN,
        "Interest Income": NaN,
        "Normalized Income": -25054000.0,
        "Net Income From Continuing And Discontinued Operation": -25054000.0,
        "Total Expenses": 24738000.0,
        "Total Operating Income As Reported": -24738000.0,
        "Diluted Average Shares": 20351560.0,
        "Basic Average Shares": 20351560.0,
        "Diluted EPS": -1.23,
        "Basic EPS": -1.23,
        "Diluted NI Availto Com Stockholders": -25054000.0,
        "Net Income Common Stockholders": -25054000.0,
        "Net Income": -25054000.0,
        "Net Income Including Noncontrolling Interests": -25054000.0,
        "Net Income Continuous Operations": -25054000.0,
        "Tax Provision": 0.0,
        "Pretax Income": -25054000.0,
        "Other Income Expense": -316000.0,
        "Other Non Operating Income Expenses": -316000.0,
        "Net Non Operating Interest Income Expense": NaN,
        "Interest Expense Non Operating": NaN,
        "Interest Income Non Operating": NaN,
        "Operating Income": -24738000.0,
        "Operating Expense": 24738000.0,
        "Research And Development": 19686000.0,
        "Selling General And Administration": 5052000.0,
        "General And Administrative Expense": 5052000.0,
        "Other Gand A": 5052000.0,
        "Total Revenue": 0.0,
        "Operating Revenue": 0.0
    },
    "2022-03-31": {
        "Diluted EPS": -1.26,
        "Total Revenue": NaN,
        "Gross Profit": NaN,
        "Operating Income": -25,
        "EBIT": -25,
        "Net Income": -26
    },
    "2021-12-31": {
        "Diluted EPS": -1.3,
        "Total Revenue": NaN,
        "Gross Profit": NaN,
        "Operating Income": -26,
        "EBIT": -26,
        "Net Income": -26
    },
    "2021-09-30": {
        "Diluted EPS": -1.41,
        "Total Revenue": NaN,
        "Gross Profit": NaN,
        "Operating Income": -28,
        "EBIT": -28,
        "Net Income": -28
    },
    "2021-06-30": {
        "Diluted EPS": -1.03,
        "Total Revenue": NaN,
        "Gross Profit": NaN,
        "Operating Income": -21,
        "EBIT": -20,
        "Net Income": -21
    },
    "2021-03-31": {
        "Diluted EPS": -0.74,
        "Total Revenue": NaN,
        "Gross Profit": NaN,
        "Operating Income": -15,
        "EBIT": -14,
        "Net Income": -15
    },
    "2020-12-31": {
        "Diluted EPS": -0.61,
        "Total Revenue": NaN,
        "Gross Profit": NaN,
        "Operating Income": -13,
        "EBIT": -12,
        "Net Income": -13
    },
    "2020-09-30": {
        "Diluted EPS": -0.86,
        "Total Revenue": NaN,
        "Gross Profit": NaN,
        "Operating Income": -14,
        "EBIT": -14,
        "Net Income": -15
    },
    "2020-06-30": {
        "Diluted EPS": -0.85,
        "Total Revenue": NaN,
        "Gross Profit": NaN,
        "Operating Income": -12,
        "EBIT": -12,
        "Net Income": -12
    },
    "2020-03-31": {
        "Diluted EPS": -0.76,
        "Total Revenue": NaN,
        "Gross Profit": NaN,
        "Operating Income": -11,
        "EBIT": -11,
        "Net Income": -11
    },
    "2019-12-31": {
        "Diluted EPS": 37.9,
        "Total Revenue": NaN,
        "Gross Profit": NaN,
        "Operating Income": -10,
        "EBIT": -10,
        "Net Income": -19
    },
    "2019-09-30": {
        "Diluted EPS": -30.63,
        "Total Revenue": NaN,
        "Gross Profit": NaN,
        "Operating Income": -8,
        "EBIT": -8,
        "Net Income": -19
    },
    "2019-06-30": {
        "Diluted EPS": -24.5,
        "Total Revenue": NaN,
        "Gross Profit": NaN,
        "Operating Income": -4,
        "EBIT": -4,
        "Net Income": -15
    },
    "2019-03-31": {
        "Diluted EPS": -7.26,
        "Total Revenue": NaN,
        "Gross Profit": NaN,
        "Operating Income": -5,
        "EBIT": -5,
        "Net Income": -4
    },
    "2018-12-31": {
        "Diluted EPS": 0.0,
        "Total Revenue": NaN,
        "Gross Profit": NaN,
        "Operating Income": NaN,
        "EBIT": NaN,
        "Net Income": NaN
    },
    "2018-09-30": {
        "Diluted EPS": -6.81,
        "Total Revenue": NaN,
        "Gross Profit": NaN,
        "Operating Income": -4,
        "EBIT": -4,
        "Net Income": -4
    },
    "2023-06-30": {
        "Tax Effect Of Unusual Items": 0.0,
        "Tax Rate For Calcs": 0.0,
        "Normalized EBITDA": -37489000.0,
        "Net Income From Continuing Operation Net Minority Interest": -38393000.0,
        "Reconciled Depreciation": 10000.0,
        "EBITDA": -37489000.0,
        "EBIT": -37499000.0,
        "Net Interest Income": 3736000.0,
        "Interest Expense": 894000.0,
        "Interest Income": 4630000.0,
        "Normalized Income": -38393000.0,
        "Net Income From Continuing And Discontinued Operation": -38393000.0,
        "Total Expenses": 42129000.0,
        "Total Operating Income As Reported": -42129000.0,
        "Diluted Average Shares": 74126569.0,
        "Basic Average Shares": 74126569.0,
        "Diluted EPS": -0.52,
        "Basic EPS": -0.52,
        "Diluted NI Availto Com Stockholders": -38393000.0,
        "Net Income Common Stockholders": -38393000.0,
        "Net Income": -38393000.0,
        "Net Income Including Noncontrolling Interests": -38393000.0,
        "Net Income Continuous Operations": -38393000.0,
        "Tax Provision": 0.0,
        "Pretax Income": -38393000.0,
        "Net Non Operating Interest Income Expense": 3736000.0,
        "Interest Expense Non Operating": 894000.0,
        "Interest Income Non Operating": 4630000.0,
        "Operating Income": -42129000.0,
        "Operating Expense": 42129000.0,
        "Research And Development": 34915000.0,
        "Selling General And Administration": 7214000.0,
        "General And Administrative Expense": 7214000.0,
        "Other Gand A": 7214000.0,
        "Total Revenue": 0.0,
        "Operating Revenue": 0.0
    },
    "2023-09-30": {
        "Tax Effect Of Unusual Items": 0.0,
        "Tax Rate For Calcs": 0.0,
        "Normalized EBITDA": -33756000.0,
        "Net Income From Continuing Operation Net Minority Interest": -34725000.0,
        "Reconciled Depreciation": 10000.0,
        "EBITDA": -33756000.0,
        "EBIT": -33766000.0,
        "Net Interest Income": 4620000.0,
        "Interest Expense": 959000.0,
        "Interest Income": 5579000.0,
        "Normalized Income": -34725000.0,
        "Net Income From Continuing And Discontinued Operation": -34725000.0,
        "Total Expenses": 39345000.0,
        "Total Operating Income As Reported": -39345000.0,
        "Diluted Average Shares": 76336050.0,
        "Basic Average Shares": 76336050.0,
        "Diluted EPS": -0.45,
        "Basic EPS": -0.45,
        "Diluted NI Availto Com Stockholders": -34725000.0,
        "Net Income Common Stockholders": -34725000.0,
        "Net Income": -34725000.0,
        "Net Income Including Noncontrolling Interests": -34725000.0,
        "Net Income Continuous Operations": -34725000.0,
        "Tax Provision": 0.0,
        "Pretax Income": -34725000.0,
        "Net Non Operating Interest Income Expense": 4620000.0,
        "Interest Expense Non Operating": 959000.0,
        "Interest Income Non Operating": 5579000.0,
        "Operating Income": -39345000.0,
        "Operating Expense": 39345000.0,
        "Research And Development": 31417000.0,
        "Selling General And Administration": 7928000.0,
        "General And Administrative Expense": 7928000.0,
        "Other Gand A": 7928000.0,
        "Total Revenue": 0.0,
        "Operating Revenue": 0.0
    },
    "2023-12-31": {
        "Tax Effect Of Unusual Items": 0.0,
        "Tax Rate For Calcs": 0.21,
        "Normalized EBITDA": -35486000.0,
        "Net Income From Continuing Operation Net Minority Interest": -40235000.0,
        "Reconciled Depreciation": 16000.0,
        "EBITDA": -35486000.0,
        "EBIT": -35502000.0,
        "Net Interest Income": 4838000.0,
        "Interest Expense": 866000.0,
        "Interest Income": 5704000.0,
        "Normalized Income": -40235000.0,
        "Net Income From Continuing And Discontinued Operation": -40235000.0,
        "Total Expenses": 41206000.0,
        "Total Operating Income As Reported": -41206000.0,
        "Diluted Average Shares": 80696621.0,
        "Basic Average Shares": 80696621.0,
        "Diluted EPS": -0.5,
        "Basic EPS": -0.5,
        "Diluted NI Availto Com Stockholders": -40235000.0,
        "Net Income Common Stockholders": -40235000.0,
        "Net Income": -40235000.0,
        "Net Income Including Noncontrolling Interests": -40235000.0,
        "Net Income Continuous Operations": -40235000.0,
        "Tax Provision": 3867000.0,
        "Pretax Income": -36368000.0,
        "Net Non Operating Interest Income Expense": 4838000.0,
        "Interest Expense Non Operating": 866000.0,
        "Interest Income Non Operating": 5704000.0,
        "Operating Income": -41206000.0,
        "Operating Expense": 41206000.0,
        "Research And Development": 33592000.0,
        "Selling General And Administration": 7614000.0,
        "General And Administrative Expense": 7614000.0,
        "Other Gand A": 7614000.0,
        "Total Revenue": 0.0,
        "Operating Revenue": 0.0
    },
    "2024-03-31": {
        "Tax Effect Of Unusual Items": 0.0,
        "Tax Rate For Calcs": 0.21,
        "Normalized EBITDA": -50712000.0,
        "Net Income From Continuing Operation Net Minority Interest": -51681000.0,
        "Reconciled Depreciation": 9000.0,
        "EBITDA": -50712000.0,
        "EBIT": -50721000.0,
        "Net Interest Income": 5693000.0,
        "Interest Expense": 863000.0,
        "Interest Income": 6556000.0,
        "Normalized Income": -51681000.0,
        "Net Income From Continuing And Discontinued Operation": -51681000.0,
        "Total Expenses": 57277000.0,
        "Total Operating Income As Reported": -57277000.0,
        "Diluted Average Shares": 95846740.0,
        "Basic Average Shares": 95846740.0,
        "Diluted EPS": -0.54,
        "Basic EPS": -0.54,
        "Diluted NI Availto Com Stockholders": -51681000.0,
        "Net Income Common Stockholders": -51681000.0,
        "Net Income": -51681000.0,
        "Net Income Including Noncontrolling Interests": -51681000.0,
        "Net Income Continuous Operations": -51681000.0,
        "Tax Provision": 97000.0,
        "Pretax Income": -51584000.0,
        "Net Non Operating Interest Income Expense": 5693000.0,
        "Interest Expense Non Operating": 863000.0,
        "Interest Income Non Operating": 6556000.0,
        "Operating Income": -57277000.0,
        "Operating Expense": 57277000.0,
        "Research And Development": 47428000.0,
        "Selling General And Administration": 9849000.0,
        "General And Administrative Expense": 9849000.0,
        "Other Gand A": 9849000.0,
        "Total Revenue": 0.0,
        "Operating Revenue": 0.0
    },
    "2024-06-30": {
        "Tax Effect Of Unusual Items": 0.0,
        "Tax Rate For Calcs": 0.21,
        "Normalized EBITDA": -46951000.0,
        "Net Income From Continuing Operation Net Minority Interest": -47971000.0,
        "Reconciled Depreciation": 12000.0,
        "EBITDA": -46951000.0,
        "EBIT": -46963000.0,
        "Net Interest Income": 5599000.0,
        "Interest Expense": 874000.0,
        "Interest Income": 6473000.0,
        "Normalized Income": -47971000.0,
        "Net Income From Continuing And Discontinued Operation": -47971000.0,
        "Total Expenses": 53436000.0,
        "Total Operating Income As Reported": -53436000.0,
        "Diluted Average Shares": 99831111.0,
        "Basic Average Shares": 99831111.0,
        "Diluted EPS": -0.48,
        "Basic EPS": -0.48,
        "Diluted NI Availto Com Stockholders": -47971000.0,
        "Net Income Common Stockholders": -47971000.0,
        "Net Income": -47971000.0,
        "Net Income Including Noncontrolling Interests": -47971000.0,
        "Net Income Continuous Operations": -47971000.0,
        "Tax Provision": 134000.0,
        "Pretax Income": -47837000.0,
        "Net Non Operating Interest Income Expense": 5599000.0,
        "Interest Expense Non Operating": 874000.0,
        "Interest Income Non Operating": 6473000.0,
        "Operating Income": -53436000.0,
        "Operating Expense": 53436000.0,
        "Research And Development": 44865000.0,
        "Selling General And Administration": 8571000.0,
        "General And Administrative Expense": 8571000.0,
        "Other Gand A": 8571000.0,
        "Total Revenue": 0.0,
        "Operating Revenue": 0.0
    },
    "2024-09-30": {
        "Tax Effect Of Unusual Items": 0.0,
        "Tax Rate For Calcs": 0.21,
        "Normalized EBITDA": -146499000.0,
        "Net Income From Continuing Operation Net Minority Interest": -149073000.0,
        "Reconciled Depreciation": 8000.0,
        "EBITDA": -146499000.0,
        "EBIT": -146507000.0,
        "Net Interest Income": 3069000.0,
        "Interest Expense": 2362000.0,
        "Interest Income": 5431000.0,
        "Normalized Income": -149073000.0,
        "Net Income From Continuing And Discontinued Operation": -149073000.0,
        "Total Expenses": 151938000.0,
        "Total Operating Income As Reported": -151938000.0,
        "Diluted Average Shares": 107075197.0,
        "Basic Average Shares": 107075197.0,
        "Diluted EPS": -1.39,
        "Basic EPS": -1.39,
        "Diluted NI Availto Com Stockholders": -149073000.0,
        "Net Income Common Stockholders": -149073000.0,
        "Net Income": -149073000.0,
        "Net Income Including Noncontrolling Interests": -149073000.0,
        "Net Income Continuous Operations": -149073000.0,
        "Tax Provision": 204000.0,
        "Pretax Income": -148869000.0,
        "Net Non Operating Interest Income Expense": 3069000.0,
        "Interest Expense Non Operating": 2362000.0,
        "Interest Income Non Operating": 5431000.0,
        "Operating Income": -151938000.0,
        "Operating Expense": 151938000.0,
        "Research And Development": 141441000.0,
        "Selling General And Administration": 10497000.0,
        "General And Administrative Expense": 10497000.0,
        "Other Gand A": 10497000.0,
        "Total Revenue": 0.0,
        "Operating Revenue": 0.0
    },
    "2024-12-31": {
        "Tax Effect Of Unusual Items": 0.0,
        "Tax Rate For Calcs": 0.21,
        "Normalized EBITDA": -116897000.0,
        "Net Income From Continuing Operation Net Minority Interest": -118354000.0,
        "Reconciled Depreciation": 9000.0,
        "EBITDA": -116897000.0,
        "EBIT": -116906000.0,
        "Net Interest Income": 3908000.0,
        "Interest Expense": 1191000.0,
        "Interest Income": 5099000.0,
        "Normalized Income": -118354000.0,
        "Net Income From Continuing And Discontinued Operation": -118354000.0,
        "Total Expenses": 122005000.0,
        "Total Operating Income As Reported": -122005000.0,
        "Diluted Average Shares": 115955933.0,
        "Basic Average Shares": 115955933.0,
        "Diluted EPS": -1.02,
        "Basic EPS": -1.02,
        "Diluted NI Availto Com Stockholders": -118354000.0,
        "Net Income Common Stockholders": -118354000.0,
        "Net Income": -118354000.0,
        "Net Income Including Noncontrolling Interests": -118354000.0,
        "Net Income Continuous Operations": -118354000.0,
        "Tax Provision": 257000.0,
        "Pretax Income": -118097000.0,
        "Net Non Operating Interest Income Expense": 3908000.0,
        "Interest Expense Non Operating": 1191000.0,
        "Interest Income Non Operating": 5099000.0,
        "Operating Income": -122005000.0,
        "Operating Expense": 122005000.0,
        "Research And Development": 111303000.0,
        "Selling General And Administration": 10702000.0,
        "General And Administrative Expense": 10702000.0,
        "Other Gand A": 10702000.0,
        "Total Revenue": 0.0,
        "Operating Revenue": 0.0
    }
}