{
    "2023-03-31": {
        "Tax Effect Of Unusual Items": NaN,
        "Tax Rate For Calcs": NaN,
        "Normalized EBITDA": NaN,
        "Net Income From Continuing Operation Net Minority Interest": NaN,
        "Reconciled Depreciation": NaN,
        "Reconciled Cost Of Revenue": NaN,
        "EBITDA": NaN,
        "EBIT": NaN,
        "Net Interest Income": NaN,
        "Interest Expense": 126000.0,
        "Normalized Income": NaN,
        "Net Income From Continuing And Discontinued Operation": NaN,
        "Total Expenses": NaN,
        "Total Operating Income As Reported": NaN,
        "Diluted Average Shares": 25525000.0,
        "Basic Average Shares": 25525000.0,
        "Diluted EPS": -0.1,
        "Basic EPS": -0.1,
        "Diluted NI Availto Com Stockholders": NaN,
        "Net Income Common Stockholders": NaN,
        "Net Income": NaN,
        "Net Income Including Noncontrolling Interests": NaN,
        "Net Income Continuous Operations": NaN,
        "Tax Provision": NaN,
        "Pretax Income": NaN,
        "Other Income Expense": NaN,
        "Other Non Operating Income Expenses": NaN,
        "Net Non Operating Interest Income Expense": NaN,
        "Interest Expense Non Operating": 126000.0,
        "Operating Income": NaN,
        "Operating Expense": NaN,
        "Research And Development": NaN,
        "Selling General And Administration": NaN,
        "General And Administrative Expense": NaN,
        "Other Gand A": NaN,
        "Gross Profit": NaN,
        "Cost Of Revenue": NaN,
        "Total Revenue": NaN,
        "Operating Revenue": NaN
    },
    "2022-12-31": {
        "Tax Effect Of Unusual Items": NaN,
        "Tax Rate For Calcs": NaN,
        "Normalized EBITDA": NaN,
        "Total Unusual Items": 0.0,
        "Total Unusual Items Excluding Goodwill": 0.0,
        "Net Income From Continuing Operation Net Minority Interest": NaN,
        "Reconciled Depreciation": NaN,
        "Reconciled Cost Of Revenue": NaN,
        "EBITDA": NaN,
        "EBIT": NaN,
        "Net Interest Income": NaN,
        "Interest Expense": NaN,
        "Normalized Income": NaN,
        "Net Income From Continuing And Discontinued Operation": NaN,
        "Total Expenses": NaN,
        "Total Operating Income As Reported": NaN,
        "Diluted Average Shares": NaN,
        "Basic Average Shares": NaN,
        "Diluted EPS": NaN,
        "Basic EPS": NaN,
        "Diluted NI Availto Com Stockholders": NaN,
        "Net Income Common Stockholders": NaN,
        "Net Income": NaN,
        "Net Income Including Noncontrolling Interests": NaN,
        "Net Income Continuous Operations": NaN,
        "Tax Provision": NaN,
        "Pretax Income": NaN,
        "Other Income Expense": NaN,
        "Other Non Operating Income Expenses": NaN,
        "Special Income Charges": 0.0,
        "Gain On Sale Of Ppe": 0.0,
        "Net Non Operating Interest Income Expense": NaN,
        "Interest Expense Non Operating": NaN,
        "Operating Income": NaN,
        "Operating Expense": NaN,
        "Research And Development": NaN,
        "Selling General And Administration": NaN,
        "General And Administrative Expense": NaN,
        "Other Gand A": NaN,
        "Gross Profit": NaN,
        "Cost Of Revenue": NaN,
        "Total Revenue": NaN,
        "Operating Revenue": NaN
    },
    "2022-09-30": {
        "Tax Effect Of Unusual Items": NaN,
        "Tax Rate For Calcs": NaN,
        "Normalized EBITDA": NaN,
        "Total Unusual Items": 0.0,
        "Total Unusual Items Excluding Goodwill": 0.0,
        "Net Income From Continuing Operation Net Minority Interest": NaN,
        "Reconciled Depreciation": NaN,
        "Reconciled Cost Of Revenue": NaN,
        "EBITDA": NaN,
        "EBIT": NaN,
        "Net Interest Income": NaN,
        "Interest Expense": 150000.0,
        "Normalized Income": NaN,
        "Net Income From Continuing And Discontinued Operation": NaN,
        "Total Expenses": NaN,
        "Total Operating Income As Reported": NaN,
        "Diluted Average Shares": NaN,
        "Basic Average Shares": NaN,
        "Diluted EPS": NaN,
        "Basic EPS": NaN,
        "Diluted NI Availto Com Stockholders": NaN,
        "Net Income Common Stockholders": NaN,
        "Net Income": NaN,
        "Net Income Including Noncontrolling Interests": NaN,
        "Net Income Continuous Operations": NaN,
        "Tax Provision": NaN,
        "Pretax Income": NaN,
        "Other Income Expense": NaN,
        "Other Non Operating Income Expenses": NaN,
        "Special Income Charges": 0.0,
        "Gain On Sale Of Ppe": 0.0,
        "Net Non Operating Interest Income Expense": NaN,
        "Interest Expense Non Operating": 150000.0,
        "Operating Income": NaN,
        "Operating Expense": NaN,
        "Research And Development": NaN,
        "Selling General And Administration": NaN,
        "General And Administrative Expense": NaN,
        "Other Gand A": NaN,
        "Gross Profit": NaN,
        "Cost Of Revenue": NaN,
        "Total Revenue": NaN,
        "Operating Revenue": NaN
    },
    "2022-06-30": {
        "Tax Effect Of Unusual Items": 0.0,
        "Tax Rate For Calcs": 0.0,
        "Normalized EBITDA": -169000.0,
        "Total Unusual Items": 0.0,
        "Total Unusual Items Excluding Goodwill": 0.0,
        "Net Income From Continuing Operation Net Minority Interest": -1558000.0,
        "Reconciled Depreciation": 1171000.0,
        "Reconciled Cost Of Revenue": 2745000.0,
        "EBITDA": -169000.0,
        "EBIT": -1340000.0,
        "Net Interest Income": -218000.0,
        "Interest Expense": 218000.0,
        "Normalized Income": -1558000.0,
        "Net Income From Continuing And Discontinued Operation": -1558000.0,
        "Total Expenses": 8698000.0,
        "Total Operating Income As Reported": -1340000.0,
        "Diluted Average Shares": 25126000.0,
        "Basic Average Shares": 25126000.0,
        "Diluted EPS": -0.06,
        "Basic EPS": -0.06,
        "Diluted NI Availto Com Stockholders": -1558000.0,
        "Net Income Common Stockholders": -1558000.0,
        "Net Income": -1558000.0,
        "Net Income Including Noncontrolling Interests": -1558000.0,
        "Net Income Continuous Operations": -1558000.0,
        "Tax Provision": 0.0,
        "Pretax Income": -1558000.0,
        "Other Income Expense": NaN,
        "Other Non Operating Income Expenses": NaN,
        "Special Income Charges": 0.0,
        "Gain On Sale Of Ppe": 0.0,
        "Net Non Operating Interest Income Expense": -218000.0,
        "Total Other Finance Cost": NaN,
        "Interest Expense Non Operating": 218000.0,
        "Operating Income": -1340000.0,
        "Operating Expense": 5953000.0,
        "Research And Development": 690000.0,
        "Selling General And Administration": 5263000.0,
        "General And Administrative Expense": 5263000.0,
        "Other Gand A": 5263000.0,
        "Gross Profit": 4613000.0,
        "Cost Of Revenue": 2745000.0,
        "Total Revenue": 7358000.0,
        "Operating Revenue": 7358000.0
    },
    "2022-03-31": {
        "Diluted EPS": -0.21,
        "Total Revenue": 2,
        "Gross Profit": 1,
        "Operating Income": -5,
        "EBIT": -5,
        "Net Income": -5
    },
    "2021-12-31": {
        "Diluted EPS": 0.05,
        "Total Revenue": 6,
        "Gross Profit": 6,
        "Operating Income": 1,
        "EBIT": 1,
        "Net Income": 1
    },
    "2021-09-30": {
        "Diluted EPS": -0.24,
        "Total Revenue": 1,
        "Gross Profit": 0,
        "Operating Income": -6,
        "EBIT": -6,
        "Net Income": -6
    },
    "2021-06-30": {
        "Diluted EPS": -0.08,
        "Total Revenue": 3,
        "Gross Profit": 3,
        "Operating Income": -2,
        "EBIT": -2,
        "Net Income": -2
    },
    "2021-03-31": {
        "Diluted EPS": 0.19,
        "Total Revenue": 12,
        "Gross Profit": 10,
        "Operating Income": 5,
        "EBIT": 6,
        "Net Income": 5
    },
    "2020-12-31": {
        "Diluted EPS": -0.29,
        "Total Revenue": 0,
        "Gross Profit": 0,
        "Operating Income": -7,
        "EBIT": -7,
        "Net Income": -8
    },
    "2020-09-30": {
        "Diluted EPS": -0.31,
        "Total Revenue": 0,
        "Gross Profit": 0,
        "Operating Income": -6,
        "EBIT": -6,
        "Net Income": -7
    },
    "2020-06-30": {
        "Diluted EPS": -0.23,
        "Total Revenue": 0,
        "Gross Profit": 0,
        "Operating Income": -5,
        "EBIT": -4,
        "Net Income": -5
    },
    "2020-03-31": {
        "Diluted EPS": -0.5,
        "Total Revenue": 0,
        "Gross Profit": 0,
        "Operating Income": -9,
        "EBIT": -9,
        "Net Income": -9
    },
    "2019-12-31": {
        "Diluted EPS": -0.15,
        "Total Revenue": 0,
        "Gross Profit": 0,
        "Operating Income": -3,
        "EBIT": -2,
        "Net Income": -3
    },
    "2019-09-30": {
        "Diluted EPS": -0.28,
        "Total Revenue": NaN,
        "Gross Profit": NaN,
        "Operating Income": -5,
        "EBIT": -5,
        "Net Income": -5
    },
    "2019-06-30": {
        "Diluted EPS": -0.18,
        "Total Revenue": NaN,
        "Gross Profit": NaN,
        "Operating Income": -3,
        "EBIT": -3,
        "Net Income": -3
    },
    "2019-03-31": {
        "Diluted EPS": -0.42,
        "Total Revenue": 1,
        "Gross Profit": 1,
        "Operating Income": -8,
        "EBIT": -7,
        "Net Income": -7
    },
    "2018-12-31": {
        "Diluted EPS": -3.31,
        "Total Revenue": NaN,
        "Gross Profit": NaN,
        "Operating Income": -2,
        "EBIT": -2,
        "Net Income": -26
    },
    "2018-09-30": {
        "Diluted EPS": -0.65,
        "Total Revenue": NaN,
        "Gross Profit": NaN,
        "Operating Income": -2,
        "EBIT": -2,
        "Net Income": -4
    },
    "2018-06-30": {
        "Diluted EPS": -0.79,
        "Total Revenue": NaN,
        "Gross Profit": NaN,
        "Operating Income": -3,
        "EBIT": -3,
        "Net Income": -4
    },
    "2018-03-31": {
        "Diluted EPS": -1.05,
        "Total Revenue": NaN,
        "Gross Profit": NaN,
        "Operating Income": -3,
        "EBIT": -3,
        "Net Income": -4
    },
    "2017-12-31": {
        "Diluted EPS": 0.0,
        "Total Revenue": NaN,
        "Gross Profit": NaN,
        "Operating Income": NaN,
        "EBIT": NaN,
        "Net Income": NaN
    },
    "2017-09-30": {
        "Diluted EPS": -1.0,
        "Total Revenue": NaN,
        "Gross Profit": NaN,
        "Operating Income": -3,
        "EBIT": -3,
        "Net Income": -3
    },
    "2023-06-30": {
        "Tax Effect Of Unusual Items": NaN,
        "Tax Rate For Calcs": NaN,
        "Normalized EBITDA": NaN,
        "Net Income From Continuing Operation Net Minority Interest": NaN,
        "Reconciled Depreciation": NaN,
        "Reconciled Cost Of Revenue": NaN,
        "EBITDA": NaN,
        "EBIT": NaN,
        "Net Interest Income": NaN,
        "Interest Expense": 124000.0,
        "Normalized Income": NaN,
        "Net Income From Continuing And Discontinued Operation": NaN,
        "Total Expenses": NaN,
        "Total Operating Income As Reported": NaN,
        "Diluted Average Shares": NaN,
        "Basic Average Shares": NaN,
        "Diluted EPS": NaN,
        "Basic EPS": NaN,
        "Diluted NI Availto Com Stockholders": NaN,
        "Net Income Common Stockholders": NaN,
        "Net Income": NaN,
        "Net Income Including Noncontrolling Interests": NaN,
        "Net Income Continuous Operations": NaN,
        "Tax Provision": NaN,
        "Pretax Income": NaN,
        "Other Income Expense": 800000.0,
        "Other Non Operating Income Expenses": 800000.0,
        "Net Non Operating Interest Income Expense": NaN,
        "Interest Expense Non Operating": 124000.0,
        "Operating Income": NaN,
        "Operating Expense": NaN,
        "Research And Development": NaN,
        "Selling General And Administration": NaN,
        "General And Administrative Expense": NaN,
        "Other Gand A": NaN,
        "Gross Profit": NaN,
        "Cost Of Revenue": NaN,
        "Total Revenue": NaN,
        "Operating Revenue": NaN
    },
    "2023-09-30": {
        "Tax Effect Of Unusual Items": NaN,
        "Tax Rate For Calcs": NaN,
        "Normalized EBITDA": NaN,
        "Net Income From Continuing Operation Net Minority Interest": NaN,
        "Reconciled Depreciation": NaN,
        "Reconciled Cost Of Revenue": NaN,
        "EBITDA": NaN,
        "EBIT": NaN,
        "Net Interest Income": NaN,
        "Interest Expense": 31000.0,
        "Normalized Income": NaN,
        "Net Income From Continuing And Discontinued Operation": NaN,
        "Total Expenses": NaN,
        "Total Operating Income As Reported": NaN,
        "Diluted Average Shares": NaN,
        "Basic Average Shares": NaN,
        "Diluted EPS": NaN,
        "Basic EPS": NaN,
        "Diluted NI Availto Com Stockholders": NaN,
        "Net Income Common Stockholders": NaN,
        "Net Income": NaN,
        "Net Income Including Noncontrolling Interests": NaN,
        "Net Income Continuous Operations": NaN,
        "Tax Provision": NaN,
        "Pretax Income": NaN,
        "Net Non Operating Interest Income Expense": NaN,
        "Interest Expense Non Operating": 31000.0,
        "Operating Income": NaN,
        "Operating Expense": NaN,
        "Research And Development": NaN,
        "Selling General And Administration": NaN,
        "General And Administrative Expense": NaN,
        "Other Gand A": NaN,
        "Gross Profit": NaN,
        "Cost Of Revenue": NaN,
        "Total Revenue": NaN,
        "Operating Revenue": NaN
    },
    "2023-12-31": {
        "Tax Effect Of Unusual Items": 0.0,
        "Tax Rate For Calcs": 0.21,
        "Normalized EBITDA": -2518000.0,
        "Net Income From Continuing Operation Net Minority Interest": -2256000.0,
        "Reconciled Depreciation": 275000.0,
        "Reconciled Cost Of Revenue": 3683000.0,
        "EBITDA": -2518000.0,
        "EBIT": -2793000.0,
        "Net Interest Income": 784000.0,
        "Interest Expense": NaN,
        "Normalized Income": -2256000.0,
        "Net Income From Continuing And Discontinued Operation": -2256000.0,
        "Total Expenses": 9306000.0,
        "Total Operating Income As Reported": -1993000.0,
        "Diluted Average Shares": NaN,
        "Basic Average Shares": NaN,
        "Diluted EPS": NaN,
        "Basic EPS": NaN,
        "Diluted NI Availto Com Stockholders": -2256000.0,
        "Net Income Common Stockholders": -2256000.0,
        "Net Income": -2256000.0,
        "Net Income Including Noncontrolling Interests": -2256000.0,
        "Net Income Continuous Operations": -2256000.0,
        "Tax Provision": 247000.0,
        "Pretax Income": -2009000.0,
        "Net Non Operating Interest Income Expense": 784000.0,
        "Interest Expense Non Operating": NaN,
        "Operating Income": -1993000.0,
        "Operating Expense": 5623000.0,
        "Research And Development": 1047000.0,
        "Selling General And Administration": 4576000.0,
        "General And Administrative Expense": 4576000.0,
        "Other Gand A": 4576000.0,
        "Gross Profit": 3630000.0,
        "Cost Of Revenue": 3683000.0,
        "Total Revenue": 7313000.0,
        "Operating Revenue": 7313000.0
    },
    "2024-03-31": {
        "Tax Effect Of Unusual Items": NaN,
        "Tax Rate For Calcs": NaN,
        "Normalized EBITDA": NaN,
        "Net Income From Continuing Operation Net Minority Interest": NaN,
        "Reconciled Depreciation": NaN,
        "Reconciled Cost Of Revenue": NaN,
        "EBITDA": NaN,
        "EBIT": NaN,
        "Net Interest Income": NaN,
        "Interest Expense": 11000.0,
        "Normalized Income": NaN,
        "Net Income From Continuing And Discontinued Operation": NaN,
        "Total Expenses": NaN,
        "Total Operating Income As Reported": NaN,
        "Diluted Average Shares": NaN,
        "Basic Average Shares": NaN,
        "Diluted EPS": NaN,
        "Basic EPS": NaN,
        "Diluted NI Availto Com Stockholders": NaN,
        "Net Income Common Stockholders": NaN,
        "Net Income": NaN,
        "Net Income Including Noncontrolling Interests": NaN,
        "Net Income Continuous Operations": NaN,
        "Tax Provision": NaN,
        "Pretax Income": NaN,
        "Net Non Operating Interest Income Expense": NaN,
        "Interest Expense Non Operating": 11000.0,
        "Operating Income": NaN,
        "Operating Expense": NaN,
        "Research And Development": NaN,
        "Selling General And Administration": NaN,
        "General And Administrative Expense": NaN,
        "Other Gand A": NaN,
        "Gross Profit": NaN,
        "Cost Of Revenue": NaN,
        "Total Revenue": NaN,
        "Operating Revenue": NaN
    },
    "2024-06-30": {
        "Tax Effect Of Unusual Items": NaN,
        "Tax Rate For Calcs": NaN,
        "Normalized EBITDA": NaN,
        "Net Income From Continuing Operation Net Minority Interest": NaN,
        "Reconciled Depreciation": NaN,
        "Reconciled Cost Of Revenue": NaN,
        "EBITDA": NaN,
        "EBIT": NaN,
        "Net Interest Income": NaN,
        "Interest Expense": 52000.0,
        "Normalized Income": NaN,
        "Net Income From Continuing And Discontinued Operation": NaN,
        "Total Expenses": NaN,
        "Total Operating Income As Reported": NaN,
        "Diluted Average Shares": NaN,
        "Basic Average Shares": NaN,
        "Diluted EPS": NaN,
        "Basic EPS": NaN,
        "Diluted NI Availto Com Stockholders": NaN,
        "Net Income Common Stockholders": NaN,
        "Net Income": NaN,
        "Net Income Including Noncontrolling Interests": NaN,
        "Net Income Continuous Operations": NaN,
        "Tax Provision": NaN,
        "Pretax Income": NaN,
        "Net Non Operating Interest Income Expense": NaN,
        "Interest Expense Non Operating": 52000.0,
        "Operating Income": NaN,
        "Operating Expense": NaN,
        "Research And Development": NaN,
        "Selling General And Administration": NaN,
        "General And Administrative Expense": NaN,
        "Other Gand A": NaN,
        "Gross Profit": NaN,
        "Cost Of Revenue": NaN,
        "Total Revenue": NaN,
        "Operating Revenue": NaN
    },
    "2024-09-30": {
        "Tax Effect Of Unusual Items": 0.0,
        "Tax Rate For Calcs": 0.21,
        "Normalized EBITDA": 787000.0,
        "Net Income From Continuing Operation Net Minority Interest": 627000.0,
        "Reconciled Depreciation": 278000.0,
        "Reconciled Cost Of Revenue": 4022000.0,
        "EBITDA": 787000.0,
        "EBIT": 509000.0,
        "Net Interest Income": -8000.0,
        "Interest Expense": 8000.0,
        "Normalized Income": 627000.0,
        "Net Income From Continuing And Discontinued Operation": 627000.0,
        "Total Expenses": 9815000.0,
        "Total Operating Income As Reported": 509000.0,
        "Diluted Average Shares": 26550000.0,
        "Basic Average Shares": 25900000.0,
        "Diluted EPS": 0.02,
        "Basic EPS": 0.02,
        "Diluted NI Availto Com Stockholders": 627000.0,
        "Net Income Common Stockholders": 627000.0,
        "Net Income": 627000.0,
        "Net Income Including Noncontrolling Interests": 627000.0,
        "Net Income Continuous Operations": 627000.0,
        "Tax Provision": -126000.0,
        "Pretax Income": 501000.0,
        "Net Non Operating Interest Income Expense": -8000.0,
        "Interest Expense Non Operating": 8000.0,
        "Operating Income": 509000.0,
        "Operating Expense": 5793000.0,
        "Research And Development": 505000.0,
        "Selling General And Administration": 5288000.0,
        "General And Administrative Expense": 5288000.0,
        "Other Gand A": 5288000.0,
        "Gross Profit": 6302000.0,
        "Cost Of Revenue": 4022000.0,
        "Total Revenue": 10324000.0,
        "Operating Revenue": 10324000.0
    },
    "2024-12-31": {
        "Tax Effect Of Unusual Items": 0.0,
        "Tax Rate For Calcs": 0.21,
        "Normalized EBITDA": 984000.0,
        "Net Income From Continuing Operation Net Minority Interest": -598000.0,
        "Reconciled Depreciation": 355000.0,
        "Reconciled Cost Of Revenue": 5171000.0,
        "EBITDA": 984000.0,
        "EBIT": 629000.0,
        "Net Interest Income": -1140000.0,
        "Interest Expense": NaN,
        "Normalized Income": -598000.0,
        "Net Income From Continuing And Discontinued Operation": -598000.0,
        "Total Expenses": 11018000.0,
        "Total Operating Income As Reported": 629000.0,
        "Diluted Average Shares": 26136000.0,
        "Basic Average Shares": 26136000.0,
        "Diluted EPS": -0.02,
        "Basic EPS": -0.02,
        "Diluted NI Availto Com Stockholders": -598000.0,
        "Net Income Common Stockholders": -598000.0,
        "Net Income": -598000.0,
        "Net Income Including Noncontrolling Interests": -598000.0,
        "Net Income Continuous Operations": -598000.0,
        "Tax Provision": 87000.0,
        "Pretax Income": -511000.0,
        "Net Non Operating Interest Income Expense": -1140000.0,
        "Interest Expense Non Operating": NaN,
        "Operating Income": 629000.0,
        "Operating Expense": 5847000.0,
        "Research And Development": -871000.0,
        "Selling General And Administration": 6718000.0,
        "General And Administrative Expense": 6718000.0,
        "Other Gand A": 6718000.0,
        "Gross Profit": 6476000.0,
        "Cost Of Revenue": 5171000.0,
        "Total Revenue": 11647000.0,
        "Operating Revenue": 11647000.0
    },
    "2025-03-31": {
        "Tax Effect Of Unusual Items": 0.0,
        "Tax Rate For Calcs": 0.21,
        "Normalized EBITDA": 543000.0,
        "Net Income From Continuing Operation Net Minority Interest": -1572000.0,
        "Reconciled Depreciation": 1013000.0,
        "Reconciled Cost Of Revenue": 7421000.0,
        "EBITDA": 543000.0,
        "EBIT": -470000.0,
        "Net Interest Income": -1028000.0,
        "Interest Expense": 1028000.0,
        "Normalized Income": -1572000.0,
        "Net Income From Continuing And Discontinued Operation": -1572000.0,
        "Total Expenses": 17752000.0,
        "Total Operating Income As Reported": -470000.0,
        "Diluted Average Shares": 26886000.0,
        "Basic Average Shares": 26886000.0,
        "Diluted EPS": -0.06,
        "Basic EPS": -0.06,
        "Diluted NI Availto Com Stockholders": -1572000.0,
        "Net Income Common Stockholders": -1572000.0,
        "Net Income": -1572000.0,
        "Net Income Including Noncontrolling Interests": -1572000.0,
        "Net Income Continuous Operations": -1572000.0,
        "Tax Provision": 74000.0,
        "Pretax Income": -1498000.0,
        "Net Non Operating Interest Income Expense": -1028000.0,
        "Interest Expense Non Operating": 1028000.0,
        "Operating Income": -470000.0,
        "Operating Expense": 10331000.0,
        "Research And Development": 1161000.0,
        "Selling General And Administration": 9170000.0,
        "General And Administrative Expense": 9170000.0,
        "Other Gand A": 9170000.0,
        "Gross Profit": 9861000.0,
        "Cost Of Revenue": 7421000.0,
        "Total Revenue": 17282000.0,
        "Operating Revenue": 17282000.0
    },
    "2025-06-30": {
        "Tax Effect Of Unusual Items": 0.0,
        "Tax Rate For Calcs": 0.21,
        "Normalized EBITDA": -470000.0,
        "Net Income From Continuing Operation Net Minority Interest": -2585000.0,
        "Reconciled Depreciation": 1005000.0,
        "Reconciled Cost Of Revenue": 7004000.0,
        "EBITDA": -470000.0,
        "EBIT": -1475000.0,
        "Net Interest Income": -1044000.0,
        "Interest Expense": 1044000.0,
        "Normalized Income": -2585000.0,
        "Net Income From Continuing And Discontinued Operation": -2585000.0,
        "Total Expenses": 20403000.0,
        "Total Operating Income As Reported": -1475000.0,
        "Diluted Average Shares": 26893000.0,
        "Basic Average Shares": 26893000.0,
        "Diluted EPS": -0.1,
        "Basic EPS": -0.1,
        "Diluted NI Availto Com Stockholders": -2585000.0,
        "Net Income Common Stockholders": -2585000.0,
        "Net Income": -2585000.0,
        "Net Income Including Noncontrolling Interests": -2585000.0,
        "Net Income Continuous Operations": -2585000.0,
        "Tax Provision": 66000.0,
        "Pretax Income": -2519000.0,
        "Net Non Operating Interest Income Expense": -1044000.0,
        "Interest Expense Non Operating": 1044000.0,
        "Operating Income": -1475000.0,
        "Operating Expense": 13399000.0,
        "Research And Development": 3712000.0,
        "Selling General And Administration": 9687000.0,
        "General And Administrative Expense": 9687000.0,
        "Other Gand A": 9687000.0,
        "Gross Profit": 11924000.0,
        "Cost Of Revenue": 7004000.0,
        "Total Revenue": 18928000.0,
        "Operating Revenue": 18928000.0
    },
    "2025-09-30": {
        "Tax Effect Of Unusual Items": 0.0,
        "Tax Rate For Calcs": 0.014,
        "Normalized EBITDA": -354000.0,
        "Net Income From Continuing Operation Net Minority Interest": -1927000.0,
        "Reconciled Depreciation": 1009000.0,
        "Reconciled Cost Of Revenue": 14604000.0,
        "EBITDA": -354000.0,
        "EBIT": -1363000.0,
        "Net Interest Income": -592000.0,
        "Interest Expense": 592000.0,
        "Normalized Income": -1927000.0,
        "Net Income From Continuing And Discontinued Operation": -1927000.0,
        "Total Expenses": 23822000.0,
        "Total Operating Income As Reported": -1363000.0,
        "Diluted Average Shares": 26893000.0,
        "Basic Average Shares": 26893000.0,
        "Diluted EPS": -0.07,
        "Basic EPS": -0.07,
        "Diluted NI Availto Com Stockholders": -1927000.0,
        "Net Income Common Stockholders": -1927000.0,
        "Net Income": -1927000.0,
        "Net Income Including Noncontrolling Interests": -1927000.0,
        "Net Income Continuous Operations": -1927000.0,
        "Tax Provision": -28000.0,
        "Pretax Income": -1955000.0,
        "Net Non Operating Interest Income Expense": -592000.0,
        "Interest Expense Non Operating": 592000.0,
        "Operating Income": -1363000.0,
        "Operating Expense": 9218000.0,
        "Research And Development": 1112000.0,
        "Selling General And Administration": 8106000.0,
        "General And Administrative Expense": 8106000.0,
        "Other Gand A": 8106000.0,
        "Gross Profit": 7855000.0,
        "Cost Of Revenue": 14604000.0,
        "Total Revenue": 22459000.0,
        "Operating Revenue": 22459000.0
    }
}