{
    "2023-03-31": {
        "Tax Effect Of Unusual Items": 4860660.0,
        "Tax Rate For Calcs": 0.21,
        "Normalized EBITDA": 1009140000.0,
        "Total Unusual Items": 23146000.0,
        "Total Unusual Items Excluding Goodwill": 23146000.0,
        "Net Income From Continuing Operation Net Minority Interest": 312299000.0,
        "Reconciled Depreciation": 553224000.0,
        "Reconciled Cost Of Revenue": 1706123000.0,
        "EBITDA": 1032286000.0,
        "EBIT": 479062000.0,
        "Net Interest Income": -197479000.0,
        "Interest Expense": 245738000.0,
        "Interest Income": 48259000.0,
        "Normalized Income": 294013660.0,
        "Net Income From Continuing And Discontinued Operation": 312299000.0,
        "Total Expenses": 2518950000.0,
        "Total Operating Income As Reported": 462109000.0,
        "Diluted Average Shares": 212146507.0,
        "Basic Average Shares": 211350705.0,
        "Diluted EPS": 1.47,
        "Basic EPS": 1.47,
        "Diluted NI Availto Com Stockholders": 310935000.0,
        "Net Income Common Stockholders": 310935000.0,
        "Preferred Stock Dividends": 1364000.0,
        "Net Income": 312299000.0,
        "Net Income Including Noncontrolling Interests": 312299000.0,
        "Net Income Continuous Operations": 312299000.0,
        "Tax Provision": -78975000.0,
        "Pretax Income": 233324000.0,
        "Other Income Expense": -31306000.0,
        "Other Non Operating Income Expenses": -54452000.0,
        "Special Income Charges": 23146000.0,
        "Other Special Charges": -23146000.0,
        "Write Off": 0.0,
        "Net Non Operating Interest Income Expense": -197479000.0,
        "Interest Expense Non Operating": 245738000.0,
        "Interest Income Non Operating": 48259000.0,
        "Operating Income": 462109000.0,
        "Operating Expense": 713519000.0,
        "Other Operating Expenses": 74166000.0,
        "Other Taxes": 185437000.0,
        "Depreciation Amortization Depletion Income Statement": 453916000.0,
        "Depreciation And Amortization In Income Statement": 453916000.0,
        "Gross Profit": 1175628000.0,
        "Cost Of Revenue": 1805431000.0,
        "Total Revenue": 2981059000.0,
        "Operating Revenue": 2947992000.0
    },
    "2022-12-31": {
        "Tax Effect Of Unusual Items": 4860870.0,
        "Tax Rate For Calcs": 0.21,
        "Normalized EBITDA": 861144000.0,
        "Total Unusual Items": 23147000.0,
        "Total Unusual Items Excluding Goodwill": 23147000.0,
        "Net Income From Continuing Operation Net Minority Interest": 97652000.0,
        "Reconciled Depreciation": 522615000.0,
        "Reconciled Cost Of Revenue": 2079964000.0,
        "EBITDA": 884291000.0,
        "EBIT": 361676000.0,
        "Net Interest Income": -193968000.0,
        "Interest Expense": 193968000.0,
        "Interest Income": NaN,
        "Normalized Income": 79365870.0,
        "Net Income From Continuing And Discontinued Operation": 97652000.0,
        "Total Expenses": 2823622000.0,
        "Total Operating Income As Reported": 448878000.0,
        "Diluted Average Shares": 209104938.0,
        "Basic Average Shares": 207984460.0,
        "Diluted EPS": 0.51,
        "Basic EPS": 0.51,
        "Diluted NI Availto Com Stockholders": 106474000.0,
        "Net Income Common Stockholders": 106474000.0,
        "Preferred Stock Dividends": -8822000.0,
        "Net Income": 97652000.0,
        "Net Income Including Noncontrolling Interests": 97652000.0,
        "Net Income Continuous Operations": 97652000.0,
        "Tax Provision": 70056000.0,
        "Pretax Income": 167708000.0,
        "Other Income Expense": -87202000.0,
        "Other Non Operating Income Expenses": -110349000.0,
        "Special Income Charges": 23147000.0,
        "Other Special Charges": -23147000.0,
        "Write Off": 0.0,
        "Net Non Operating Interest Income Expense": -193968000.0,
        "Interest Expense Non Operating": 193968000.0,
        "Interest Income Non Operating": NaN,
        "Operating Income": 448878000.0,
        "Operating Expense": 645047000.0,
        "Other Operating Expenses": 29953000.0,
        "Other Taxes": 191090000.0,
        "Depreciation Amortization Depletion Income Statement": 424004000.0,
        "Depreciation And Amortization In Income Statement": 424004000.0,
        "Gross Profit": 1093925000.0,
        "Cost Of Revenue": 2178575000.0,
        "Total Revenue": 3272500000.0,
        "Operating Revenue": 3272500000.0
    },
    "2022-09-30": {
        "Tax Effect Of Unusual Items": 5072575.528991,
        "Tax Rate For Calcs": 0.248802,
        "Normalized EBITDA": 1500868000.0,
        "Total Unusual Items": 20388000.0,
        "Total Unusual Items Excluding Goodwill": 20388000.0,
        "Net Income From Continuing Operation Net Minority Interest": 555882000.0,
        "Reconciled Depreciation": 553802000.0,
        "Reconciled Cost Of Revenue": 2514215000.0,
        "EBITDA": 1521256000.0,
        "EBIT": 967454000.0,
        "Net Interest Income": -224494000.0,
        "Interest Expense": 227460000.0,
        "Interest Income": 2966000.0,
        "Normalized Income": 540566575.528991,
        "Net Income From Continuing And Discontinued Operation": 555882000.0,
        "Total Expenses": 3264053000.0,
        "Total Operating Income As Reported": 954705000.0,
        "Diluted Average Shares": 204578013.0,
        "Basic Average Shares": 203445773.0,
        "Diluted EPS": 2.74,
        "Basic EPS": 2.76,
        "Diluted NI Availto Com Stockholders": 560589000.0,
        "Net Income Common Stockholders": 560589000.0,
        "Preferred Stock Dividends": -4707000.0,
        "Net Income": 555882000.0,
        "Net Income Including Noncontrolling Interests": 555882000.0,
        "Net Income Continuous Operations": 555882000.0,
        "Tax Provision": 184112000.0,
        "Pretax Income": 739994000.0,
        "Other Income Expense": 9926000.0,
        "Other Non Operating Income Expenses": -10462000.0,
        "Special Income Charges": 20388000.0,
        "Other Special Charges": -20245000.0,
        "Write Off": -143000.0,
        "Net Non Operating Interest Income Expense": -224494000.0,
        "Interest Expense Non Operating": 227460000.0,
        "Interest Income Non Operating": 2966000.0,
        "Operating Income": 954562000.0,
        "Operating Expense": 649324000.0,
        "Other Operating Expenses": 5980000.0,
        "Other Taxes": 190056000.0,
        "Depreciation Amortization Depletion Income Statement": 453288000.0,
        "Depreciation And Amortization In Income Statement": 453288000.0,
        "Gross Profit": 1603886000.0,
        "Cost Of Revenue": 2614729000.0,
        "Total Revenue": 4218615000.0,
        "Operating Revenue": 4218615000.0
    },
    "2022-06-30": {
        "Tax Effect Of Unusual Items": 71053600.0,
        "Tax Rate For Calcs": 0.4,
        "Normalized EBITDA": 504867000.0,
        "Total Unusual Items": 177634000.0,
        "Total Unusual Items Excluding Goodwill": 177634000.0,
        "Net Income From Continuing Operation Net Minority Interest": 164011000.0,
        "Reconciled Depreciation": 552223000.0,
        "Reconciled Cost Of Revenue": 1929741000.0,
        "EBITDA": 682501000.0,
        "EBIT": 130278000.0,
        "Net Interest Income": -325910000.0,
        "Interest Expense": 325910000.0,
        "Interest Income": NaN,
        "Normalized Income": 57430600.0,
        "Net Income From Continuing And Discontinued Operation": 164011000.0,
        "Total Expenses": 3478130000.0,
        "Total Operating Income As Reported": 81132000.0,
        "Diluted Average Shares": 204712242.0,
        "Basic Average Shares": 203383199.0,
        "Diluted EPS": 0.78,
        "Basic EPS": 0.79,
        "Diluted NI Availto Com Stockholders": 159703000.0,
        "Net Income Common Stockholders": 159703000.0,
        "Preferred Stock Dividends": 4308000.0,
        "Net Income": 164011000.0,
        "Net Income Including Noncontrolling Interests": 164011000.0,
        "Net Income Continuous Operations": 164011000.0,
        "Tax Provision": -359643000.0,
        "Pretax Income": -195632000.0,
        "Other Income Expense": 213212000.0,
        "Other Non Operating Income Expenses": 35578000.0,
        "Special Income Charges": 177634000.0,
        "Other Special Charges": -13568000.0,
        "Write Off": -164066000.0,
        "Net Non Operating Interest Income Expense": -325910000.0,
        "Interest Expense Non Operating": 325910000.0,
        "Interest Income Non Operating": NaN,
        "Operating Income": -82934000.0,
        "Operating Expense": 1440925000.0,
        "Other Operating Expenses": 823922000.0,
        "Other Taxes": 172244000.0,
        "Depreciation Amortization Depletion Income Statement": 444759000.0,
        "Depreciation And Amortization In Income Statement": 444759000.0,
        "Gross Profit": 1357991000.0,
        "Cost Of Revenue": 2037205000.0,
        "Total Revenue": 3395196000.0,
        "Operating Revenue": 3395196000.0
    },
    "2023-06-30": {
        "Tax Effect Of Unusual Items": 6362772.407509,
        "Tax Rate For Calcs": 0.255872,
        "Normalized EBITDA": 1316430000.0,
        "Total Unusual Items": 24867000.0,
        "Total Unusual Items Excluding Goodwill": 24867000.0,
        "Net Income From Continuing Operation Net Minority Interest": 392014000.0,
        "Reconciled Depreciation": 563619000.0,
        "Reconciled Cost Of Revenue": 1390251000.0,
        "EBITDA": 1341297000.0,
        "EBIT": 777678000.0,
        "Net Interest Income": -205440000.0,
        "Interest Expense": 250868000.0,
        "Interest Income": 45428000.0,
        "Normalized Income": 373509772.407509,
        "Net Income From Continuing And Discontinued Operation": 392014000.0,
        "Total Expenses": 2090099000.0,
        "Total Operating Income As Reported": 755927000.0,
        "Diluted Average Shares": 212201529.0,
        "Basic Average Shares": 211449211.0,
        "Diluted EPS": 1.84,
        "Basic EPS": 1.85,
        "Diluted NI Availto Com Stockholders": 391244000.0,
        "Net Income Common Stockholders": 391244000.0,
        "Preferred Stock Dividends": 770000.0,
        "Net Income": 392014000.0,
        "Net Income Including Noncontrolling Interests": 392014000.0,
        "Net Income Continuous Operations": 392014000.0,
        "Tax Provision": 134796000.0,
        "Pretax Income": 526810000.0,
        "Other Income Expense": -23677000.0,
        "Other Non Operating Income Expenses": -48544000.0,
        "Special Income Charges": 24867000.0,
        "Other Special Charges": -24867000.0,
        "Write Off": 0.0,
        "Net Non Operating Interest Income Expense": -205440000.0,
        "Interest Expense Non Operating": 250868000.0,
        "Interest Income Non Operating": 45428000.0,
        "Operating Income": 755927000.0,
        "Operating Expense": 605167000.0,
        "Other Operating Expenses": -47349000.0,
        "Other Taxes": 183578000.0,
        "Depreciation Amortization Depletion Income Statement": 468938000.0,
        "Depreciation And Amortization In Income Statement": 468938000.0,
        "Gross Profit": 1361094000.0,
        "Cost Of Revenue": 1484932000.0,
        "Total Revenue": 2846026000.0,
        "Operating Revenue": 2818747000.0
    },
    "2022-03-31": {
        "Diluted EPS": 1.36,
        "Total Revenue": NaN,
        "Gross Profit": NaN,
        "Operating Income": 566,
        "EBIT": NaN,
        "Net Income": 276
    },
    "2021-12-31": {
        "Diluted EPS": 1.28,
        "Total Revenue": NaN,
        "Gross Profit": NaN,
        "Operating Income": 342,
        "EBIT": 888,
        "Net Income": 259
    },
    "2021-09-30": {
        "Diluted EPS": 2.63,
        "Total Revenue": NaN,
        "Gross Profit": NaN,
        "Operating Income": 828,
        "EBIT": NaN,
        "Net Income": 531
    },
    "2021-06-30": {
        "Diluted EPS": -0.03,
        "Total Revenue": NaN,
        "Gross Profit": NaN,
        "Operating Income": 168,
        "EBIT": 738,
        "Net Income": -6
    },
    "2021-03-31": {
        "Diluted EPS": 1.66,
        "Total Revenue": NaN,
        "Gross Profit": NaN,
        "Operating Income": 508,
        "EBIT": NaN,
        "Net Income": 335
    },
    "2020-12-31": {
        "Diluted EPS": 1.93,
        "Total Revenue": NaN,
        "Gross Profit": NaN,
        "Operating Income": 152,
        "EBIT": 715,
        "Net Income": 388
    },
    "2020-09-30": {
        "Diluted EPS": 2.59,
        "Total Revenue": NaN,
        "Gross Profit": NaN,
        "Operating Income": 778,
        "EBIT": NaN,
        "Net Income": 521
    },
    "2020-06-30": {
        "Diluted EPS": 1.79,
        "Total Revenue": NaN,
        "Gross Profit": NaN,
        "Operating Income": 439,
        "EBIT": NaN,
        "Net Income": 361
    },
    "2020-03-31": {
        "Diluted EPS": 0.59,
        "Total Revenue": NaN,
        "Gross Profit": NaN,
        "Operating Income": 400,
        "EBIT": 968,
        "Net Income": 119
    },
    "2019-12-31": {
        "Diluted EPS": 1.94,
        "Total Revenue": NaN,
        "Gross Profit": NaN,
        "Operating Income": 249,
        "EBIT": 796,
        "Net Income": 385
    },
    "2019-09-30": {
        "Diluted EPS": 1.82,
        "Total Revenue": NaN,
        "Gross Profit": NaN,
        "Operating Income": 520,
        "EBIT": NaN,
        "Net Income": 365
    },
    "2019-06-30": {
        "Diluted EPS": 1.22,
        "Total Revenue": NaN,
        "Gross Profit": NaN,
        "Operating Income": 339,
        "EBIT": 877,
        "Net Income": 236
    },
    "2019-03-31": {
        "Diluted EPS": 1.32,
        "Total Revenue": NaN,
        "Gross Profit": NaN,
        "Operating Income": 283,
        "EBIT": 813,
        "Net Income": 255
    },
    "2018-12-31": {
        "Diluted EPS": -0.36,
        "Total Revenue": NaN,
        "Gross Profit": NaN,
        "Operating Income": -229,
        "EBIT": 294,
        "Net Income": -66
    },
    "2018-09-30": {
        "Diluted EPS": 2.92,
        "Total Revenue": NaN,
        "Gross Profit": NaN,
        "Operating Income": 271,
        "EBIT": 761,
        "Net Income": 536
    },
    "2018-06-30": {
        "Diluted EPS": 1.34,
        "Total Revenue": NaN,
        "Gross Profit": NaN,
        "Operating Income": 92,
        "EBIT": 594,
        "Net Income": 245
    },
    "2018-03-31": {
        "Diluted EPS": 0.73,
        "Total Revenue": NaN,
        "Gross Profit": NaN,
        "Operating Income": 336,
        "EBIT": 861,
        "Net Income": 133
    },
    "2017-12-31": {
        "Diluted EPS": -2.66,
        "Total Revenue": NaN,
        "Gross Profit": NaN,
        "Operating Income": 237,
        "EBIT": 754,
        "Net Income": -479
    },
    "2017-09-30": {
        "Diluted EPS": 2.21,
        "Total Revenue": NaN,
        "Gross Profit": NaN,
        "Operating Income": 759,
        "EBIT": NaN,
        "Net Income": 398
    },
    "2017-06-30": {
        "Diluted EPS": 2.27,
        "Total Revenue": NaN,
        "Gross Profit": NaN,
        "Operating Income": 169,
        "EBIT": 680,
        "Net Income": 410
    },
    "2017-03-31": {
        "Diluted EPS": 0.46,
        "Total Revenue": NaN,
        "Gross Profit": NaN,
        "Operating Income": 195,
        "EBIT": 727,
        "Net Income": 83
    },
    "2016-12-31": {
        "Diluted EPS": -9.86,
        "Total Revenue": NaN,
        "Gross Profit": NaN,
        "Operating Income": NaN,
        "EBIT": NaN,
        "Net Income": NaN
    },
    "2016-09-30": {
        "Diluted EPS": 2.16,
        "Total Revenue": NaN,
        "Gross Profit": NaN,
        "Operating Income": 772,
        "EBIT": NaN,
        "Net Income": 388
    },
    "2016-06-30": {
        "Diluted EPS": 3.16,
        "Total Revenue": NaN,
        "Gross Profit": NaN,
        "Operating Income": 442,
        "EBIT": 955,
        "Net Income": 567
    },
    "2016-03-31": {
        "Diluted EPS": 1.28,
        "Total Revenue": NaN,
        "Gross Profit": NaN,
        "Operating Income": 498,
        "EBIT": 998,
        "Net Income": 230
    },
    "2015-12-31": {
        "Diluted EPS": 0.57,
        "Total Revenue": NaN,
        "Gross Profit": NaN,
        "Operating Income": -254,
        "EBIT": 250,
        "Net Income": 100
    },
    "2015-09-30": {
        "Diluted EPS": -4.04,
        "Total Revenue": NaN,
        "Gross Profit": NaN,
        "Operating Income": -965,
        "EBIT": -422,
        "Net Income": -723
    },
    "2015-06-30": {
        "Diluted EPS": 0.83,
        "Total Revenue": NaN,
        "Gross Profit": NaN,
        "Operating Income": 377,
        "EBIT": 921,
        "Net Income": 149
    },
    "2015-03-31": {
        "Diluted EPS": 1.65,
        "Total Revenue": NaN,
        "Gross Profit": NaN,
        "Operating Income": 543,
        "EBIT": NaN,
        "Net Income": 298
    },
    "2014-12-31": {
        "Diluted EPS": 0.66,
        "Total Revenue": NaN,
        "Gross Profit": NaN,
        "Operating Income": 320,
        "EBIT": 862,
        "Net Income": 120
    },
    "2014-09-30": {
        "Diluted EPS": 1.27,
        "Total Revenue": NaN,
        "Gross Profit": NaN,
        "Operating Income": 493,
        "EBIT": NaN,
        "Net Income": 230
    },
    "2014-06-30": {
        "Diluted EPS": 1.05,
        "Total Revenue": NaN,
        "Gross Profit": NaN,
        "Operating Income": 454,
        "EBIT": 980,
        "Net Income": 189
    },
    "2014-03-31": {
        "Diluted EPS": 2.24,
        "Total Revenue": NaN,
        "Gross Profit": NaN,
        "Operating Income": 740,
        "EBIT": NaN,
        "Net Income": 401
    },
    "2013-12-31": {
        "Diluted EPS": 0.83,
        "Total Revenue": NaN,
        "Gross Profit": NaN,
        "Operating Income": 226,
        "EBIT": 765,
        "Net Income": 147
    },
    "2013-09-30": {
        "Diluted EPS": 1.34,
        "Total Revenue": NaN,
        "Gross Profit": NaN,
        "Operating Income": 389,
        "EBIT": 913,
        "Net Income": 240
    },
    "2013-06-30": {
        "Diluted EPS": 0.92,
        "Total Revenue": NaN,
        "Gross Profit": NaN,
        "Operating Income": 347,
        "EBIT": 823,
        "Net Income": 164
    },
    "2013-03-31": {
        "Diluted EPS": 0.9,
        "Total Revenue": NaN,
        "Gross Profit": NaN,
        "Operating Income": 394,
        "EBIT": 867,
        "Net Income": 161
    },
    "2012-12-31": {
        "Diluted EPS": 1.67,
        "Total Revenue": NaN,
        "Gross Profit": NaN,
        "Operating Income": 324,
        "EBIT": 802,
        "Net Income": 296
    },
    "2012-09-30": {
        "Diluted EPS": 1.89,
        "Total Revenue": NaN,
        "Gross Profit": NaN,
        "Operating Income": 691,
        "EBIT": NaN,
        "Net Income": 337
    },
    "2012-06-30": {
        "Diluted EPS": 2.06,
        "Total Revenue": NaN,
        "Gross Profit": NaN,
        "Operating Income": 343,
        "EBIT": 726,
        "Net Income": 365
    },
    "2012-03-31": {
        "Diluted EPS": -0.86,
        "Total Revenue": NaN,
        "Gross Profit": NaN,
        "Operating Income": -57,
        "EBIT": 393,
        "Net Income": -152
    },
    "2011-12-31": {
        "Diluted EPS": 0.88,
        "Total Revenue": NaN,
        "Gross Profit": NaN,
        "Operating Income": 343,
        "EBIT": 772,
        "Net Income": 154
    },
    "2011-09-30": {
        "Diluted EPS": 3.53,
        "Total Revenue": NaN,
        "Gross Profit": NaN,
        "Operating Income": 601,
        "EBIT": NaN,
        "Net Income": 628
    },
    "2011-06-30": {
        "Diluted EPS": 1.76,
        "Total Revenue": NaN,
        "Gross Profit": NaN,
        "Operating Income": 559,
        "EBIT": 988,
        "Net Income": 316
    },
    "2011-03-31": {
        "Diluted EPS": 1.38,
        "Total Revenue": NaN,
        "Gross Profit": NaN,
        "Operating Income": 511,
        "EBIT": 933,
        "Net Income": 249
    },
    "2010-12-31": {
        "Diluted EPS": 1.27,
        "Total Revenue": NaN,
        "Gross Profit": NaN,
        "Operating Income": 394,
        "EBIT": 840,
        "Net Income": 228
    },
    "2010-09-30": {
        "Diluted EPS": 2.62,
        "Total Revenue": NaN,
        "Gross Profit": NaN,
        "Operating Income": 771,
        "EBIT": NaN,
        "Net Income": 493
    },
    "2010-06-30": {
        "Diluted EPS": 1.65,
        "Total Revenue": NaN,
        "Gross Profit": NaN,
        "Operating Income": 626,
        "EBIT": NaN,
        "Net Income": 315
    },
    "2010-03-31": {
        "Diluted EPS": 1.12,
        "Total Revenue": NaN,
        "Gross Profit": NaN,
        "Operating Income": 477,
        "EBIT": 900,
        "Net Income": 214
    },
    "2009-12-31": {
        "Diluted EPS": 1.64,
        "Total Revenue": NaN,
        "Gross Profit": NaN,
        "Operating Income": 503,
        "EBIT": 886,
        "Net Income": 314
    },
    "2009-09-30": {
        "Diluted EPS": 2.32,
        "Total Revenue": NaN,
        "Gross Profit": NaN,
        "Operating Income": 800,
        "EBIT": NaN,
        "Net Income": 455
    },
    "2009-06-30": {
        "Diluted EPS": 1.14,
        "Total Revenue": NaN,
        "Gross Profit": NaN,
        "Operating Income": 474,
        "EBIT": 823,
        "Net Income": 227
    },
    "2009-03-31": {
        "Diluted EPS": 1.2,
        "Total Revenue": NaN,
        "Gross Profit": NaN,
        "Operating Income": 507,
        "EBIT": 855,
        "Net Income": 235
    },
    "2023-09-30": {
        "Tax Effect Of Unusual Items": NaN,
        "Tax Rate For Calcs": NaN,
        "Normalized EBITDA": NaN,
        "Total Unusual Items": NaN,
        "Total Unusual Items Excluding Goodwill": NaN,
        "Net Income From Continuing Operation Net Minority Interest": NaN,
        "Reconciled Depreciation": NaN,
        "Reconciled Cost Of Revenue": NaN,
        "EBITDA": NaN,
        "EBIT": NaN,
        "Net Interest Income": NaN,
        "Interest Expense": NaN,
        "Interest Income": NaN,
        "Normalized Income": NaN,
        "Net Income From Continuing And Discontinued Operation": NaN,
        "Total Expenses": NaN,
        "Total Operating Income As Reported": NaN,
        "Diluted Average Shares": 424476234.0,
        "Basic Average Shares": 422918488.0,
        "Diluted EPS": 1.57,
        "Basic EPS": 1.575,
        "Diluted NI Availto Com Stockholders": NaN,
        "Net Income Common Stockholders": NaN,
        "Preferred Stock Dividends": NaN,
        "Net Income": NaN,
        "Net Income Including Noncontrolling Interests": NaN,
        "Net Income Continuous Operations": NaN,
        "Tax Provision": NaN,
        "Pretax Income": NaN,
        "Other Income Expense": NaN,
        "Other Non Operating Income Expenses": NaN,
        "Special Income Charges": NaN,
        "Other Special Charges": NaN,
        "Write Off": NaN,
        "Net Non Operating Interest Income Expense": NaN,
        "Interest Expense Non Operating": NaN,
        "Interest Income Non Operating": NaN,
        "Operating Income": NaN,
        "Operating Expense": NaN,
        "Other Operating Expenses": NaN,
        "Other Taxes": NaN,
        "Depreciation Amortization Depletion Income Statement": NaN,
        "Depreciation And Amortization In Income Statement": NaN,
        "Gross Profit": NaN,
        "Cost Of Revenue": NaN,
        "Total Revenue": NaN,
        "Operating Revenue": NaN
    },
    "2023-12-31": {
        "Tax Effect Of Unusual Items": 4547340.0,
        "Tax Rate For Calcs": 0.21,
        "Normalized EBITDA": 823574000.0,
        "Total Unusual Items": 21654000.0,
        "Total Unusual Items Excluding Goodwill": 21654000.0,
        "Net Income From Continuing Operation Net Minority Interest": 988284000.0,
        "Reconciled Depreciation": 575939000.0,
        "Reconciled Cost Of Revenue": 1626262000.0,
        "EBITDA": 845228000.0,
        "EBIT": 269289000.0,
        "Net Interest Income": -187882000.0,
        "Interest Expense": 254358000.0,
        "Interest Income": 66476000.0,
        "Normalized Income": 971177340.0,
        "Net Income From Continuing And Discontinued Operation": 988284000.0,
        "Total Expenses": 2463647000.0,
        "Total Operating Income As Reported": 256557000.0,
        "Diluted Average Shares": 425870302.0,
        "Basic Average Shares": 424028974.0,
        "Diluted EPS": 2.32,
        "Basic EPS": 2.33,
        "Diluted NI Availto Com Stockholders": 987602000.0,
        "Net Income Common Stockholders": 987602000.0,
        "Preferred Stock Dividends": 682000.0,
        "Net Income": 988284000.0,
        "Net Income Including Noncontrolling Interests": 988284000.0,
        "Net Income Continuous Operations": 988284000.0,
        "Tax Provision": -973353000.0,
        "Pretax Income": 14931000.0,
        "Other Income Expense": -58345000.0,
        "Other Non Operating Income Expenses": -79999000.0,
        "Special Income Charges": 21654000.0,
        "Other Special Charges": -26255000.0,
        "Write Off": 4601000.0,
        "Net Non Operating Interest Income Expense": -187882000.0,
        "Interest Expense Non Operating": 254358000.0,
        "Interest Income Non Operating": 66476000.0,
        "Operating Income": 261158000.0,
        "Operating Expense": 743721000.0,
        "Other Operating Expenses": 72541000.0,
        "Other Taxes": 188905000.0,
        "Depreciation Amortization Depletion Income Statement": 482275000.0,
        "Depreciation And Amortization In Income Statement": 482275000.0,
        "Gross Profit": 1004879000.0,
        "Cost Of Revenue": 1719926000.0,
        "Total Revenue": 2724805000.0,
        "Operating Revenue": 2600337000.0
    },
    "2024-03-31": {
        "Tax Effect Of Unusual Items": -22597878.745002,
        "Tax Rate For Calcs": 0.215257,
        "Normalized EBITDA": 1070123000.0,
        "Total Unusual Items": -104981000.0,
        "Total Unusual Items Excluding Goodwill": -104981000.0,
        "Net Income From Continuing Operation Net Minority Interest": 76536000.0,
        "Reconciled Depreciation": 600412000.0,
        "Reconciled Cost Of Revenue": 1469302000.0,
        "EBITDA": 965142000.0,
        "EBIT": 364730000.0,
        "Net Interest Income": -116503000.0,
        "Interest Expense": 267200000.0,
        "Interest Income": 150697000.0,
        "Normalized Income": 158919121.254998,
        "Net Income From Continuing And Discontinued Operation": 76536000.0,
        "Total Expenses": 2424871000.0,
        "Total Operating Income As Reported": 237982000.0,
        "Diluted Average Shares": 427746256.0,
        "Basic Average Shares": 426287439.0,
        "Diluted EPS": 0.18,
        "Basic EPS": 0.18,
        "Diluted NI Availto Com Stockholders": 75281000.0,
        "Net Income Common Stockholders": 75281000.0,
        "Preferred Stock Dividends": 1255000.0,
        "Net Income": 76536000.0,
        "Net Income Including Noncontrolling Interests": 76536000.0,
        "Net Income Continuous Operations": 76536000.0,
        "Tax Provision": 20994000.0,
        "Pretax Income": 97530000.0,
        "Other Income Expense": -155724000.0,
        "Other Non Operating Income Expenses": -50743000.0,
        "Special Income Charges": -104981000.0,
        "Other Special Charges": -26794000.0,
        "Write Off": 131775000.0,
        "Net Non Operating Interest Income Expense": -116503000.0,
        "Interest Expense Non Operating": 267200000.0,
        "Interest Income Non Operating": 150697000.0,
        "Operating Income": 369757000.0,
        "Operating Expense": 854818000.0,
        "Other Operating Expenses": 162728000.0,
        "Other Taxes": 192429000.0,
        "Depreciation Amortization Depletion Income Statement": 499661000.0,
        "Depreciation And Amortization In Income Statement": 499661000.0,
        "Gross Profit": 1224575000.0,
        "Cost Of Revenue": 1570053000.0,
        "Total Revenue": 2794628000.0,
        "Operating Revenue": 2772173000.0
    },
    "2024-06-30": {
        "Tax Effect Of Unusual Items": 11534350.0,
        "Tax Rate For Calcs": 0.394,
        "Normalized EBITDA": 951748000.0,
        "Total Unusual Items": 29275000.0,
        "Total Unusual Items Excluding Goodwill": 29275000.0,
        "Net Income From Continuing Operation Net Minority Interest": 51732000.0,
        "Reconciled Depreciation": 606080000.0,
        "Reconciled Cost Of Revenue": 1362590000.0,
        "EBITDA": 981023000.0,
        "EBIT": 374943000.0,
        "Net Interest Income": -218990000.0,
        "Interest Expense": 289577000.0,
        "Interest Income": 70587000.0,
        "Normalized Income": 33991350.0,
        "Net Income From Continuing And Discontinued Operation": 51732000.0,
        "Total Expenses": 2335990000.0,
        "Total Operating Income As Reported": 617630000.0,
        "Diluted Average Shares": 428753442.0,
        "Basic Average Shares": 427234220.0,
        "Diluted EPS": 0.115,
        "Basic EPS": 0.115,
        "Diluted NI Availto Com Stockholders": 48922000.0,
        "Net Income Common Stockholders": 48922000.0,
        "Preferred Stock Dividends": 2810000.0,
        "Net Income": 51732000.0,
        "Net Income Including Noncontrolling Interests": 51732000.0,
        "Net Income Continuous Operations": 51732000.0,
        "Tax Provision": 33634000.0,
        "Pretax Income": 85366000.0,
        "Other Income Expense": -313274000.0,
        "Other Non Operating Income Expenses": -342549000.0,
        "Special Income Charges": 29275000.0,
        "Other Special Charges": -29275000.0,
        "Write Off": 0.0,
        "Net Non Operating Interest Income Expense": -218990000.0,
        "Interest Expense Non Operating": 289577000.0,
        "Interest Income Non Operating": 70587000.0,
        "Operating Income": 617630000.0,
        "Operating Expense": 872683000.0,
        "Other Operating Expenses": 179800000.0,
        "Other Taxes": 187520000.0,
        "Depreciation Amortization Depletion Income Statement": 505363000.0,
        "Depreciation And Amortization In Income Statement": 505363000.0,
        "Gross Profit": 1490313000.0,
        "Cost Of Revenue": 1463307000.0,
        "Total Revenue": 2953620000.0,
        "Operating Revenue": 2941404000.0
    },
    "2024-09-30": {
        "Tax Effect Of Unusual Items": 8281500.0,
        "Tax Rate For Calcs": 0.25,
        "Normalized EBITDA": 1738012000.0,
        "Total Unusual Items": 33126000.0,
        "Total Unusual Items Excluding Goodwill": 33126000.0,
        "Net Income From Continuing Operation Net Minority Interest": 645754000.0,
        "Reconciled Depreciation": 614766000.0,
        "Reconciled Cost Of Revenue": 1503936000.0,
        "EBITDA": 1771138000.0,
        "EBIT": 1156372000.0,
        "Net Interest Income": -230827000.0,
        "Interest Expense": 295143000.0,
        "Interest Income": 64316000.0,
        "Normalized Income": 620909500.0,
        "Net Income From Continuing And Discontinued Operation": 645754000.0,
        "Total Expenses": 2263238000.0,
        "Total Operating Income As Reported": 1125862000.0,
        "Diluted Average Shares": 431388418.0,
        "Basic Average Shares": 428024935.0,
        "Diluted EPS": 1.5,
        "Basic EPS": 1.51,
        "Diluted NI Availto Com Stockholders": 644940000.0,
        "Net Income Common Stockholders": 644940000.0,
        "Preferred Stock Dividends": 814000.0,
        "Net Income": 645754000.0,
        "Net Income Including Noncontrolling Interests": 645754000.0,
        "Net Income Continuous Operations": 645754000.0,
        "Tax Provision": 215475000.0,
        "Pretax Income": 861229000.0,
        "Other Income Expense": -33806000.0,
        "Other Non Operating Income Expenses": -66932000.0,
        "Special Income Charges": 33126000.0,
        "Other Special Charges": -33126000.0,
        "Write Off": 0.0,
        "Net Non Operating Interest Income Expense": -230827000.0,
        "Interest Expense Non Operating": 295143000.0,
        "Interest Income Non Operating": 64316000.0,
        "Operating Income": 1125862000.0,
        "Operating Expense": 643017000.0,
        "Other Operating Expenses": -47591000.0,
        "Other Taxes": 192127000.0,
        "Depreciation Amortization Depletion Income Statement": 498481000.0,
        "Depreciation And Amortization In Income Statement": 498481000.0,
        "Gross Profit": 1768879000.0,
        "Cost Of Revenue": 1620221000.0,
        "Total Revenue": 3389100000.0,
        "Operating Revenue": 3389100000.0
    },
    "2024-12-31": {
        "Tax Effect Of Unusual Items": 19084558.823973,
        "Tax Rate For Calcs": 0.278643,
        "Normalized EBITDA": 1250799000.0,
        "Total Unusual Items": 68491000.0,
        "Total Unusual Items Excluding Goodwill": 68491000.0,
        "Net Income From Continuing Operation Net Minority Interest": 287162000.0,
        "Reconciled Depreciation": 622304000.0,
        "Reconciled Cost Of Revenue": 1375146000.0,
        "EBITDA": 1319290000.0,
        "EBIT": 696986000.0,
        "Net Interest Income": -285635000.0,
        "Interest Expense": 298900000.0,
        "Interest Income": 13265000.0,
        "Normalized Income": 237755558.823973,
        "Net Income From Continuing And Discontinued Operation": 287162000.0,
        "Total Expenses": 2097331000.0,
        "Total Operating Income As Reported": 669615000.0,
        "Diluted Average Shares": 437981911.0,
        "Basic Average Shares": 429285191.0,
        "Diluted EPS": 0.65,
        "Basic EPS": 0.67,
        "Diluted NI Availto Com Stockholders": 286447000.0,
        "Net Income Common Stockholders": 286447000.0,
        "Preferred Stock Dividends": 715000.0,
        "Net Income": 287162000.0,
        "Net Income Including Noncontrolling Interests": 287162000.0,
        "Net Income Continuous Operations": 287162000.0,
        "Tax Provision": 110924000.0,
        "Pretax Income": 398086000.0,
        "Other Income Expense": 38747000.0,
        "Other Non Operating Income Expenses": -29744000.0,
        "Special Income Charges": 68491000.0,
        "Other Special Charges": -43850000.0,
        "Write Off": -24641000.0,
        "Net Non Operating Interest Income Expense": -285635000.0,
        "Interest Expense Non Operating": 298900000.0,
        "Interest Income Non Operating": 13265000.0,
        "Operating Income": 644974000.0,
        "Operating Expense": 609544000.0,
        "Other Operating Expenses": -80990000.0,
        "Other Taxes": 180871000.0,
        "Depreciation Amortization Depletion Income Statement": 509663000.0,
        "Depreciation And Amortization In Income Statement": 509663000.0,
        "Gross Profit": 1254518000.0,
        "Cost Of Revenue": 1487787000.0,
        "Total Revenue": 2742305000.0,
        "Operating Revenue": 2668454000.0
    },
    "2025-03-31": {
        "Tax Effect Of Unusual Items": 9522069.307166,
        "Tax Rate For Calcs": 0.216322,
        "Normalized EBITDA": 1370802000.0,
        "Total Unusual Items": 44018000.0,
        "Total Unusual Items Excluding Goodwill": 44018000.0,
        "Net Income From Continuing Operation Net Minority Interest": 362422000.0,
        "Reconciled Depreciation": 622566000.0,
        "Reconciled Cost Of Revenue": 1286353000.0,
        "EBITDA": 1414820000.0,
        "EBIT": 792254000.0,
        "Net Interest Income": -296385000.0,
        "Interest Expense": 329791000.0,
        "Interest Income": 33406000.0,
        "Normalized Income": 327926069.307166,
        "Net Income From Continuing And Discontinued Operation": 362422000.0,
        "Total Expenses": 2146770000.0,
        "Total Operating Income As Reported": 700104000.0,
        "Diluted Average Shares": 440648342.0,
        "Basic Average Shares": 430347768.0,
        "Diluted EPS": 0.82,
        "Basic EPS": 0.84,
        "Diluted NI Availto Com Stockholders": 360760000.0,
        "Net Income Common Stockholders": 360760000.0,
        "Preferred Stock Dividends": 1662000.0,
        "Net Income": 362422000.0,
        "Net Income Including Noncontrolling Interests": 362422000.0,
        "Net Income Continuous Operations": 362422000.0,
        "Tax Provision": 100041000.0,
        "Pretax Income": 462463000.0,
        "Other Income Expense": 58744000.0,
        "Other Non Operating Income Expenses": 14726000.0,
        "Special Income Charges": 44018000.0,
        "Other Special Charges": -44018000.0,
        "Write Off": 0.0,
        "Net Non Operating Interest Income Expense": -296385000.0,
        "Interest Expense Non Operating": 329791000.0,
        "Interest Income Non Operating": 33406000.0,
        "Operating Income": 700104000.0,
        "Operating Expense": 750794000.0,
        "Other Operating Expenses": 39086000.0,
        "Other Taxes": 198765000.0,
        "Depreciation Amortization Depletion Income Statement": 512943000.0,
        "Depreciation And Amortization In Income Statement": 512943000.0,
        "Gross Profit": 1450898000.0,
        "Cost Of Revenue": 1395976000.0,
        "Total Revenue": 2846874000.0,
        "Operating Revenue": 2829597000.0
    },
    "2025-06-30": {
        "Tax Effect Of Unusual Items": 11646235.0,
        "Tax Rate For Calcs": 0.227,
        "Normalized EBITDA": 1513760000.0,
        "Total Unusual Items": 51305000.0,
        "Total Unusual Items Excluding Goodwill": 51305000.0,
        "Net Income From Continuing Operation Net Minority Interest": 471954000.0,
        "Reconciled Depreciation": 632638000.0,
        "Reconciled Cost Of Revenue": 1656400000.0,
        "EBITDA": 1565065000.0,
        "EBIT": 932427000.0,
        "Net Interest Income": -234655000.0,
        "Interest Expense": 322074000.0,
        "Interest Income": 87419000.0,
        "Normalized Income": 432295235.0,
        "Net Income From Continuing And Discontinued Operation": 471954000.0,
        "Total Expenses": 2491424000.0,
        "Total Operating Income As Reported": 837425000.0,
        "Diluted Average Shares": 445700889.0,
        "Basic Average Shares": 439182369.0,
        "Diluted EPS": 1.05,
        "Basic EPS": 1.07,
        "Diluted NI Availto Com Stockholders": 467930000.0,
        "Net Income Common Stockholders": 467930000.0,
        "Preferred Stock Dividends": 4024000.0,
        "Net Income": 471954000.0,
        "Net Income Including Noncontrolling Interests": 471954000.0,
        "Net Income Continuous Operations": 471954000.0,
        "Tax Provision": 138399000.0,
        "Pretax Income": 610353000.0,
        "Other Income Expense": 7583000.0,
        "Other Non Operating Income Expenses": -43722000.0,
        "Special Income Charges": 51305000.0,
        "Other Special Charges": -51305000.0,
        "Write Off": 0.0,
        "Net Non Operating Interest Income Expense": -234655000.0,
        "Interest Expense Non Operating": 322074000.0,
        "Interest Income Non Operating": 87419000.0,
        "Operating Income": 837425000.0,
        "Operating Expense": 724969000.0,
        "Other Operating Expenses": 612000.0,
        "Other Taxes": 201774000.0,
        "Depreciation Amortization Depletion Income Statement": 522583000.0,
        "Depreciation And Amortization In Income Statement": 522583000.0,
        "Gross Profit": 1562394000.0,
        "Cost Of Revenue": 1766455000.0,
        "Total Revenue": 3328849000.0,
        "Operating Revenue": 3315723000.0
    },
    "2025-09-30": {
        "Tax Effect Of Unusual Items": 9327884.0,
        "Tax Rate For Calcs": 0.227,
        "Normalized EBITDA": 1833721000.0,
        "Total Unusual Items": 41092000.0,
        "Total Unusual Items Excluding Goodwill": 41092000.0,
        "Net Income From Continuing Operation Net Minority Interest": 698424000.0,
        "Reconciled Depreciation": 646204000.0,
        "Reconciled Cost Of Revenue": 1768110000.0,
        "EBITDA": 1874813000.0,
        "EBIT": 1228609000.0,
        "Net Interest Income": -218788000.0,
        "Interest Expense": 324878000.0,
        "Interest Income": 106090000.0,
        "Normalized Income": 666659884.0,
        "Net Income From Continuing And Discontinued Operation": 698424000.0,
        "Total Expenses": 2680183000.0,
        "Total Operating Income As Reported": 1119041000.0,
        "Diluted Average Shares": 453550895.0,
        "Basic Average Shares": 446532648.0,
        "Diluted EPS": 1.53,
        "Basic EPS": 1.55,
        "Diluted NI Availto Com Stockholders": 693800000.0,
        "Net Income Common Stockholders": 693800000.0,
        "Preferred Stock Dividends": 4624000.0,
        "Net Income": 698424000.0,
        "Net Income Including Noncontrolling Interests": 698424000.0,
        "Net Income Continuous Operations": 698424000.0,
        "Tax Provision": 205307000.0,
        "Pretax Income": 903731000.0,
        "Other Income Expense": -9317000.0,
        "Other Non Operating Income Expenses": -50409000.0,
        "Special Income Charges": 41092000.0,
        "Other Special Charges": -53887000.0,
        "Write Off": 12795000.0,
        "Net Non Operating Interest Income Expense": -218788000.0,
        "Interest Expense Non Operating": 324878000.0,
        "Interest Income Non Operating": 106090000.0,
        "Operating Income": 1131836000.0,
        "Operating Expense": 791254000.0,
        "Other Operating Expenses": 33498000.0,
        "Other Taxes": 232371000.0,
        "Depreciation Amortization Depletion Income Statement": 525385000.0,
        "Depreciation And Amortization In Income Statement": 525385000.0,
        "Gross Profit": 1923090000.0,
        "Cost Of Revenue": 1888929000.0,
        "Total Revenue": 3812019000.0,
        "Operating Revenue": 3812019000.0
    }
}