{
    "2023-03-31": {
        "Tax Effect Of Unusual Items": NaN,
        "Tax Rate For Calcs": NaN,
        "Normalized EBITDA": NaN,
        "Total Unusual Items": NaN,
        "Total Unusual Items Excluding Goodwill": NaN,
        "Net Income From Continuing Operation Net Minority Interest": NaN,
        "EBITDA": NaN,
        "EBIT": NaN,
        "Net Interest Income": NaN,
        "Interest Expense": NaN,
        "Interest Income": NaN,
        "Normalized Income": NaN,
        "Net Income From Continuing And Discontinued Operation": NaN,
        "Total Expenses": NaN,
        "Total Operating Income As Reported": NaN,
        "Diluted Average Shares": 2578385.0,
        "Basic Average Shares": 2578385.0,
        "Diluted EPS": -2.4,
        "Basic EPS": -2.4,
        "Diluted NI Availto Com Stockholders": NaN,
        "Net Income Common Stockholders": NaN,
        "Net Income": NaN,
        "Net Income Including Noncontrolling Interests": NaN,
        "Net Income Continuous Operations": NaN,
        "Tax Provision": NaN,
        "Pretax Income": NaN,
        "Other Income Expense": NaN,
        "Gain On Sale Of Security": NaN,
        "Net Non Operating Interest Income Expense": NaN,
        "Interest Expense Non Operating": NaN,
        "Interest Income Non Operating": NaN,
        "Operating Income": NaN,
        "Operating Expense": NaN,
        "Research And Development": NaN,
        "Selling General And Administration": NaN,
        "General And Administrative Expense": NaN,
        "Other Gand A": NaN,
        "Total Revenue": NaN,
        "Operating Revenue": NaN
    },
    "2022-12-31": {
        "Tax Effect Of Unusual Items": NaN,
        "Tax Rate For Calcs": NaN,
        "Normalized EBITDA": NaN,
        "Net Income From Continuing Operation Net Minority Interest": NaN,
        "EBITDA": NaN,
        "EBIT": NaN,
        "Net Interest Income": NaN,
        "Interest Expense": NaN,
        "Interest Income": NaN,
        "Normalized Income": NaN,
        "Net Income From Continuing And Discontinued Operation": NaN,
        "Total Expenses": NaN,
        "Total Operating Income As Reported": NaN,
        "Diluted Average Shares": 2408225.0,
        "Basic Average Shares": 2408225.0,
        "Diluted EPS": -2.9,
        "Basic EPS": -2.9,
        "Diluted NI Availto Com Stockholders": NaN,
        "Net Income Common Stockholders": NaN,
        "Net Income": NaN,
        "Net Income Including Noncontrolling Interests": NaN,
        "Net Income Continuous Operations": NaN,
        "Tax Provision": NaN,
        "Pretax Income": NaN,
        "Net Non Operating Interest Income Expense": NaN,
        "Interest Expense Non Operating": NaN,
        "Interest Income Non Operating": NaN,
        "Operating Income": NaN,
        "Operating Expense": NaN,
        "Research And Development": NaN,
        "Selling General And Administration": NaN,
        "General And Administrative Expense": NaN,
        "Other Gand A": NaN,
        "Total Revenue": NaN,
        "Operating Revenue": NaN
    },
    "2022-09-30": {
        "Tax Effect Of Unusual Items": NaN,
        "Tax Rate For Calcs": NaN,
        "Normalized EBITDA": NaN,
        "Net Income From Continuing Operation Net Minority Interest": NaN,
        "EBITDA": NaN,
        "EBIT": NaN,
        "Net Interest Income": NaN,
        "Interest Expense": NaN,
        "Interest Income": NaN,
        "Normalized Income": NaN,
        "Net Income From Continuing And Discontinued Operation": NaN,
        "Total Expenses": NaN,
        "Total Operating Income As Reported": NaN,
        "Diluted Average Shares": 2389468.0,
        "Basic Average Shares": 2389468.0,
        "Diluted EPS": -2.4,
        "Basic EPS": -2.4,
        "Diluted NI Availto Com Stockholders": NaN,
        "Net Income Common Stockholders": NaN,
        "Net Income": NaN,
        "Net Income Including Noncontrolling Interests": NaN,
        "Net Income Continuous Operations": NaN,
        "Tax Provision": NaN,
        "Pretax Income": NaN,
        "Net Non Operating Interest Income Expense": NaN,
        "Interest Expense Non Operating": NaN,
        "Interest Income Non Operating": NaN,
        "Operating Income": NaN,
        "Operating Expense": NaN,
        "Research And Development": NaN,
        "Selling General And Administration": NaN,
        "General And Administrative Expense": NaN,
        "Other Gand A": NaN,
        "Total Revenue": NaN,
        "Operating Revenue": NaN
    },
    "2022-06-30": {
        "Tax Effect Of Unusual Items": 0.0,
        "Tax Rate For Calcs": 0.035794,
        "Normalized EBITDA": -4720000.0,
        "Net Income From Continuing Operation Net Minority Interest": -4768000.0,
        "EBITDA": -4720000.0,
        "EBIT": -4720000.0,
        "Net Interest Income": 1314000.0,
        "Interest Expense": 225000.0,
        "Interest Income": 1539000.0,
        "Normalized Income": -4768000.0,
        "Net Income From Continuing And Discontinued Operation": -4768000.0,
        "Total Expenses": 6259000.0,
        "Total Operating Income As Reported": -6259000.0,
        "Diluted Average Shares": 23840000.0,
        "Basic Average Shares": 23840000.0,
        "Diluted EPS": -0.2,
        "Basic EPS": -0.2,
        "Diluted NI Availto Com Stockholders": -4768000.0,
        "Net Income Common Stockholders": -4768000.0,
        "Net Income": -4768000.0,
        "Net Income Including Noncontrolling Interests": -4768000.0,
        "Net Income Continuous Operations": -4768000.0,
        "Tax Provision": -177000.0,
        "Pretax Income": -4945000.0,
        "Net Non Operating Interest Income Expense": 1314000.0,
        "Interest Expense Non Operating": 225000.0,
        "Interest Income Non Operating": 1539000.0,
        "Operating Income": -6259000.0,
        "Operating Expense": 6259000.0,
        "Research And Development": 4112000.0,
        "Selling General And Administration": 2147000.0,
        "General And Administrative Expense": 2147000.0,
        "Other Gand A": 2147000.0,
        "Total Revenue": 0.0,
        "Operating Revenue": 0.0
    },
    "2022-03-31": {
        "Diluted EPS": -0.25,
        "Total Revenue": NaN,
        "Gross Profit": NaN,
        "Operating Income": -6,
        "EBIT": -6,
        "Net Income": -6
    },
    "2021-12-31": {
        "Diluted EPS": -0.4,
        "Total Revenue": NaN,
        "Gross Profit": NaN,
        "Operating Income": -8,
        "EBIT": -8,
        "Net Income": -8
    },
    "2021-09-30": {
        "Diluted EPS": -0.27,
        "Total Revenue": NaN,
        "Gross Profit": NaN,
        "Operating Income": -6,
        "EBIT": -6,
        "Net Income": -5
    },
    "2021-06-30": {
        "Diluted EPS": -0.36,
        "Total Revenue": NaN,
        "Gross Profit": NaN,
        "Operating Income": -7,
        "EBIT": -7,
        "Net Income": -7
    },
    "2021-03-31": {
        "Diluted EPS": -0.23,
        "Total Revenue": NaN,
        "Gross Profit": NaN,
        "Operating Income": -5,
        "EBIT": -5,
        "Net Income": -4
    },
    "2020-12-31": {
        "Diluted EPS": -0.27,
        "Total Revenue": NaN,
        "Gross Profit": NaN,
        "Operating Income": -5,
        "EBIT": -5,
        "Net Income": -4
    },
    "2020-09-30": {
        "Diluted EPS": -0.26,
        "Total Revenue": NaN,
        "Gross Profit": NaN,
        "Operating Income": -5,
        "EBIT": -5,
        "Net Income": -4
    },
    "2020-06-30": {
        "Diluted EPS": -0.24,
        "Total Revenue": NaN,
        "Gross Profit": NaN,
        "Operating Income": -4,
        "EBIT": -4,
        "Net Income": -4
    },
    "2020-03-31": {
        "Diluted EPS": -0.2,
        "Total Revenue": NaN,
        "Gross Profit": NaN,
        "Operating Income": -3,
        "EBIT": -3,
        "Net Income": -3
    },
    "2019-12-31": {
        "Diluted EPS": 0.0,
        "Total Revenue": NaN,
        "Gross Profit": NaN,
        "Operating Income": NaN,
        "EBIT": NaN,
        "Net Income": NaN
    },
    "2023-06-30": {
        "Tax Effect Of Unusual Items": NaN,
        "Tax Rate For Calcs": NaN,
        "Normalized EBITDA": NaN,
        "Total Unusual Items": -57000.0,
        "Total Unusual Items Excluding Goodwill": -57000.0,
        "Net Income From Continuing Operation Net Minority Interest": NaN,
        "EBITDA": NaN,
        "EBIT": NaN,
        "Net Interest Income": NaN,
        "Interest Expense": NaN,
        "Interest Income": NaN,
        "Normalized Income": NaN,
        "Net Income From Continuing And Discontinued Operation": NaN,
        "Total Expenses": NaN,
        "Total Operating Income As Reported": NaN,
        "Diluted Average Shares": 2706190.0,
        "Basic Average Shares": 2706190.0,
        "Diluted EPS": -2.1,
        "Basic EPS": -2.1,
        "Diluted NI Availto Com Stockholders": NaN,
        "Net Income Common Stockholders": NaN,
        "Net Income": NaN,
        "Net Income Including Noncontrolling Interests": NaN,
        "Net Income Continuous Operations": NaN,
        "Tax Provision": NaN,
        "Pretax Income": NaN,
        "Other Income Expense": -57000.0,
        "Gain On Sale Of Security": -57000.0,
        "Net Non Operating Interest Income Expense": NaN,
        "Interest Expense Non Operating": NaN,
        "Interest Income Non Operating": NaN,
        "Operating Income": NaN,
        "Operating Expense": NaN,
        "Research And Development": NaN,
        "Selling General And Administration": NaN,
        "General And Administrative Expense": NaN,
        "Other Gand A": NaN,
        "Total Revenue": NaN,
        "Operating Revenue": NaN
    },
    "2023-09-30": {
        "Tax Effect Of Unusual Items": NaN,
        "Tax Rate For Calcs": NaN,
        "Normalized EBITDA": NaN,
        "Total Unusual Items": NaN,
        "Total Unusual Items Excluding Goodwill": NaN,
        "Net Income From Continuing Operation Net Minority Interest": NaN,
        "EBITDA": NaN,
        "EBIT": NaN,
        "Net Interest Income": NaN,
        "Interest Expense": NaN,
        "Interest Income": NaN,
        "Normalized Income": NaN,
        "Net Income From Continuing And Discontinued Operation": NaN,
        "Total Expenses": NaN,
        "Total Operating Income As Reported": NaN,
        "Diluted Average Shares": 553198.0,
        "Basic Average Shares": 553198.0,
        "Diluted EPS": -10.5,
        "Basic EPS": -10.5,
        "Diluted NI Availto Com Stockholders": NaN,
        "Net Income Common Stockholders": NaN,
        "Net Income": NaN,
        "Net Income Including Noncontrolling Interests": NaN,
        "Net Income Continuous Operations": NaN,
        "Tax Provision": NaN,
        "Pretax Income": NaN,
        "Other Income Expense": NaN,
        "Gain On Sale Of Security": NaN,
        "Net Non Operating Interest Income Expense": NaN,
        "Interest Expense Non Operating": NaN,
        "Interest Income Non Operating": NaN,
        "Operating Income": NaN,
        "Operating Expense": NaN,
        "Research And Development": NaN,
        "Selling General And Administration": NaN,
        "General And Administrative Expense": NaN,
        "Other Gand A": NaN,
        "Total Revenue": NaN,
        "Operating Revenue": NaN
    },
    "2023-12-31": {
        "Tax Effect Of Unusual Items": 0.0,
        "Tax Rate For Calcs": 0.03766,
        "Normalized EBITDA": -4589000.0,
        "Total Unusual Items": NaN,
        "Total Unusual Items Excluding Goodwill": NaN,
        "Net Income From Continuing Operation Net Minority Interest": -4523000.0,
        "EBITDA": -4589000.0,
        "EBIT": -4589000.0,
        "Net Interest Income": -361000.0,
        "Interest Expense": 111000.0,
        "Interest Income": -250000.0,
        "Normalized Income": -4523000.0,
        "Net Income From Continuing And Discontinued Operation": -4523000.0,
        "Total Expenses": 4437000.0,
        "Total Operating Income As Reported": -4364000.0,
        "Diluted Average Shares": NaN,
        "Basic Average Shares": NaN,
        "Diluted EPS": NaN,
        "Basic EPS": NaN,
        "Diluted NI Availto Com Stockholders": -4523000.0,
        "Net Income Common Stockholders": NaN,
        "Net Income": -4523000.0,
        "Net Income Including Noncontrolling Interests": -4523000.0,
        "Net Income Continuous Operations": -4523000.0,
        "Tax Provision": -177000.0,
        "Pretax Income": NaN,
        "Other Income Expense": NaN,
        "Gain On Sale Of Security": NaN,
        "Net Non Operating Interest Income Expense": -361000.0,
        "Interest Expense Non Operating": 111000.0,
        "Interest Income Non Operating": -250000.0,
        "Operating Income": -4364000.0,
        "Operating Expense": 4437000.0,
        "Research And Development": 2298000.0,
        "Selling General And Administration": 1864000.0,
        "General And Administrative Expense": 1864000.0,
        "Other Gand A": -1268000.0,
        "Total Revenue": NaN,
        "Operating Revenue": 73000.0
    },
    "2024-03-31": {
        "Tax Effect Of Unusual Items": 0.0,
        "Tax Rate For Calcs": 0.22,
        "Normalized EBITDA": 1222000.0,
        "Total Unusual Items": NaN,
        "Total Unusual Items Excluding Goodwill": NaN,
        "Net Income From Continuing Operation Net Minority Interest": 1194000.0,
        "EBITDA": 1222000.0,
        "EBIT": 1222000.0,
        "Net Interest Income": 5372000.0,
        "Interest Expense": 246000.0,
        "Interest Income": 5618000.0,
        "Normalized Income": 1194000.0,
        "Net Income From Continuing And Discontinued Operation": 1194000.0,
        "Total Expenses": 4447000.0,
        "Total Operating Income As Reported": -4396000.0,
        "Diluted Average Shares": 932765.0,
        "Basic Average Shares": 932765.0,
        "Diluted EPS": 1.5,
        "Basic EPS": 1.5,
        "Diluted NI Availto Com Stockholders": 1194000.0,
        "Net Income Common Stockholders": 1194000.0,
        "Net Income": 1194000.0,
        "Net Income Including Noncontrolling Interests": 1194000.0,
        "Net Income Continuous Operations": 1194000.0,
        "Tax Provision": -218000.0,
        "Pretax Income": 976000.0,
        "Other Income Expense": NaN,
        "Gain On Sale Of Security": NaN,
        "Net Non Operating Interest Income Expense": 5372000.0,
        "Interest Expense Non Operating": 246000.0,
        "Interest Income Non Operating": 5618000.0,
        "Operating Income": -4396000.0,
        "Operating Expense": 4447000.0,
        "Research And Development": 2836000.0,
        "Selling General And Administration": 1611000.0,
        "General And Administrative Expense": 1611000.0,
        "Other Gand A": 1611000.0,
        "Total Revenue": 51000.0,
        "Operating Revenue": 51000.0
    },
    "2024-06-30": {
        "Tax Effect Of Unusual Items": NaN,
        "Tax Rate For Calcs": NaN,
        "Normalized EBITDA": NaN,
        "Total Unusual Items": -1632000.0,
        "Total Unusual Items Excluding Goodwill": -1632000.0,
        "Net Income From Continuing Operation Net Minority Interest": NaN,
        "EBITDA": NaN,
        "EBIT": NaN,
        "Net Interest Income": NaN,
        "Interest Expense": NaN,
        "Interest Income": NaN,
        "Normalized Income": NaN,
        "Net Income From Continuing And Discontinued Operation": NaN,
        "Total Expenses": NaN,
        "Total Operating Income As Reported": NaN,
        "Diluted Average Shares": NaN,
        "Basic Average Shares": NaN,
        "Diluted EPS": NaN,
        "Basic EPS": NaN,
        "Diluted NI Availto Com Stockholders": NaN,
        "Net Income Common Stockholders": NaN,
        "Net Income": NaN,
        "Net Income Including Noncontrolling Interests": NaN,
        "Net Income Continuous Operations": NaN,
        "Tax Provision": NaN,
        "Pretax Income": NaN,
        "Other Income Expense": -1632000.0,
        "Gain On Sale Of Security": -1632000.0,
        "Net Non Operating Interest Income Expense": NaN,
        "Interest Expense Non Operating": NaN,
        "Interest Income Non Operating": NaN,
        "Operating Income": NaN,
        "Operating Expense": NaN,
        "Research And Development": NaN,
        "Selling General And Administration": NaN,
        "General And Administrative Expense": NaN,
        "Other Gand A": NaN,
        "Total Revenue": NaN,
        "Operating Revenue": NaN
    },
    "2024-09-30": {
        "Tax Effect Of Unusual Items": 0.0,
        "Tax Rate For Calcs": 0.047267,
        "Normalized EBITDA": -1647000.0,
        "Total Unusual Items": NaN,
        "Total Unusual Items Excluding Goodwill": NaN,
        "Net Income From Continuing Operation Net Minority Interest": -1935000.0,
        "EBITDA": -1647000.0,
        "EBIT": -1647000.0,
        "Net Interest Income": -300000.0,
        "Interest Expense": 384000.0,
        "Interest Income": 84000.0,
        "Normalized Income": -1935000.0,
        "Net Income From Continuing And Discontinued Operation": -1935000.0,
        "Total Expenses": 4748000.0,
        "Total Operating Income As Reported": -1731000.0,
        "Diluted Average Shares": 1105107.0,
        "Basic Average Shares": 1105107.0,
        "Diluted EPS": -2.0,
        "Basic EPS": -2.0,
        "Diluted NI Availto Com Stockholders": -1935000.0,
        "Net Income Common Stockholders": -1935000.0,
        "Net Income": -1935000.0,
        "Net Income Including Noncontrolling Interests": -1935000.0,
        "Net Income Continuous Operations": -1935000.0,
        "Tax Provision": -96000.0,
        "Pretax Income": -2031000.0,
        "Other Income Expense": NaN,
        "Gain On Sale Of Security": NaN,
        "Net Non Operating Interest Income Expense": -300000.0,
        "Interest Expense Non Operating": 384000.0,
        "Interest Income Non Operating": 84000.0,
        "Operating Income": -1731000.0,
        "Operating Expense": 4748000.0,
        "Research And Development": 2614000.0,
        "Selling General And Administration": 2134000.0,
        "General And Administrative Expense": 2134000.0,
        "Other Gand A": 2134000.0,
        "Total Revenue": 3017000.0,
        "Operating Revenue": 3017000.0
    },
    "2024-12-31": {
        "Tax Effect Of Unusual Items": 0.0,
        "Tax Rate For Calcs": 0.070441,
        "Normalized EBITDA": -5607000.0,
        "Total Unusual Items": NaN,
        "Total Unusual Items Excluding Goodwill": NaN,
        "Net Income From Continuing Operation Net Minority Interest": -3629000.0,
        "EBITDA": -5607000.0,
        "EBIT": -5607000.0,
        "Net Interest Income": -3965000.0,
        "Interest Expense": -1703000.0,
        "Interest Income": -5668000.0,
        "Normalized Income": -3629000.0,
        "Net Income From Continuing And Discontinued Operation": -3629000.0,
        "Total Expenses": 4146000.0,
        "Total Operating Income As Reported": -4024000.0,
        "Diluted Average Shares": 1072890.0,
        "Basic Average Shares": 1072890.0,
        "Diluted EPS": -3.5,
        "Basic EPS": -3.5,
        "Diluted NI Availto Com Stockholders": -3629000.0,
        "Net Income Common Stockholders": -3629000.0,
        "Net Income": -3629000.0,
        "Net Income Including Noncontrolling Interests": -3629000.0,
        "Net Income Continuous Operations": -3629000.0,
        "Tax Provision": -275000.0,
        "Pretax Income": -3904000.0,
        "Other Income Expense": NaN,
        "Gain On Sale Of Security": NaN,
        "Net Non Operating Interest Income Expense": -3965000.0,
        "Interest Expense Non Operating": -1703000.0,
        "Interest Income Non Operating": -5668000.0,
        "Operating Income": -4024000.0,
        "Operating Expense": 4146000.0,
        "Research And Development": 2255000.0,
        "Selling General And Administration": 1589000.0,
        "General And Administrative Expense": 1589000.0,
        "Other Gand A": -999000.0,
        "Total Revenue": 122000.0,
        "Operating Revenue": 122000.0
    },
    "2025-03-31": {
        "Tax Effect Of Unusual Items": 0.0,
        "Tax Rate For Calcs": 0.108352,
        "Normalized EBITDA": -1375000.0,
        "Total Unusual Items": NaN,
        "Total Unusual Items Excluding Goodwill": NaN,
        "Net Income From Continuing Operation Net Minority Interest": -1580000.0,
        "EBITDA": -1375000.0,
        "EBIT": -1375000.0,
        "Net Interest Income": 2096000.0,
        "Interest Expense": 397000.0,
        "Interest Income": 2493000.0,
        "Normalized Income": -1580000.0,
        "Net Income From Continuing And Discontinued Operation": -1580000.0,
        "Total Expenses": 3868000.0,
        "Total Operating Income As Reported": -3868000.0,
        "Diluted Average Shares": 5526239.0,
        "Basic Average Shares": 5526239.0,
        "Diluted EPS": -0.5,
        "Basic EPS": -0.5,
        "Diluted NI Availto Com Stockholders": -1580000.0,
        "Net Income Common Stockholders": -1580000.0,
        "Net Income": -1580000.0,
        "Net Income Including Noncontrolling Interests": -1580000.0,
        "Net Income Continuous Operations": -1580000.0,
        "Tax Provision": -192000.0,
        "Pretax Income": -1772000.0,
        "Other Income Expense": NaN,
        "Gain On Sale Of Security": NaN,
        "Net Non Operating Interest Income Expense": 2096000.0,
        "Interest Expense Non Operating": 397000.0,
        "Interest Income Non Operating": 2493000.0,
        "Operating Income": -3868000.0,
        "Operating Expense": 3868000.0,
        "Research And Development": 2156000.0,
        "Selling General And Administration": 1712000.0,
        "General And Administrative Expense": 1712000.0,
        "Other Gand A": 1712000.0,
        "Total Revenue": 0.0,
        "Operating Revenue": 0.0
    },
    "2025-06-30": {
        "Tax Effect Of Unusual Items": -18429.168325,
        "Tax Rate For Calcs": 0.038798,
        "Normalized EBITDA": -4310000.0,
        "Total Unusual Items": -475000.0,
        "Total Unusual Items Excluding Goodwill": -475000.0,
        "Net Income From Continuing Operation Net Minority Interest": -4831000.0,
        "EBITDA": -4785000.0,
        "EBIT": -4785000.0,
        "Net Interest Income": -211000.0,
        "Interest Expense": 241000.0,
        "Interest Income": 30000.0,
        "Normalized Income": -4374429.168325,
        "Net Income From Continuing And Discontinued Operation": -4831000.0,
        "Total Expenses": 4377000.0,
        "Total Operating Income As Reported": -4340000.0,
        "Diluted Average Shares": 4831000.0,
        "Basic Average Shares": 4831000.0,
        "Diluted EPS": -1.0,
        "Basic EPS": -1.0,
        "Diluted NI Availto Com Stockholders": -4831000.0,
        "Net Income Common Stockholders": -4831000.0,
        "Net Income": -4831000.0,
        "Net Income Including Noncontrolling Interests": -4831000.0,
        "Net Income Continuous Operations": -4831000.0,
        "Tax Provision": -195000.0,
        "Pretax Income": -5026000.0,
        "Other Income Expense": -475000.0,
        "Gain On Sale Of Security": -475000.0,
        "Net Non Operating Interest Income Expense": -211000.0,
        "Interest Expense Non Operating": 241000.0,
        "Interest Income Non Operating": 30000.0,
        "Operating Income": -4340000.0,
        "Operating Expense": 4377000.0,
        "Research And Development": 2165000.0,
        "Selling General And Administration": 2212000.0,
        "General And Administrative Expense": 2212000.0,
        "Other Gand A": 2212000.0,
        "Total Revenue": 37000.0,
        "Operating Revenue": 37000.0
    },
    "2025-09-30": {
        "Tax Effect Of Unusual Items": 0.0,
        "Tax Rate For Calcs": 0.22,
        "Normalized EBITDA": 5712000.0,
        "Total Unusual Items": NaN,
        "Total Unusual Items Excluding Goodwill": NaN,
        "Net Income From Continuing Operation Net Minority Interest": 4618000.0,
        "EBITDA": 5712000.0,
        "EBIT": 5712000.0,
        "Net Interest Income": 1330000.0,
        "Interest Expense": 1360000.0,
        "Interest Income": 2690000.0,
        "Normalized Income": 4618000.0,
        "Net Income From Continuing And Discontinued Operation": 4618000.0,
        "Total Expenses": 4469000.0,
        "Total Operating Income As Reported": 3022000.0,
        "Diluted Average Shares": 6360833.0,
        "Basic Average Shares": 6360833.0,
        "Diluted EPS": 0.5,
        "Basic EPS": 0.5,
        "Diluted NI Availto Com Stockholders": 4618000.0,
        "Net Income Common Stockholders": 4618000.0,
        "Net Income": 4618000.0,
        "Net Income Including Noncontrolling Interests": 4618000.0,
        "Net Income Continuous Operations": 4617000.0,
        "Tax Provision": -265000.0,
        "Pretax Income": 4352000.0,
        "Other Income Expense": NaN,
        "Gain On Sale Of Security": NaN,
        "Net Non Operating Interest Income Expense": 1330000.0,
        "Interest Expense Non Operating": 1360000.0,
        "Interest Income Non Operating": 2690000.0,
        "Operating Income": 3023000.0,
        "Operating Expense": 4469000.0,
        "Research And Development": 3092000.0,
        "Selling General And Administration": 1377000.0,
        "General And Administrative Expense": 1377000.0,
        "Other Gand A": 1377000.0,
        "Total Revenue": 7492000.0,
        "Operating Revenue": 7492000.0
    }
}