{
    "2023-03-31": {
        "Tax Effect Of Unusual Items": NaN,
        "Tax Rate For Calcs": NaN,
        "Normalized EBITDA": NaN,
        "Total Unusual Items": NaN,
        "Total Unusual Items Excluding Goodwill": NaN,
        "Net Income From Continuing Operation Net Minority Interest": NaN,
        "Reconciled Depreciation": NaN,
        "EBITDA": NaN,
        "EBIT": NaN,
        "Net Interest Income": NaN,
        "Interest Expense": NaN,
        "Interest Income": NaN,
        "Normalized Income": NaN,
        "Net Income From Continuing And Discontinued Operation": NaN,
        "Total Expenses": NaN,
        "Total Operating Income As Reported": NaN,
        "Diluted Average Shares": NaN,
        "Basic Average Shares": NaN,
        "Diluted EPS": NaN,
        "Basic EPS": NaN,
        "Diluted NI Availto Com Stockholders": NaN,
        "Net Income Common Stockholders": NaN,
        "Net Income": NaN,
        "Net Income Including Noncontrolling Interests": NaN,
        "Net Income Continuous Operations": NaN,
        "Tax Provision": NaN,
        "Pretax Income": NaN,
        "Other Income Expense": NaN,
        "Other Non Operating Income Expenses": NaN,
        "Special Income Charges": 0.0,
        "Restructuring And Mergern Acquisition": 0.0,
        "Gain On Sale Of Security": NaN,
        "Net Non Operating Interest Income Expense": NaN,
        "Interest Expense Non Operating": NaN,
        "Interest Income Non Operating": NaN,
        "Operating Income": NaN,
        "Operating Expense": NaN,
        "Research And Development": NaN,
        "Selling General And Administration": NaN,
        "General And Administrative Expense": NaN,
        "Other Gand A": NaN,
        "Insurance And Claims": NaN,
        "Salaries And Wages": NaN,
        "Total Revenue": NaN,
        "Operating Revenue": NaN
    },
    "2022-12-31": {
        "Tax Effect Of Unusual Items": NaN,
        "Tax Rate For Calcs": NaN,
        "Normalized EBITDA": NaN,
        "Total Unusual Items": NaN,
        "Total Unusual Items Excluding Goodwill": NaN,
        "Net Income From Continuing Operation Net Minority Interest": NaN,
        "Reconciled Depreciation": NaN,
        "EBITDA": NaN,
        "EBIT": NaN,
        "Net Interest Income": NaN,
        "Interest Expense": NaN,
        "Interest Income": NaN,
        "Normalized Income": NaN,
        "Net Income From Continuing And Discontinued Operation": NaN,
        "Total Expenses": NaN,
        "Total Operating Income As Reported": NaN,
        "Diluted Average Shares": NaN,
        "Basic Average Shares": NaN,
        "Diluted EPS": NaN,
        "Basic EPS": NaN,
        "Diluted NI Availto Com Stockholders": NaN,
        "Net Income Common Stockholders": NaN,
        "Net Income": NaN,
        "Net Income Including Noncontrolling Interests": NaN,
        "Net Income Continuous Operations": NaN,
        "Tax Provision": NaN,
        "Pretax Income": NaN,
        "Other Income Expense": NaN,
        "Other Non Operating Income Expenses": NaN,
        "Special Income Charges": 0.0,
        "Restructuring And Mergern Acquisition": 0.0,
        "Gain On Sale Of Security": NaN,
        "Net Non Operating Interest Income Expense": NaN,
        "Interest Expense Non Operating": NaN,
        "Interest Income Non Operating": NaN,
        "Operating Income": NaN,
        "Operating Expense": NaN,
        "Depreciation Amortization Depletion Income Statement": 8887.0,
        "Depreciation And Amortization In Income Statement": 8887.0,
        "Research And Development": NaN,
        "Selling General And Administration": NaN,
        "General And Administrative Expense": NaN,
        "Other Gand A": NaN,
        "Insurance And Claims": NaN,
        "Salaries And Wages": NaN,
        "Total Revenue": NaN,
        "Operating Revenue": NaN
    },
    "2022-09-30": {
        "Tax Effect Of Unusual Items": NaN,
        "Tax Rate For Calcs": NaN,
        "Normalized EBITDA": NaN,
        "Total Unusual Items": NaN,
        "Total Unusual Items Excluding Goodwill": NaN,
        "Net Income From Continuing Operation Net Minority Interest": NaN,
        "Reconciled Depreciation": NaN,
        "EBITDA": NaN,
        "EBIT": NaN,
        "Net Interest Income": 536562.0,
        "Interest Expense": NaN,
        "Interest Income": 536562.0,
        "Normalized Income": NaN,
        "Net Income From Continuing And Discontinued Operation": NaN,
        "Total Expenses": NaN,
        "Total Operating Income As Reported": NaN,
        "Diluted Average Shares": 272040343.0,
        "Basic Average Shares": 272040343.0,
        "Diluted EPS": -0.14,
        "Basic EPS": -0.14,
        "Diluted NI Availto Com Stockholders": NaN,
        "Net Income Common Stockholders": NaN,
        "Net Income": NaN,
        "Net Income Including Noncontrolling Interests": NaN,
        "Net Income Continuous Operations": NaN,
        "Tax Provision": NaN,
        "Pretax Income": NaN,
        "Other Income Expense": NaN,
        "Other Non Operating Income Expenses": NaN,
        "Special Income Charges": NaN,
        "Restructuring And Mergern Acquisition": NaN,
        "Gain On Sale Of Security": NaN,
        "Net Non Operating Interest Income Expense": 536562.0,
        "Interest Expense Non Operating": NaN,
        "Interest Income Non Operating": 536562.0,
        "Operating Income": NaN,
        "Operating Expense": NaN,
        "Depreciation Amortization Depletion Income Statement": 0.0,
        "Depreciation And Amortization In Income Statement": 0.0,
        "Research And Development": NaN,
        "Selling General And Administration": NaN,
        "General And Administrative Expense": NaN,
        "Other Gand A": NaN,
        "Insurance And Claims": NaN,
        "Salaries And Wages": NaN,
        "Total Revenue": NaN,
        "Operating Revenue": NaN
    },
    "2022-06-30": {
        "Tax Effect Of Unusual Items": 1878551.6,
        "Tax Rate For Calcs": 0.4,
        "Normalized EBITDA": -21044668.0,
        "Total Unusual Items": 4696379.0,
        "Total Unusual Items Excluding Goodwill": 4696379.0,
        "Net Income From Continuing Operation Net Minority Interest": -11781618.0,
        "Reconciled Depreciation": 0.0,
        "EBITDA": -16348289.0,
        "EBIT": -16348289.0,
        "Normalized Income": -14599445.4,
        "Net Income From Continuing And Discontinued Operation": -11781618.0,
        "Total Expenses": 16348289.0,
        "Total Operating Income As Reported": -16348289.0,
        "Diluted Average Shares": 248989790.0,
        "Basic Average Shares": 248989790.0,
        "Diluted EPS": -0.43,
        "Basic EPS": -0.43,
        "Diluted NI Availto Com Stockholders": -11781618.0,
        "Net Income Common Stockholders": -11781618.0,
        "Net Income": -11781618.0,
        "Net Income Including Noncontrolling Interests": -11781618.0,
        "Net Income Continuous Operations": -11781618.0,
        "Tax Provision": 129708.0,
        "Pretax Income": -11651910.0,
        "Other Income Expense": 4696379.0,
        "Special Income Charges": NaN,
        "Restructuring And Mergern Acquisition": NaN,
        "Gain On Sale Of Security": 4696379.0,
        "Operating Income": -16348289.0,
        "Operating Expense": 16348289.0,
        "Other Operating Expenses": 37123.0,
        "Depreciation Amortization Depletion Income Statement": 0.0,
        "Depreciation And Amortization In Income Statement": 0.0,
        "Research And Development": 9835736.0,
        "Selling General And Administration": 6475430.0,
        "General And Administrative Expense": 6475430.0,
        "Other Gand A": 3463652.0,
        "Salaries And Wages": 3011778.0,
        "Total Revenue": 0.0,
        "Operating Revenue": 0.0
    },
    "2022-03-31": {
        "Diluted EPS": -0.05,
        "Total Revenue": NaN,
        "Gross Profit": NaN,
        "Operating Income": -10,
        "EBIT": -10,
        "Net Income": -10
    },
    "2021-12-31": {
        "Diluted EPS": -0.45,
        "Total Revenue": NaN,
        "Gross Profit": NaN,
        "Operating Income": -10,
        "EBIT": -10,
        "Net Income": -23
    },
    "2021-09-30": {
        "Diluted EPS": -0.02,
        "Total Revenue": NaN,
        "Gross Profit": NaN,
        "Operating Income": -4,
        "EBIT": -4,
        "Net Income": -4
    },
    "2021-06-30": {
        "Diluted EPS": -0.02,
        "Total Revenue": NaN,
        "Gross Profit": NaN,
        "Operating Income": -4,
        "EBIT": -4,
        "Net Income": -4
    },
    "2021-03-31": {
        "Diluted EPS": 0.41,
        "Total Revenue": NaN,
        "Gross Profit": NaN,
        "Operating Income": 0,
        "EBIT": 0,
        "Net Income": 12
    },
    "2020-12-31": {
        "Diluted EPS": 0.0,
        "Total Revenue": NaN,
        "Gross Profit": NaN,
        "Operating Income": NaN,
        "EBIT": NaN,
        "Net Income": NaN
    },
    "2020-09-30": {
        "Diluted EPS": 0.0,
        "Total Revenue": NaN,
        "Gross Profit": NaN,
        "Operating Income": 0,
        "EBIT": 0,
        "Net Income": 0
    },
    "2023-06-30": {
        "Tax Effect Of Unusual Items": NaN,
        "Tax Rate For Calcs": NaN,
        "Normalized EBITDA": NaN,
        "Total Unusual Items": NaN,
        "Total Unusual Items Excluding Goodwill": NaN,
        "Net Income From Continuing Operation Net Minority Interest": NaN,
        "Reconciled Depreciation": NaN,
        "EBITDA": NaN,
        "EBIT": NaN,
        "Net Interest Income": NaN,
        "Interest Expense": NaN,
        "Interest Income": NaN,
        "Normalized Income": NaN,
        "Net Income From Continuing And Discontinued Operation": NaN,
        "Total Expenses": NaN,
        "Total Operating Income As Reported": NaN,
        "Diluted Average Shares": 275632000.0,
        "Basic Average Shares": 275632000.0,
        "Diluted EPS": -0.11,
        "Basic EPS": -0.11,
        "Diluted NI Availto Com Stockholders": NaN,
        "Net Income Common Stockholders": NaN,
        "Net Income": NaN,
        "Net Income Including Noncontrolling Interests": NaN,
        "Net Income Continuous Operations": NaN,
        "Tax Provision": NaN,
        "Pretax Income": NaN,
        "Other Income Expense": NaN,
        "Other Non Operating Income Expenses": NaN,
        "Special Income Charges": 0.0,
        "Restructuring And Mergern Acquisition": 0.0,
        "Gain On Sale Of Security": NaN,
        "Net Non Operating Interest Income Expense": NaN,
        "Interest Expense Non Operating": NaN,
        "Interest Income Non Operating": NaN,
        "Operating Income": NaN,
        "Operating Expense": NaN,
        "Research And Development": NaN,
        "Selling General And Administration": NaN,
        "General And Administrative Expense": NaN,
        "Other Gand A": NaN,
        "Insurance And Claims": NaN,
        "Salaries And Wages": NaN,
        "Total Revenue": NaN,
        "Operating Revenue": NaN
    },
    "2023-09-30": {
        "Tax Effect Of Unusual Items": NaN,
        "Tax Rate For Calcs": NaN,
        "Normalized EBITDA": NaN,
        "Total Unusual Items": NaN,
        "Total Unusual Items Excluding Goodwill": NaN,
        "Net Income From Continuing Operation Net Minority Interest": NaN,
        "Reconciled Depreciation": NaN,
        "EBITDA": NaN,
        "EBIT": NaN,
        "Net Interest Income": NaN,
        "Interest Expense": NaN,
        "Interest Income": NaN,
        "Normalized Income": NaN,
        "Net Income From Continuing And Discontinued Operation": NaN,
        "Total Expenses": NaN,
        "Total Operating Income As Reported": NaN,
        "Diluted Average Shares": 275887000.0,
        "Basic Average Shares": 275887000.0,
        "Diluted EPS": -0.11,
        "Basic EPS": -0.11,
        "Diluted NI Availto Com Stockholders": NaN,
        "Net Income Common Stockholders": NaN,
        "Net Income": NaN,
        "Net Income Including Noncontrolling Interests": NaN,
        "Net Income Continuous Operations": NaN,
        "Tax Provision": NaN,
        "Pretax Income": NaN,
        "Other Income Expense": NaN,
        "Other Non Operating Income Expenses": NaN,
        "Special Income Charges": 0.0,
        "Restructuring And Mergern Acquisition": 0.0,
        "Gain On Sale Of Security": NaN,
        "Net Non Operating Interest Income Expense": NaN,
        "Interest Expense Non Operating": NaN,
        "Interest Income Non Operating": NaN,
        "Operating Income": NaN,
        "Operating Expense": NaN,
        "Research And Development": NaN,
        "Selling General And Administration": NaN,
        "General And Administrative Expense": NaN,
        "Other Gand A": NaN,
        "Insurance And Claims": NaN,
        "Salaries And Wages": NaN,
        "Total Revenue": NaN,
        "Operating Revenue": NaN
    },
    "2023-12-31": {
        "Tax Effect Of Unusual Items": NaN,
        "Tax Rate For Calcs": NaN,
        "Normalized EBITDA": NaN,
        "Total Unusual Items": NaN,
        "Total Unusual Items Excluding Goodwill": NaN,
        "Net Income From Continuing Operation Net Minority Interest": NaN,
        "Reconciled Depreciation": NaN,
        "EBITDA": NaN,
        "EBIT": NaN,
        "Net Interest Income": NaN,
        "Interest Expense": NaN,
        "Interest Income": NaN,
        "Normalized Income": NaN,
        "Net Income From Continuing And Discontinued Operation": NaN,
        "Total Expenses": NaN,
        "Total Operating Income As Reported": NaN,
        "Diluted Average Shares": NaN,
        "Basic Average Shares": NaN,
        "Diluted EPS": NaN,
        "Basic EPS": NaN,
        "Diluted NI Availto Com Stockholders": NaN,
        "Net Income Common Stockholders": NaN,
        "Net Income": NaN,
        "Net Income Including Noncontrolling Interests": NaN,
        "Net Income Continuous Operations": NaN,
        "Tax Provision": NaN,
        "Pretax Income": NaN,
        "Other Income Expense": NaN,
        "Other Non Operating Income Expenses": NaN,
        "Special Income Charges": 0.0,
        "Restructuring And Mergern Acquisition": 0.0,
        "Gain On Sale Of Security": NaN,
        "Net Non Operating Interest Income Expense": NaN,
        "Interest Expense Non Operating": NaN,
        "Interest Income Non Operating": NaN,
        "Operating Income": NaN,
        "Operating Expense": NaN,
        "Research And Development": NaN,
        "Selling General And Administration": NaN,
        "General And Administrative Expense": NaN,
        "Other Gand A": NaN,
        "Insurance And Claims": NaN,
        "Salaries And Wages": NaN,
        "Total Revenue": NaN,
        "Operating Revenue": NaN
    },
    "2024-03-31": {
        "Tax Effect Of Unusual Items": NaN,
        "Tax Rate For Calcs": NaN,
        "Normalized EBITDA": NaN,
        "Total Unusual Items": NaN,
        "Total Unusual Items Excluding Goodwill": NaN,
        "Net Income From Continuing Operation Net Minority Interest": NaN,
        "Reconciled Depreciation": NaN,
        "EBITDA": NaN,
        "EBIT": NaN,
        "Net Interest Income": NaN,
        "Interest Expense": NaN,
        "Interest Income": NaN,
        "Normalized Income": NaN,
        "Net Income From Continuing And Discontinued Operation": NaN,
        "Total Expenses": NaN,
        "Total Operating Income As Reported": NaN,
        "Diluted Average Shares": 276263000.0,
        "Basic Average Shares": 276263000.0,
        "Diluted EPS": -0.09,
        "Basic EPS": -0.09,
        "Diluted NI Availto Com Stockholders": NaN,
        "Net Income Common Stockholders": NaN,
        "Net Income": NaN,
        "Net Income Including Noncontrolling Interests": NaN,
        "Net Income Continuous Operations": NaN,
        "Tax Provision": NaN,
        "Pretax Income": NaN,
        "Other Income Expense": NaN,
        "Other Non Operating Income Expenses": NaN,
        "Gain On Sale Of Security": NaN,
        "Net Non Operating Interest Income Expense": NaN,
        "Interest Expense Non Operating": NaN,
        "Interest Income Non Operating": NaN,
        "Operating Income": NaN,
        "Operating Expense": NaN,
        "Research And Development": NaN,
        "Selling General And Administration": NaN,
        "General And Administrative Expense": NaN,
        "Other Gand A": NaN,
        "Insurance And Claims": NaN,
        "Salaries And Wages": NaN,
        "Total Revenue": NaN,
        "Operating Revenue": NaN
    },
    "2024-06-30": {
        "Tax Effect Of Unusual Items": 853020.0,
        "Tax Rate For Calcs": 0.21,
        "Normalized EBITDA": -39384000.0,
        "Total Unusual Items": 4062000.0,
        "Total Unusual Items Excluding Goodwill": 4062000.0,
        "Net Income From Continuing Operation Net Minority Interest": -36388000.0,
        "Reconciled Depreciation": 58000.0,
        "EBITDA": -35322000.0,
        "EBIT": -35380000.0,
        "Net Interest Income": 609000.0,
        "Interest Expense": 613000.0,
        "Interest Income": 1222000.0,
        "Normalized Income": -39596980.0,
        "Net Income From Continuing And Discontinued Operation": -36388000.0,
        "Total Expenses": 41717000.0,
        "Total Operating Income As Reported": -41717000.0,
        "Diluted Average Shares": 276355000.0,
        "Basic Average Shares": 276355000.0,
        "Diluted EPS": -0.13,
        "Basic EPS": -0.13,
        "Diluted NI Availto Com Stockholders": -36388000.0,
        "Net Income Common Stockholders": -36388000.0,
        "Net Income": -36388000.0,
        "Net Income Including Noncontrolling Interests": -36388000.0,
        "Net Income Continuous Operations": -36388000.0,
        "Tax Provision": 395000.0,
        "Pretax Income": -35993000.0,
        "Other Income Expense": 5115000.0,
        "Other Non Operating Income Expenses": 1053000.0,
        "Gain On Sale Of Security": 4062000.0,
        "Net Non Operating Interest Income Expense": 609000.0,
        "Interest Expense Non Operating": 613000.0,
        "Interest Income Non Operating": 1222000.0,
        "Operating Income": -41717000.0,
        "Operating Expense": 41717000.0,
        "Research And Development": 36317000.0,
        "Selling General And Administration": 5400000.0,
        "General And Administrative Expense": 5400000.0,
        "Other Gand A": 3347000.0,
        "Insurance And Claims": 266000.0,
        "Salaries And Wages": 1787000.0,
        "Total Revenue": 0.0,
        "Operating Revenue": 0.0
    },
    "2024-09-30": {
        "Tax Effect Of Unusual Items": 1599990.0,
        "Tax Rate For Calcs": 0.21,
        "Normalized EBITDA": -42078000.0,
        "Total Unusual Items": 7619000.0,
        "Total Unusual Items Excluding Goodwill": 7619000.0,
        "Net Income From Continuing Operation Net Minority Interest": -35787000.0,
        "Reconciled Depreciation": 67000.0,
        "EBITDA": -34459000.0,
        "EBIT": -34526000.0,
        "Net Interest Income": -405000.0,
        "Interest Expense": 835000.0,
        "Interest Income": 430000.0,
        "Normalized Income": -41806010.0,
        "Net Income From Continuing And Discontinued Operation": -35787000.0,
        "Total Expenses": 40830000.0,
        "Total Operating Income As Reported": -40830000.0,
        "Diluted Average Shares": 297833000.0,
        "Basic Average Shares": 297833000.0,
        "Diluted EPS": -0.12,
        "Basic EPS": -0.12,
        "Diluted NI Availto Com Stockholders": -35787000.0,
        "Net Income Common Stockholders": -35787000.0,
        "Net Income": -35787000.0,
        "Net Income Including Noncontrolling Interests": -35788000.0,
        "Net Income Continuous Operations": -35788000.0,
        "Tax Provision": 427000.0,
        "Pretax Income": -35361000.0,
        "Other Income Expense": 5875000.0,
        "Other Non Operating Income Expenses": -1744000.0,
        "Gain On Sale Of Security": 7619000.0,
        "Net Non Operating Interest Income Expense": -405000.0,
        "Interest Expense Non Operating": 835000.0,
        "Interest Income Non Operating": 430000.0,
        "Operating Income": -40830000.0,
        "Operating Expense": 40830000.0,
        "Research And Development": 32419000.0,
        "Selling General And Administration": 8411000.0,
        "General And Administrative Expense": 8411000.0,
        "Other Gand A": 5188000.0,
        "Insurance And Claims": 272000.0,
        "Salaries And Wages": 2951000.0,
        "Total Revenue": 0.0,
        "Operating Revenue": 0.0
    },
    "2024-12-31": {
        "Tax Effect Of Unusual Items": -24264.447327,
        "Tax Rate For Calcs": 0.02253,
        "Normalized EBITDA": -38681000.0,
        "Total Unusual Items": -1077000.0,
        "Total Unusual Items Excluding Goodwill": -1077000.0,
        "Net Income From Continuing Operation Net Minority Interest": -40696000.0,
        "Reconciled Depreciation": 76000.0,
        "EBITDA": -39758000.0,
        "EBIT": -39834000.0,
        "Net Interest Income": -1800000.0,
        "Interest Expense": 1800000.0,
        "Interest Income": 0.0,
        "Normalized Income": -39643264.447327,
        "Net Income From Continuing And Discontinued Operation": -40696000.0,
        "Total Expenses": 39895000.0,
        "Total Operating Income As Reported": -39895000.0,
        "Diluted Average Shares": NaN,
        "Basic Average Shares": NaN,
        "Diluted EPS": NaN,
        "Basic EPS": NaN,
        "Diluted NI Availto Com Stockholders": -40696000.0,
        "Net Income Common Stockholders": -40696000.0,
        "Net Income": -40696000.0,
        "Net Income Including Noncontrolling Interests": -40696000.0,
        "Net Income Continuous Operations": -40696000.0,
        "Tax Provision": -938000.0,
        "Pretax Income": -41634000.0,
        "Other Income Expense": 62000.0,
        "Other Non Operating Income Expenses": 1139000.0,
        "Gain On Sale Of Security": -1077000.0,
        "Net Non Operating Interest Income Expense": -1800000.0,
        "Interest Expense Non Operating": 1800000.0,
        "Interest Income Non Operating": 0.0,
        "Operating Income": -39895000.0,
        "Operating Expense": 39895000.0,
        "Research And Development": 33653000.0,
        "Selling General And Administration": 6242000.0,
        "General And Administrative Expense": 6242000.0,
        "Other Gand A": 3564000.0,
        "Insurance And Claims": 266000.0,
        "Salaries And Wages": 2412000.0,
        "Total Revenue": 0.0,
        "Operating Revenue": 0.0
    },
    "2025-03-31": {
        "Tax Effect Of Unusual Items": 81751.489603,
        "Tax Rate For Calcs": 0.011309,
        "Normalized EBITDA": -54255000.0,
        "Total Unusual Items": 7229000.0,
        "Total Unusual Items Excluding Goodwill": 7229000.0,
        "Net Income From Continuing Operation Net Minority Interest": -48784000.0,
        "Reconciled Depreciation": 82000.0,
        "EBITDA": -47026000.0,
        "EBIT": -47108000.0,
        "Net Interest Income": -2234000.0,
        "Interest Expense": 2234000.0,
        "Interest Income": 0.0,
        "Normalized Income": -55931248.510397,
        "Net Income From Continuing And Discontinued Operation": -48784000.0,
        "Total Expenses": 52603000.0,
        "Total Operating Income As Reported": -52603000.0,
        "Diluted Average Shares": 303644000.0,
        "Basic Average Shares": 303644000.0,
        "Diluted EPS": -0.16,
        "Basic EPS": -0.16,
        "Diluted NI Availto Com Stockholders": -48784000.0,
        "Net Income Common Stockholders": -48784000.0,
        "Net Income": -48784000.0,
        "Net Income Including Noncontrolling Interests": -48784000.0,
        "Net Income Continuous Operations": -48784000.0,
        "Tax Provision": -558000.0,
        "Pretax Income": -49342000.0,
        "Other Income Expense": 5495000.0,
        "Other Non Operating Income Expenses": -1734000.0,
        "Gain On Sale Of Security": 7229000.0,
        "Net Non Operating Interest Income Expense": -2234000.0,
        "Interest Expense Non Operating": 2234000.0,
        "Interest Income Non Operating": 0.0,
        "Operating Income": -52603000.0,
        "Operating Expense": 52603000.0,
        "Research And Development": 44711000.0,
        "Selling General And Administration": 7892000.0,
        "General And Administrative Expense": 7892000.0,
        "Other Gand A": 3297000.0,
        "Insurance And Claims": 256000.0,
        "Salaries And Wages": 4339000.0,
        "Total Revenue": 0.0,
        "Operating Revenue": 0.0
    },
    "2025-06-30": {
        "Tax Effect Of Unusual Items": -1245300.0,
        "Tax Rate For Calcs": 0.21,
        "Normalized EBITDA": -55826000.0,
        "Total Unusual Items": -5930000.0,
        "Total Unusual Items Excluding Goodwill": -5930000.0,
        "Net Income From Continuing Operation Net Minority Interest": -64685000.0,
        "Reconciled Depreciation": 107000.0,
        "EBITDA": -61756000.0,
        "EBIT": -61863000.0,
        "Net Interest Income": -2388000.0,
        "Interest Expense": 2388000.0,
        "Interest Income": 0.0,
        "Normalized Income": -60000300.0,
        "Net Income From Continuing And Discontinued Operation": -64685000.0,
        "Total Expenses": 53877000.0,
        "Total Operating Income As Reported": -53877000.0,
        "Diluted Average Shares": 303727000.0,
        "Basic Average Shares": 303727000.0,
        "Diluted EPS": -0.21,
        "Basic EPS": -0.21,
        "Diluted NI Availto Com Stockholders": -64685000.0,
        "Net Income Common Stockholders": -64685000.0,
        "Net Income": -64685000.0,
        "Net Income Including Noncontrolling Interests": -64686000.0,
        "Net Income Continuous Operations": -64686000.0,
        "Tax Provision": 435000.0,
        "Pretax Income": -64251000.0,
        "Other Income Expense": -7985000.0,
        "Other Non Operating Income Expenses": -2055000.0,
        "Gain On Sale Of Security": -5930000.0,
        "Net Non Operating Interest Income Expense": -2388000.0,
        "Interest Expense Non Operating": 2388000.0,
        "Interest Income Non Operating": 0.0,
        "Operating Income": -53877000.0,
        "Operating Expense": 53877000.0,
        "Research And Development": 45672000.0,
        "Selling General And Administration": 8205000.0,
        "General And Administrative Expense": 8205000.0,
        "Other Gand A": 4102000.0,
        "Insurance And Claims": 256000.0,
        "Salaries And Wages": 3847000.0,
        "Total Revenue": 0.0,
        "Operating Revenue": 0.0
    }
}