{
    "2023-03-31": {
        "Tax Effect Of Unusual Items": 0.0,
        "Tax Rate For Calcs": 0.006405,
        "Normalized EBITDA": -5847000.0,
        "Net Income From Continuing Operation Net Minority Interest": -6271000.0,
        "Reconciled Depreciation": 641000.0,
        "Reconciled Cost Of Revenue": 322000.0,
        "EBITDA": -5847000.0,
        "EBIT": -6488000.0,
        "Net Interest Income": -230000.0,
        "Interest Expense": 538000.0,
        "Interest Income": 308000.0,
        "Normalized Income": -6271000.0,
        "Net Income From Continuing And Discontinued Operation": -6271000.0,
        "Total Expenses": 7437000.0,
        "Total Operating Income As Reported": -6796000.0,
        "Diluted Average Shares": 41489001.0,
        "Basic Average Shares": 41489001.0,
        "Diluted EPS": -0.15,
        "Basic EPS": -0.15,
        "Diluted NI Availto Com Stockholders": -6271000.0,
        "Net Income Common Stockholders": -6271000.0,
        "Net Income": -6271000.0,
        "Minority Interests": 710000.0,
        "Net Income Including Noncontrolling Interests": -6981000.0,
        "Net Income Continuous Operations": -6981000.0,
        "Tax Provision": -45000.0,
        "Pretax Income": -7026000.0,
        "Net Non Operating Interest Income Expense": -230000.0,
        "Interest Expense Non Operating": 538000.0,
        "Interest Income Non Operating": 308000.0,
        "Operating Income": -6796000.0,
        "Operating Expense": 7115000.0,
        "Other Operating Expenses": NaN,
        "Research And Development": 4800000.0,
        "Selling General And Administration": 2315000.0,
        "Selling And Marketing Expense": 800000.0,
        "General And Administrative Expense": 1515000.0,
        "Other Gand A": 1515000.0,
        "Gross Profit": 319000.0,
        "Cost Of Revenue": 322000.0,
        "Total Revenue": 641000.0,
        "Operating Revenue": 641000.0
    },
    "2022-12-31": {
        "Tax Effect Of Unusual Items": 0.0,
        "Tax Rate For Calcs": 0.23,
        "Normalized EBITDA": -6468000.0,
        "Net Income From Continuing Operation Net Minority Interest": -2998000.0,
        "Reconciled Depreciation": 641000.0,
        "Reconciled Cost Of Revenue": 364000.0,
        "EBITDA": -6468000.0,
        "EBIT": -7109000.0,
        "Net Interest Income": 2582000.0,
        "Interest Expense": -3333000.0,
        "Interest Income": -497000.0,
        "Normalized Income": -2998000.0,
        "Net Income From Continuing And Discontinued Operation": -2998000.0,
        "Total Expenses": 4442000.0,
        "Total Operating Income As Reported": -3782000.0,
        "Diluted Average Shares": 41234438.0,
        "Basic Average Shares": 41234438.0,
        "Diluted EPS": -0.07,
        "Basic EPS": -0.07,
        "Diluted NI Availto Com Stockholders": -2998000.0,
        "Net Income Common Stockholders": -2998000.0,
        "Net Income": -2998000.0,
        "Minority Interests": 823000.0,
        "Net Income Including Noncontrolling Interests": -3821000.0,
        "Net Income Continuous Operations": -3821000.0,
        "Tax Provision": 45000.0,
        "Pretax Income": -3776000.0,
        "Net Non Operating Interest Income Expense": 2582000.0,
        "Interest Expense Non Operating": -3333000.0,
        "Interest Income Non Operating": -497000.0,
        "Operating Income": -3782000.0,
        "Operating Expense": 4078000.0,
        "Research And Development": 1988000.0,
        "Selling General And Administration": 5590000.0,
        "Selling And Marketing Expense": NaN,
        "General And Administrative Expense": 4575000.0,
        "Other Gand A": -1422000.0,
        "Gross Profit": 296000.0,
        "Cost Of Revenue": 364000.0,
        "Total Revenue": 660000.0,
        "Operating Revenue": 660000.0
    },
    "2022-09-30": {
        "Tax Effect Of Unusual Items": NaN,
        "Tax Rate For Calcs": NaN,
        "Normalized EBITDA": NaN,
        "Net Income From Continuing Operation Net Minority Interest": NaN,
        "Reconciled Depreciation": NaN,
        "Reconciled Cost Of Revenue": NaN,
        "EBITDA": NaN,
        "EBIT": NaN,
        "Net Interest Income": NaN,
        "Interest Expense": NaN,
        "Interest Income": NaN,
        "Normalized Income": NaN,
        "Net Income From Continuing And Discontinued Operation": NaN,
        "Total Expenses": NaN,
        "Total Operating Income As Reported": NaN,
        "Diluted Average Shares": NaN,
        "Basic Average Shares": NaN,
        "Diluted EPS": NaN,
        "Basic EPS": NaN,
        "Diluted NI Availto Com Stockholders": NaN,
        "Net Income Common Stockholders": NaN,
        "Net Income": NaN,
        "Minority Interests": NaN,
        "Net Income Including Noncontrolling Interests": NaN,
        "Net Income Continuous Operations": NaN,
        "Tax Provision": NaN,
        "Pretax Income": NaN,
        "Net Non Operating Interest Income Expense": NaN,
        "Interest Expense Non Operating": NaN,
        "Interest Income Non Operating": NaN,
        "Operating Income": NaN,
        "Operating Expense": NaN,
        "Research And Development": NaN,
        "Selling General And Administration": NaN,
        "Selling And Marketing Expense": 895000.0,
        "General And Administrative Expense": NaN,
        "Other Gand A": NaN,
        "Gross Profit": NaN,
        "Cost Of Revenue": NaN,
        "Total Revenue": NaN,
        "Operating Revenue": NaN
    },
    "2022-06-30": {
        "Tax Effect Of Unusual Items": 0.0,
        "Tax Rate For Calcs": 0.4,
        "Normalized EBITDA": -6950000.0,
        "Net Income From Continuing Operation Net Minority Interest": -8821000.0,
        "Reconciled Depreciation": 613000.0,
        "Reconciled Cost Of Revenue": 262000.0,
        "EBITDA": -6950000.0,
        "EBIT": -7563000.0,
        "Net Interest Income": -1709000.0,
        "Interest Expense": 2153000.0,
        "Interest Income": 444000.0,
        "Normalized Income": -8821000.0,
        "Net Income From Continuing And Discontinued Operation": -8821000.0,
        "Total Expenses": 8319000.0,
        "Total Operating Income As Reported": -8007000.0,
        "Diluted Average Shares": 41202018.0,
        "Basic Average Shares": 41202018.0,
        "Diluted EPS": -0.21,
        "Basic EPS": -0.21,
        "Diluted NI Availto Com Stockholders": -8821000.0,
        "Net Income Common Stockholders": -8821000.0,
        "Net Income": -8821000.0,
        "Minority Interests": 933000.0,
        "Net Income Including Noncontrolling Interests": -9754000.0,
        "Net Income Continuous Operations": -9754000.0,
        "Tax Provision": 38000.0,
        "Pretax Income": -9716000.0,
        "Net Non Operating Interest Income Expense": -1709000.0,
        "Interest Expense Non Operating": 2153000.0,
        "Interest Income Non Operating": 444000.0,
        "Operating Income": -8007000.0,
        "Operating Expense": 8057000.0,
        "Other Operating Expenses": NaN,
        "Research And Development": 6379000.0,
        "Selling General And Administration": 1678000.0,
        "Selling And Marketing Expense": NaN,
        "General And Administrative Expense": 1678000.0,
        "Other Gand A": 1678000.0,
        "Gross Profit": 50000.0,
        "Cost Of Revenue": 262000.0,
        "Total Revenue": 312000.0,
        "Operating Revenue": 312000.0
    },
    "2022-03-31": {
        "Diluted EPS": -0.2,
        "Total Revenue": 0,
        "Gross Profit": 0,
        "Operating Income": -8,
        "EBIT": -7,
        "Net Income": -8
    },
    "2021-12-31": {
        "Diluted EPS": -0.18,
        "Total Revenue": 0,
        "Gross Profit": 0,
        "Operating Income": -9,
        "EBIT": -8,
        "Net Income": -7
    },
    "2021-09-30": {
        "Diluted EPS": -0.19,
        "Total Revenue": 0,
        "Gross Profit": 0,
        "Operating Income": -9,
        "EBIT": -8,
        "Net Income": -8
    },
    "2021-06-30": {
        "Diluted EPS": -0.15,
        "Total Revenue": 0,
        "Gross Profit": 0,
        "Operating Income": -7,
        "EBIT": -7,
        "Net Income": -6
    },
    "2021-03-31": {
        "Diluted EPS": -0.17,
        "Total Revenue": 0,
        "Gross Profit": 0,
        "Operating Income": -6,
        "EBIT": -6,
        "Net Income": -7
    },
    "2020-12-31": {
        "Diluted EPS": -0.26,
        "Total Revenue": 0,
        "Gross Profit": 0,
        "Operating Income": -7,
        "EBIT": -7,
        "Net Income": -8
    },
    "2020-09-30": {
        "Diluted EPS": -0.17,
        "Total Revenue": 0,
        "Gross Profit": 0,
        "Operating Income": -6,
        "EBIT": -5,
        "Net Income": -5
    },
    "2020-06-30": {
        "Diluted EPS": -0.16,
        "Total Revenue": 0,
        "Gross Profit": 0,
        "Operating Income": -5,
        "EBIT": -4,
        "Net Income": -4
    },
    "2020-03-31": {
        "Diluted EPS": -0.24,
        "Total Revenue": 0,
        "Gross Profit": 0,
        "Operating Income": -7,
        "EBIT": -6,
        "Net Income": -6
    },
    "2019-12-31": {
        "Diluted EPS": -0.23,
        "Total Revenue": 0,
        "Gross Profit": 0,
        "Operating Income": -7,
        "EBIT": -6,
        "Net Income": -6
    },
    "2019-09-30": {
        "Diluted EPS": -0.16,
        "Total Revenue": 0,
        "Gross Profit": 0,
        "Operating Income": -5,
        "EBIT": -4,
        "Net Income": -4
    },
    "2019-06-30": {
        "Diluted EPS": -0.16,
        "Total Revenue": 0,
        "Gross Profit": 0,
        "Operating Income": -5,
        "EBIT": -4,
        "Net Income": -4
    },
    "2019-03-31": {
        "Diluted EPS": -0.15,
        "Total Revenue": 0,
        "Gross Profit": 0,
        "Operating Income": -5,
        "EBIT": -4,
        "Net Income": -4
    },
    "2018-12-31": {
        "Diluted EPS": -0.22,
        "Total Revenue": 1,
        "Gross Profit": 0,
        "Operating Income": -5,
        "EBIT": -6,
        "Net Income": -6
    },
    "2018-09-30": {
        "Diluted EPS": -0.19,
        "Total Revenue": 0,
        "Gross Profit": 0,
        "Operating Income": -5,
        "EBIT": -5,
        "Net Income": -5
    },
    "2018-06-30": {
        "Diluted EPS": -0.19,
        "Total Revenue": 0,
        "Gross Profit": 0,
        "Operating Income": -5,
        "EBIT": -4,
        "Net Income": -5
    },
    "2018-03-31": {
        "Diluted EPS": -0.21,
        "Total Revenue": 0,
        "Gross Profit": 0,
        "Operating Income": -5,
        "EBIT": -4,
        "Net Income": -5
    },
    "2017-12-31": {
        "Diluted EPS": -0.24,
        "Total Revenue": 1,
        "Gross Profit": 0,
        "Operating Income": -6,
        "EBIT": -5,
        "Net Income": -6
    },
    "2017-09-30": {
        "Diluted EPS": -0.2,
        "Total Revenue": 1,
        "Gross Profit": 0,
        "Operating Income": -6,
        "EBIT": -5,
        "Net Income": -5
    },
    "2017-06-30": {
        "Diluted EPS": -0.18,
        "Total Revenue": 1,
        "Gross Profit": 0,
        "Operating Income": -5,
        "EBIT": -5,
        "Net Income": -5
    },
    "2017-03-31": {
        "Diluted EPS": -0.19,
        "Total Revenue": 1,
        "Gross Profit": 0,
        "Operating Income": -5,
        "EBIT": -5,
        "Net Income": -5
    },
    "2016-12-31": {
        "Diluted EPS": -0.26,
        "Total Revenue": 1,
        "Gross Profit": 0,
        "Operating Income": -6,
        "EBIT": -6,
        "Net Income": -7
    },
    "2016-09-30": {
        "Diluted EPS": -0.2,
        "Total Revenue": 2,
        "Gross Profit": 0,
        "Operating Income": -5,
        "EBIT": -5,
        "Net Income": -5
    },
    "2016-06-30": {
        "Diluted EPS": -0.18,
        "Total Revenue": 2,
        "Gross Profit": 0,
        "Operating Income": -5,
        "EBIT": -5,
        "Net Income": -4
    },
    "2016-03-31": {
        "Diluted EPS": -0.13,
        "Total Revenue": 2,
        "Gross Profit": 1,
        "Operating Income": -5,
        "EBIT": -4,
        "Net Income": -3
    },
    "2015-12-31": {
        "Diluted EPS": -0.22,
        "Total Revenue": 2,
        "Gross Profit": 0,
        "Operating Income": -4,
        "EBIT": -4,
        "Net Income": -5
    },
    "2015-09-30": {
        "Diluted EPS": -0.13,
        "Total Revenue": 3,
        "Gross Profit": 1,
        "Operating Income": -4,
        "EBIT": -3,
        "Net Income": -3
    },
    "2015-06-30": {
        "Diluted EPS": -0.2,
        "Total Revenue": 3,
        "Gross Profit": 1,
        "Operating Income": -5,
        "EBIT": -4,
        "Net Income": -5
    },
    "2015-03-31": {
        "Diluted EPS": -0.13,
        "Total Revenue": 3,
        "Gross Profit": 1,
        "Operating Income": -4,
        "EBIT": -3,
        "Net Income": -3
    },
    "2014-12-31": {
        "Diluted EPS": -0.19,
        "Total Revenue": 4,
        "Gross Profit": 1,
        "Operating Income": -6,
        "EBIT": -6,
        "Net Income": -5
    },
    "2014-09-30": {
        "Diluted EPS": -0.17,
        "Total Revenue": 3,
        "Gross Profit": 1,
        "Operating Income": -4,
        "EBIT": -3,
        "Net Income": -4
    },
    "2014-06-30": {
        "Diluted EPS": -0.13,
        "Total Revenue": 4,
        "Gross Profit": 1,
        "Operating Income": -4,
        "EBIT": -4,
        "Net Income": -3
    },
    "2014-03-31": {
        "Diluted EPS": -0.09,
        "Total Revenue": 4,
        "Gross Profit": 1,
        "Operating Income": -3,
        "EBIT": -2,
        "Net Income": -2
    },
    "2013-12-31": {
        "Diluted EPS": -0.2,
        "Total Revenue": 4,
        "Gross Profit": 2,
        "Operating Income": -6,
        "EBIT": -5,
        "Net Income": -4
    },
    "2013-09-30": {
        "Diluted EPS": -0.06,
        "Total Revenue": 4,
        "Gross Profit": 2,
        "Operating Income": -3,
        "EBIT": -2,
        "Net Income": -2
    },
    "2013-06-30": {
        "Diluted EPS": -0.05,
        "Total Revenue": 4,
        "Gross Profit": 2,
        "Operating Income": -2,
        "EBIT": -1,
        "Net Income": -2
    },
    "2013-03-31": {
        "Diluted EPS": -0.01,
        "Total Revenue": 5,
        "Gross Profit": 2,
        "Operating Income": -1,
        "EBIT": 0,
        "Net Income": 0
    },
    "2012-12-31": {
        "Diluted EPS": -0.02,
        "Total Revenue": 5,
        "Gross Profit": 2,
        "Operating Income": -1,
        "EBIT": 0,
        "Net Income": -1
    },
    "2012-09-30": {
        "Diluted EPS": -0.03,
        "Total Revenue": 4,
        "Gross Profit": 2,
        "Operating Income": -1,
        "EBIT": -1,
        "Net Income": -1
    },
    "2012-06-30": {
        "Diluted EPS": -0.03,
        "Total Revenue": 4,
        "Gross Profit": 2,
        "Operating Income": -1,
        "EBIT": -1,
        "Net Income": -1
    },
    "2012-03-31": {
        "Diluted EPS": 0.01,
        "Total Revenue": 4,
        "Gross Profit": 2,
        "Operating Income": 0,
        "EBIT": 0,
        "Net Income": 0
    },
    "2011-12-31": {
        "Diluted EPS": 0.09,
        "Total Revenue": 12,
        "Gross Profit": 12,
        "Operating Income": 12,
        "EBIT": 12,
        "Net Income": 3
    },
    "2023-06-30": {
        "Tax Effect Of Unusual Items": NaN,
        "Tax Rate For Calcs": NaN,
        "Normalized EBITDA": NaN,
        "Net Income From Continuing Operation Net Minority Interest": NaN,
        "Reconciled Depreciation": NaN,
        "Reconciled Cost Of Revenue": NaN,
        "EBITDA": NaN,
        "EBIT": NaN,
        "Net Interest Income": NaN,
        "Interest Expense": NaN,
        "Interest Income": NaN,
        "Normalized Income": NaN,
        "Net Income From Continuing And Discontinued Operation": NaN,
        "Total Expenses": NaN,
        "Total Operating Income As Reported": NaN,
        "Diluted Average Shares": NaN,
        "Basic Average Shares": NaN,
        "Diluted EPS": NaN,
        "Basic EPS": NaN,
        "Diluted NI Availto Com Stockholders": NaN,
        "Net Income Common Stockholders": NaN,
        "Net Income": NaN,
        "Minority Interests": NaN,
        "Net Income Including Noncontrolling Interests": NaN,
        "Net Income Continuous Operations": NaN,
        "Tax Provision": NaN,
        "Pretax Income": NaN,
        "Other Income Expense": NaN,
        "Earnings From Equity Interest": 0.0,
        "Net Non Operating Interest Income Expense": NaN,
        "Interest Expense Non Operating": NaN,
        "Interest Income Non Operating": NaN,
        "Operating Income": NaN,
        "Operating Expense": NaN,
        "Other Operating Expenses": NaN,
        "Research And Development": NaN,
        "Selling General And Administration": NaN,
        "Selling And Marketing Expense": NaN,
        "General And Administrative Expense": NaN,
        "Other Gand A": NaN,
        "Gross Profit": NaN,
        "Cost Of Revenue": NaN,
        "Total Revenue": NaN,
        "Operating Revenue": NaN
    },
    "2023-09-30": {
        "Tax Effect Of Unusual Items": NaN,
        "Tax Rate For Calcs": NaN,
        "Normalized EBITDA": NaN,
        "Net Income From Continuing Operation Net Minority Interest": NaN,
        "Reconciled Depreciation": NaN,
        "Reconciled Cost Of Revenue": NaN,
        "EBITDA": NaN,
        "EBIT": NaN,
        "Net Interest Income": NaN,
        "Interest Expense": NaN,
        "Interest Income": NaN,
        "Normalized Income": NaN,
        "Net Income From Continuing And Discontinued Operation": NaN,
        "Total Expenses": NaN,
        "Total Operating Income As Reported": NaN,
        "Diluted Average Shares": 4913052.0,
        "Basic Average Shares": 4913052.0,
        "Diluted EPS": -0.81,
        "Basic EPS": -0.81,
        "Diluted NI Availto Com Stockholders": NaN,
        "Net Income Common Stockholders": NaN,
        "Net Income": NaN,
        "Minority Interests": NaN,
        "Net Income Including Noncontrolling Interests": NaN,
        "Net Income Continuous Operations": NaN,
        "Tax Provision": NaN,
        "Pretax Income": NaN,
        "Other Income Expense": NaN,
        "Earnings From Equity Interest": 0.0,
        "Net Non Operating Interest Income Expense": NaN,
        "Interest Expense Non Operating": NaN,
        "Interest Income Non Operating": NaN,
        "Operating Income": NaN,
        "Operating Expense": NaN,
        "Other Operating Expenses": NaN,
        "Research And Development": NaN,
        "Selling General And Administration": NaN,
        "Selling And Marketing Expense": NaN,
        "General And Administrative Expense": NaN,
        "Other Gand A": NaN,
        "Gross Profit": NaN,
        "Cost Of Revenue": NaN,
        "Total Revenue": NaN,
        "Operating Revenue": NaN
    },
    "2023-12-31": {
        "Tax Effect Of Unusual Items": 0.0,
        "Tax Rate For Calcs": 0.000545,
        "Normalized EBITDA": NaN,
        "Net Income From Continuing Operation Net Minority Interest": -6601000.0,
        "Reconciled Depreciation": 663000.0,
        "Reconciled Cost Of Revenue": 398000.0,
        "EBITDA": -7457000.0,
        "EBIT": -8120000.0,
        "Net Interest Income": 741000.0,
        "Interest Expense": -779000.0,
        "Interest Income": 120000.0,
        "Normalized Income": -6601000.0,
        "Net Income From Continuing And Discontinued Operation": -6601000.0,
        "Total Expenses": NaN,
        "Total Operating Income As Reported": -7628000.0,
        "Diluted Average Shares": 5058488.0,
        "Basic Average Shares": 5058488.0,
        "Diluted EPS": -1.3,
        "Basic EPS": -1.3,
        "Diluted NI Availto Com Stockholders": -6601000.0,
        "Net Income Common Stockholders": -6601000.0,
        "Net Income": -6601000.0,
        "Minority Interests": 736000.0,
        "Net Income Including Noncontrolling Interests": -7337000.0,
        "Net Income Continuous Operations": -7337000.0,
        "Tax Provision": -4000.0,
        "Pretax Income": -7341000.0,
        "Other Income Expense": NaN,
        "Earnings From Equity Interest": NaN,
        "Net Non Operating Interest Income Expense": 741000.0,
        "Interest Expense Non Operating": -779000.0,
        "Interest Income Non Operating": 120000.0,
        "Operating Income": -7628000.0,
        "Operating Expense": 7808000.0,
        "Other Operating Expenses": NaN,
        "Research And Development": 5545000.0,
        "Selling General And Administration": 2263000.0,
        "Selling And Marketing Expense": -1568000.0,
        "General And Administrative Expense": 3831000.0,
        "Other Gand A": -2180000.0,
        "Gross Profit": 180000.0,
        "Cost Of Revenue": 398000.0,
        "Total Revenue": 578000.0,
        "Operating Revenue": 578000.0
    },
    "2024-03-31": {
        "Tax Effect Of Unusual Items": NaN,
        "Tax Rate For Calcs": NaN,
        "Normalized EBITDA": NaN,
        "Net Income From Continuing Operation Net Minority Interest": NaN,
        "Reconciled Depreciation": NaN,
        "Reconciled Cost Of Revenue": NaN,
        "EBITDA": NaN,
        "EBIT": NaN,
        "Net Interest Income": NaN,
        "Interest Expense": NaN,
        "Interest Income": NaN,
        "Normalized Income": NaN,
        "Net Income From Continuing And Discontinued Operation": NaN,
        "Total Expenses": NaN,
        "Total Operating Income As Reported": NaN,
        "Diluted Average Shares": NaN,
        "Basic Average Shares": NaN,
        "Diluted EPS": NaN,
        "Basic EPS": NaN,
        "Diluted NI Availto Com Stockholders": NaN,
        "Net Income Common Stockholders": NaN,
        "Net Income": NaN,
        "Minority Interests": NaN,
        "Net Income Including Noncontrolling Interests": NaN,
        "Net Income Discontinuous Operations": NaN,
        "Net Income Continuous Operations": NaN,
        "Tax Provision": NaN,
        "Pretax Income": NaN,
        "Other Income Expense": NaN,
        "Earnings From Equity Interest": NaN,
        "Net Non Operating Interest Income Expense": NaN,
        "Interest Expense Non Operating": NaN,
        "Interest Income Non Operating": NaN,
        "Operating Income": NaN,
        "Operating Expense": NaN,
        "Other Operating Expenses": 519000.0,
        "Research And Development": NaN,
        "Selling General And Administration": NaN,
        "Selling And Marketing Expense": NaN,
        "General And Administrative Expense": NaN,
        "Other Gand A": NaN,
        "Gross Profit": NaN,
        "Cost Of Revenue": NaN,
        "Total Revenue": NaN,
        "Operating Revenue": NaN
    },
    "2024-06-30": {
        "Tax Effect Of Unusual Items": 0.0,
        "Tax Rate For Calcs": 0.23,
        "Normalized EBITDA": -4125000.0,
        "Net Income From Continuing Operation Net Minority Interest": -3987000.0,
        "Reconciled Depreciation": 330000.0,
        "Reconciled Cost Of Revenue": 336000.0,
        "EBITDA": -4125000.0,
        "EBIT": -4455000.0,
        "Net Interest Income": 97000.0,
        "Interest Expense": 97000.0,
        "Interest Income": 194000.0,
        "Normalized Income": -3987000.0,
        "Net Income From Continuing And Discontinued Operation": -5419000.0,
        "Total Expenses": 5234000.0,
        "Total Operating Income As Reported": -4629000.0,
        "Diluted Average Shares": 5090993.0,
        "Basic Average Shares": 5090993.0,
        "Diluted EPS": -1.06,
        "Basic EPS": -1.06,
        "Diluted NI Availto Com Stockholders": -5419000.0,
        "Net Income Common Stockholders": -5419000.0,
        "Net Income": -5419000.0,
        "Minority Interests": 566000.0,
        "Net Income Including Noncontrolling Interests": -5985000.0,
        "Net Income Discontinuous Operations": -1432000.0,
        "Net Income Continuous Operations": -4553000.0,
        "Tax Provision": 1000.0,
        "Pretax Income": -4552000.0,
        "Other Income Expense": -20000.0,
        "Earnings From Equity Interest": -20000.0,
        "Net Non Operating Interest Income Expense": 97000.0,
        "Interest Expense Non Operating": 97000.0,
        "Interest Income Non Operating": 194000.0,
        "Operating Income": -4629000.0,
        "Operating Expense": 4898000.0,
        "Other Operating Expenses": 5000.0,
        "Research And Development": 2882000.0,
        "Selling General And Administration": 2011000.0,
        "Selling And Marketing Expense": 591000.0,
        "General And Administrative Expense": 1420000.0,
        "Other Gand A": 1420000.0,
        "Gross Profit": 269000.0,
        "Cost Of Revenue": 336000.0,
        "Total Revenue": 605000.0,
        "Operating Revenue": 605000.0
    },
    "2024-09-30": {
        "Tax Effect Of Unusual Items": 0.0,
        "Tax Rate For Calcs": 0.23,
        "Normalized EBITDA": -4681000.0,
        "Net Income From Continuing Operation Net Minority Interest": -7630000.0,
        "Reconciled Depreciation": 627000.0,
        "Reconciled Cost Of Revenue": 1081000.0,
        "EBITDA": -4681000.0,
        "EBIT": -5308000.0,
        "Net Interest Income": -757000.0,
        "Interest Expense": 2910000.0,
        "Interest Income": 2153000.0,
        "Normalized Income": -7630000.0,
        "Net Income From Continuing And Discontinued Operation": -7630000.0,
        "Total Expenses": 9251000.0,
        "Total Operating Income As Reported": -7455000.0,
        "Diluted Average Shares": 5807128.0,
        "Basic Average Shares": 5807128.0,
        "Diluted EPS": -1.31,
        "Basic EPS": -1.31,
        "Diluted NI Availto Com Stockholders": -7630000.0,
        "Net Income Common Stockholders": -7630000.0,
        "Net Income": -7630000.0,
        "Minority Interests": 589000.0,
        "Net Income Including Noncontrolling Interests": -8219000.0,
        "Net Income Discontinuous Operations": NaN,
        "Net Income Continuous Operations": -8219000.0,
        "Tax Provision": 1000.0,
        "Pretax Income": -8218000.0,
        "Other Income Expense": -6000.0,
        "Earnings From Equity Interest": -6000.0,
        "Net Non Operating Interest Income Expense": -757000.0,
        "Interest Expense Non Operating": 2910000.0,
        "Interest Income Non Operating": 2153000.0,
        "Operating Income": -7455000.0,
        "Operating Expense": 8170000.0,
        "Other Operating Expenses": NaN,
        "Research And Development": 4430000.0,
        "Selling General And Administration": 3740000.0,
        "Selling And Marketing Expense": 855000.0,
        "General And Administrative Expense": 2885000.0,
        "Other Gand A": 2885000.0,
        "Gross Profit": 715000.0,
        "Cost Of Revenue": 1081000.0,
        "Total Revenue": 1796000.0,
        "Operating Revenue": 1796000.0
    },
    "2024-12-31": {
        "Tax Effect Of Unusual Items": 0.0,
        "Tax Rate For Calcs": 0.23,
        "Normalized EBITDA": -2540000.0,
        "Net Income From Continuing Operation Net Minority Interest": 427000.0,
        "Reconciled Depreciation": 593000.0,
        "Reconciled Cost Of Revenue": 755000.0,
        "EBITDA": -2540000.0,
        "EBIT": -3133000.0,
        "Net Interest Income": 787000.0,
        "Interest Expense": -3135000.0,
        "Interest Income": -1863000.0,
        "Normalized Income": 427000.0,
        "Net Income From Continuing And Discontinued Operation": 427000.0,
        "Total Expenses": 6178000.0,
        "Total Operating Income As Reported": -4567000.0,
        "Diluted Average Shares": 6795589.0,
        "Basic Average Shares": 6795589.0,
        "Diluted EPS": 0.06,
        "Basic EPS": 0.06,
        "Diluted NI Availto Com Stockholders": 427000.0,
        "Net Income Common Stockholders": 427000.0,
        "Net Income": 427000.0,
        "Minority Interests": 432000.0,
        "Net Income Including Noncontrolling Interests": -5000.0,
        "Net Income Discontinuous Operations": NaN,
        "Net Income Continuous Operations": -5000.0,
        "Tax Provision": 7000.0,
        "Pretax Income": 2000.0,
        "Other Income Expense": 3782000.0,
        "Earnings From Equity Interest": -13000.0,
        "Net Non Operating Interest Income Expense": 787000.0,
        "Interest Expense Non Operating": -3135000.0,
        "Interest Income Non Operating": -1863000.0,
        "Operating Income": -4567000.0,
        "Operating Expense": 5423000.0,
        "Other Operating Expenses": 0.0,
        "Research And Development": 3401000.0,
        "Selling General And Administration": 2022000.0,
        "Selling And Marketing Expense": -1953000.0,
        "General And Administrative Expense": 3975000.0,
        "Other Gand A": -2278000.0,
        "Gross Profit": 856000.0,
        "Cost Of Revenue": 755000.0,
        "Total Revenue": 1611000.0,
        "Operating Revenue": 1611000.0
    },
    "2025-03-31": {
        "Tax Effect Of Unusual Items": 0.0,
        "Tax Rate For Calcs": 0.0,
        "Normalized EBITDA": -1946000.0,
        "Net Income From Continuing Operation Net Minority Interest": -2587000.0,
        "Reconciled Depreciation": 579000.0,
        "Reconciled Cost Of Revenue": 1614000.0,
        "EBITDA": -1946000.0,
        "EBIT": -2525000.0,
        "Net Interest Income": 1139000.0,
        "Interest Expense": 464000.0,
        "Interest Income": 1603000.0,
        "Normalized Income": -2587000.0,
        "Net Income From Continuing And Discontinued Operation": -2587000.0,
        "Total Expenses": 6570000.0,
        "Total Operating Income As Reported": -4126000.0,
        "Diluted Average Shares": 6798173.0,
        "Basic Average Shares": 6798173.0,
        "Diluted EPS": -0.38,
        "Basic EPS": -0.38,
        "Diluted NI Availto Com Stockholders": -2587000.0,
        "Net Income Common Stockholders": -2587000.0,
        "Net Income": -2587000.0,
        "Minority Interests": 402000.0,
        "Net Income Including Noncontrolling Interests": -2989000.0,
        "Net Income Discontinuous Operations": NaN,
        "Net Income Continuous Operations": -2989000.0,
        "Tax Provision": 0.0,
        "Pretax Income": -2989000.0,
        "Other Income Expense": -2000.0,
        "Earnings From Equity Interest": -2000.0,
        "Net Non Operating Interest Income Expense": 1139000.0,
        "Interest Expense Non Operating": 464000.0,
        "Interest Income Non Operating": 1603000.0,
        "Operating Income": -4126000.0,
        "Operating Expense": 4956000.0,
        "Other Operating Expenses": -191000.0,
        "Research And Development": 3208000.0,
        "Selling General And Administration": 1939000.0,
        "Selling And Marketing Expense": 645000.0,
        "General And Administrative Expense": 1294000.0,
        "Other Gand A": 1294000.0,
        "Gross Profit": 830000.0,
        "Cost Of Revenue": 1614000.0,
        "Total Revenue": 2444000.0,
        "Operating Revenue": 2444000.0
    },
    "2025-06-30": {
        "Tax Effect Of Unusual Items": 0.0,
        "Tax Rate For Calcs": 0.23,
        "Normalized EBITDA": -2610000.0,
        "Net Income From Continuing Operation Net Minority Interest": -3310000.0,
        "Reconciled Depreciation": 290000.0,
        "Reconciled Cost Of Revenue": 136000.0,
        "EBITDA": -2610000.0,
        "EBIT": -2900000.0,
        "Net Interest Income": -393000.0,
        "Interest Expense": 628000.0,
        "Interest Income": 235000.0,
        "Normalized Income": -3310000.0,
        "Net Income From Continuing And Discontinued Operation": -4462000.0,
        "Total Expenses": 3955000.0,
        "Total Operating Income As Reported": -3071000.0,
        "Diluted Average Shares": 7225862.0,
        "Basic Average Shares": 7225862.0,
        "Diluted EPS": -0.62,
        "Basic EPS": -0.62,
        "Diluted NI Availto Com Stockholders": -4462000.0,
        "Net Income Common Stockholders": -4462000.0,
        "Net Income": -4462000.0,
        "Minority Interests": 219000.0,
        "Net Income Including Noncontrolling Interests": -4681000.0,
        "Net Income Discontinuous Operations": -1152000.0,
        "Net Income Continuous Operations": -3529000.0,
        "Tax Provision": 1000.0,
        "Pretax Income": -3528000.0,
        "Other Income Expense": -64000.0,
        "Earnings From Equity Interest": -64000.0,
        "Net Non Operating Interest Income Expense": -393000.0,
        "Interest Expense Non Operating": 628000.0,
        "Interest Income Non Operating": 235000.0,
        "Operating Income": -3071000.0,
        "Operating Expense": 3819000.0,
        "Other Operating Expenses": NaN,
        "Research And Development": 2321000.0,
        "Selling General And Administration": 1498000.0,
        "Selling And Marketing Expense": 412000.0,
        "General And Administrative Expense": 1086000.0,
        "Other Gand A": 1086000.0,
        "Gross Profit": 748000.0,
        "Cost Of Revenue": 136000.0,
        "Total Revenue": 884000.0,
        "Operating Revenue": 884000.0
    }
}