{
    "2023-03-31": {
        "Tax Effect Of Unusual Items": NaN,
        "Tax Rate For Calcs": NaN,
        "Normalized EBITDA": NaN,
        "Total Unusual Items": NaN,
        "Total Unusual Items Excluding Goodwill": NaN,
        "Net Income From Continuing Operation Net Minority Interest": NaN,
        "Reconciled Depreciation": NaN,
        "Reconciled Cost Of Revenue": NaN,
        "EBITDA": NaN,
        "EBIT": NaN,
        "Net Interest Income": NaN,
        "Interest Expense": NaN,
        "Interest Income": NaN,
        "Normalized Income": NaN,
        "Net Income From Continuing And Discontinued Operation": NaN,
        "Total Expenses": NaN,
        "Total Operating Income As Reported": NaN,
        "Diluted Average Shares": 72644444.0,
        "Basic Average Shares": 72644444.0,
        "Diluted EPS": -0.18,
        "Basic EPS": -0.18,
        "Diluted NI Availto Com Stockholders": NaN,
        "Net Income Common Stockholders": NaN,
        "Otherunder Preferred Stock Dividend": -131000.0,
        "Net Income": NaN,
        "Minority Interests": NaN,
        "Net Income Including Noncontrolling Interests": NaN,
        "Net Income Continuous Operations": NaN,
        "Tax Provision": NaN,
        "Pretax Income": NaN,
        "Other Income Expense": NaN,
        "Other Non Operating Income Expenses": NaN,
        "Special Income Charges": NaN,
        "Restructuring And Mergern Acquisition": NaN,
        "Gain On Sale Of Security": NaN,
        "Net Non Operating Interest Income Expense": NaN,
        "Interest Expense Non Operating": NaN,
        "Interest Income Non Operating": NaN,
        "Operating Income": NaN,
        "Operating Expense": NaN,
        "Depreciation Amortization Depletion Income Statement": NaN,
        "Depreciation And Amortization In Income Statement": NaN,
        "Selling General And Administration": NaN,
        "General And Administrative Expense": NaN,
        "Other Gand A": NaN,
        "Gross Profit": NaN,
        "Cost Of Revenue": NaN,
        "Total Revenue": NaN,
        "Operating Revenue": NaN
    },
    "2022-12-31": {
        "Tax Effect Of Unusual Items": NaN,
        "Tax Rate For Calcs": NaN,
        "Normalized EBITDA": NaN,
        "Total Unusual Items": NaN,
        "Total Unusual Items Excluding Goodwill": NaN,
        "Net Income From Continuing Operation Net Minority Interest": NaN,
        "Reconciled Depreciation": NaN,
        "Reconciled Cost Of Revenue": NaN,
        "EBITDA": NaN,
        "EBIT": NaN,
        "Net Interest Income": NaN,
        "Interest Expense": 0.0,
        "Interest Income": NaN,
        "Normalized Income": NaN,
        "Net Income From Continuing And Discontinued Operation": NaN,
        "Total Expenses": NaN,
        "Total Operating Income As Reported": NaN,
        "Diluted Average Shares": NaN,
        "Basic Average Shares": NaN,
        "Diluted EPS": NaN,
        "Basic EPS": NaN,
        "Diluted NI Availto Com Stockholders": NaN,
        "Net Income Common Stockholders": NaN,
        "Otherunder Preferred Stock Dividend": NaN,
        "Net Income": NaN,
        "Minority Interests": NaN,
        "Net Income Including Noncontrolling Interests": NaN,
        "Net Income Continuous Operations": NaN,
        "Tax Provision": NaN,
        "Pretax Income": NaN,
        "Other Income Expense": NaN,
        "Other Non Operating Income Expenses": NaN,
        "Special Income Charges": NaN,
        "Restructuring And Mergern Acquisition": NaN,
        "Gain On Sale Of Security": NaN,
        "Net Non Operating Interest Income Expense": NaN,
        "Interest Expense Non Operating": 0.0,
        "Interest Income Non Operating": NaN,
        "Operating Income": NaN,
        "Operating Expense": NaN,
        "Depreciation Amortization Depletion Income Statement": NaN,
        "Depreciation And Amortization In Income Statement": NaN,
        "Selling General And Administration": NaN,
        "General And Administrative Expense": NaN,
        "Other Gand A": NaN,
        "Gross Profit": NaN,
        "Cost Of Revenue": NaN,
        "Total Revenue": NaN,
        "Operating Revenue": NaN
    },
    "2022-09-30": {
        "Tax Effect Of Unusual Items": NaN,
        "Tax Rate For Calcs": NaN,
        "Normalized EBITDA": NaN,
        "Total Unusual Items": NaN,
        "Total Unusual Items Excluding Goodwill": NaN,
        "Net Income From Continuing Operation Net Minority Interest": NaN,
        "Reconciled Depreciation": NaN,
        "Reconciled Cost Of Revenue": NaN,
        "EBITDA": NaN,
        "EBIT": NaN,
        "Net Interest Income": NaN,
        "Interest Expense": 8000.0,
        "Interest Income": NaN,
        "Normalized Income": NaN,
        "Net Income From Continuing And Discontinued Operation": NaN,
        "Total Expenses": NaN,
        "Total Operating Income As Reported": NaN,
        "Diluted Average Shares": NaN,
        "Basic Average Shares": NaN,
        "Diluted EPS": NaN,
        "Basic EPS": NaN,
        "Diluted NI Availto Com Stockholders": NaN,
        "Net Income Common Stockholders": NaN,
        "Otherunder Preferred Stock Dividend": NaN,
        "Net Income": NaN,
        "Minority Interests": NaN,
        "Net Income Including Noncontrolling Interests": NaN,
        "Net Income Continuous Operations": NaN,
        "Tax Provision": NaN,
        "Pretax Income": NaN,
        "Other Income Expense": NaN,
        "Other Non Operating Income Expenses": NaN,
        "Special Income Charges": NaN,
        "Restructuring And Mergern Acquisition": NaN,
        "Gain On Sale Of Security": NaN,
        "Net Non Operating Interest Income Expense": NaN,
        "Interest Expense Non Operating": 8000.0,
        "Interest Income Non Operating": NaN,
        "Operating Income": NaN,
        "Operating Expense": NaN,
        "Depreciation Amortization Depletion Income Statement": NaN,
        "Depreciation And Amortization In Income Statement": NaN,
        "Selling General And Administration": NaN,
        "General And Administrative Expense": NaN,
        "Other Gand A": NaN,
        "Gross Profit": NaN,
        "Cost Of Revenue": NaN,
        "Total Revenue": NaN,
        "Operating Revenue": NaN
    },
    "2022-06-30": {
        "Tax Effect Of Unusual Items": -21441200.0,
        "Tax Rate For Calcs": 0.4,
        "Normalized EBITDA": -32128000.0,
        "Total Unusual Items": -53603000.0,
        "Total Unusual Items Excluding Goodwill": -53603000.0,
        "Net Income From Continuing Operation Net Minority Interest": 4479000.0,
        "Reconciled Depreciation": 4132000.0,
        "Reconciled Cost Of Revenue": 9820000.0,
        "EBITDA": -85731000.0,
        "EBIT": -89863000.0,
        "Net Interest Income": 623000.0,
        "Interest Expense": 13000.0,
        "Interest Income": 636000.0,
        "Normalized Income": 36640800.0,
        "Net Income From Continuing And Discontinued Operation": 4479000.0,
        "Total Expenses": 46130000.0,
        "Total Operating Income As Reported": -37054000.0,
        "Diluted Average Shares": 69322000.0,
        "Basic Average Shares": 68545000.0,
        "Diluted EPS": 0.06,
        "Basic EPS": 0.06,
        "Diluted NI Availto Com Stockholders": 4479000.0,
        "Net Income Common Stockholders": 4479000.0,
        "Otherunder Preferred Stock Dividend": NaN,
        "Net Income": 4479000.0,
        "Minority Interests": -12518000.0,
        "Net Income Including Noncontrolling Interests": -89893000.0,
        "Net Income Continuous Operations": -89893000.0,
        "Tax Provision": 17000.0,
        "Pretax Income": -89876000.0,
        "Other Income Expense": -53445000.0,
        "Other Non Operating Income Expenses": 158000.0,
        "Special Income Charges": -4891000.0,
        "Restructuring And Mergern Acquisition": 4891000.0,
        "Gain On Sale Of Security": -48712000.0,
        "Net Non Operating Interest Income Expense": 623000.0,
        "Interest Expense Non Operating": 13000.0,
        "Interest Income Non Operating": 636000.0,
        "Operating Income": -37054000.0,
        "Operating Expense": 36310000.0,
        "Depreciation Amortization Depletion Income Statement": 4132000.0,
        "Depreciation And Amortization In Income Statement": 4132000.0,
        "Selling General And Administration": 32178000.0,
        "General And Administrative Expense": 32178000.0,
        "Other Gand A": 32178000.0,
        "Gross Profit": -744000.0,
        "Cost Of Revenue": 9820000.0,
        "Total Revenue": 9076000.0,
        "Operating Revenue": 9076000.0
    },
    "2023-06-30": {
        "Tax Effect Of Unusual Items": NaN,
        "Tax Rate For Calcs": NaN,
        "Normalized EBITDA": NaN,
        "Total Unusual Items": NaN,
        "Total Unusual Items Excluding Goodwill": NaN,
        "Net Income From Continuing Operation Net Minority Interest": NaN,
        "Reconciled Depreciation": NaN,
        "Reconciled Cost Of Revenue": NaN,
        "EBITDA": NaN,
        "EBIT": NaN,
        "Net Interest Income": NaN,
        "Interest Expense": 0.0,
        "Interest Income": NaN,
        "Normalized Income": NaN,
        "Net Income From Continuing And Discontinued Operation": NaN,
        "Total Expenses": NaN,
        "Total Operating Income As Reported": NaN,
        "Diluted Average Shares": 85320000.0,
        "Basic Average Shares": 85320000.0,
        "Diluted EPS": -0.08,
        "Basic EPS": -0.08,
        "Diluted NI Availto Com Stockholders": NaN,
        "Net Income Common Stockholders": NaN,
        "Otherunder Preferred Stock Dividend": -59000.0,
        "Net Income": NaN,
        "Minority Interests": NaN,
        "Net Income Including Noncontrolling Interests": NaN,
        "Net Income Continuous Operations": NaN,
        "Tax Provision": NaN,
        "Pretax Income": NaN,
        "Other Income Expense": NaN,
        "Other Non Operating Income Expenses": NaN,
        "Special Income Charges": NaN,
        "Restructuring And Mergern Acquisition": NaN,
        "Gain On Sale Of Security": NaN,
        "Net Non Operating Interest Income Expense": NaN,
        "Interest Expense Non Operating": 0.0,
        "Interest Income Non Operating": NaN,
        "Operating Income": NaN,
        "Operating Expense": NaN,
        "Depreciation Amortization Depletion Income Statement": NaN,
        "Depreciation And Amortization In Income Statement": NaN,
        "Selling General And Administration": NaN,
        "General And Administrative Expense": NaN,
        "Other Gand A": NaN,
        "Gross Profit": NaN,
        "Cost Of Revenue": NaN,
        "Total Revenue": NaN,
        "Operating Revenue": NaN
    },
    "2022-03-31": {
        "Diluted EPS": -0.21,
        "Total Revenue": 8,
        "Gross Profit": -1,
        "Operating Income": -30,
        "EBIT": -23,
        "Net Income": -14
    },
    "2021-12-31": {
        "Diluted EPS": -0.18,
        "Total Revenue": 7,
        "Gross Profit": -2,
        "Operating Income": -30,
        "EBIT": -23,
        "Net Income": -12
    },
    "2021-09-30": {
        "Diluted EPS": 0.09,
        "Total Revenue": 6,
        "Gross Profit": -2,
        "Operating Income": -26,
        "EBIT": -20,
        "Net Income": 6
    },
    "2021-06-30": {
        "Diluted EPS": 0.0,
        "Total Revenue": 5,
        "Gross Profit": -2,
        "Operating Income": -18,
        "EBIT": -12,
        "Net Income": NaN
    },
    "2021-03-31": {
        "Diluted EPS": 0.0,
        "Total Revenue": 4,
        "Gross Profit": -2,
        "Operating Income": -16,
        "EBIT": -11,
        "Net Income": NaN
    },
    "2020-12-31": {
        "Diluted EPS": 0.0,
        "Total Revenue": NaN,
        "Gross Profit": NaN,
        "Operating Income": NaN,
        "EBIT": NaN,
        "Net Income": NaN
    },
    "2020-09-30": {
        "Diluted EPS": 0.0,
        "Total Revenue": 4,
        "Gross Profit": -3,
        "Operating Income": -13,
        "EBIT": -13,
        "Net Income": NaN
    },
    "2023-09-30": {
        "Tax Effect Of Unusual Items": NaN,
        "Tax Rate For Calcs": NaN,
        "Normalized EBITDA": NaN,
        "Total Unusual Items": NaN,
        "Total Unusual Items Excluding Goodwill": NaN,
        "Net Income From Continuing Operation Net Minority Interest": NaN,
        "Reconciled Depreciation": NaN,
        "Reconciled Cost Of Revenue": NaN,
        "EBITDA": NaN,
        "EBIT": NaN,
        "Net Interest Income": NaN,
        "Interest Expense": 0.0,
        "Interest Income": NaN,
        "Normalized Income": NaN,
        "Net Income From Continuing And Discontinued Operation": NaN,
        "Total Expenses": NaN,
        "Total Operating Income As Reported": NaN,
        "Diluted Average Shares": NaN,
        "Basic Average Shares": NaN,
        "Diluted EPS": NaN,
        "Basic EPS": NaN,
        "Diluted NI Availto Com Stockholders": NaN,
        "Net Income Common Stockholders": NaN,
        "Otherunder Preferred Stock Dividend": -68000.0,
        "Net Income": NaN,
        "Minority Interests": NaN,
        "Net Income Including Noncontrolling Interests": NaN,
        "Net Income Continuous Operations": NaN,
        "Tax Provision": NaN,
        "Pretax Income": NaN,
        "Other Income Expense": NaN,
        "Other Non Operating Income Expenses": NaN,
        "Special Income Charges": NaN,
        "Restructuring And Mergern Acquisition": NaN,
        "Gain On Sale Of Security": NaN,
        "Net Non Operating Interest Income Expense": NaN,
        "Interest Expense Non Operating": 0.0,
        "Interest Income Non Operating": NaN,
        "Operating Income": NaN,
        "Operating Expense": NaN,
        "Depreciation Amortization Depletion Income Statement": NaN,
        "Depreciation And Amortization In Income Statement": NaN,
        "Selling General And Administration": NaN,
        "General And Administrative Expense": NaN,
        "Other Gand A": NaN,
        "Gross Profit": NaN,
        "Cost Of Revenue": NaN,
        "Total Revenue": NaN,
        "Operating Revenue": NaN
    },
    "2023-12-31": {
        "Tax Effect Of Unusual Items": NaN,
        "Tax Rate For Calcs": NaN,
        "Normalized EBITDA": NaN,
        "Total Unusual Items": NaN,
        "Total Unusual Items Excluding Goodwill": NaN,
        "Net Income From Continuing Operation Net Minority Interest": NaN,
        "Reconciled Depreciation": NaN,
        "Reconciled Cost Of Revenue": NaN,
        "EBITDA": NaN,
        "EBIT": NaN,
        "Net Interest Income": NaN,
        "Interest Expense": 0.0,
        "Interest Income": NaN,
        "Normalized Income": NaN,
        "Net Income From Continuing And Discontinued Operation": NaN,
        "Total Expenses": NaN,
        "Total Operating Income As Reported": NaN,
        "Diluted Average Shares": NaN,
        "Basic Average Shares": NaN,
        "Diluted EPS": NaN,
        "Basic EPS": NaN,
        "Diluted NI Availto Com Stockholders": NaN,
        "Net Income Common Stockholders": NaN,
        "Otherunder Preferred Stock Dividend": NaN,
        "Net Income": NaN,
        "Minority Interests": NaN,
        "Net Income Including Noncontrolling Interests": NaN,
        "Net Income Continuous Operations": NaN,
        "Tax Provision": NaN,
        "Pretax Income": NaN,
        "Other Income Expense": NaN,
        "Other Non Operating Income Expenses": NaN,
        "Special Income Charges": NaN,
        "Restructuring And Mergern Acquisition": NaN,
        "Gain On Sale Of Security": NaN,
        "Net Non Operating Interest Income Expense": NaN,
        "Interest Expense Non Operating": 0.0,
        "Interest Income Non Operating": NaN,
        "Operating Income": NaN,
        "Operating Expense": NaN,
        "Depreciation Amortization Depletion Income Statement": NaN,
        "Depreciation And Amortization In Income Statement": NaN,
        "Selling General And Administration": NaN,
        "General And Administrative Expense": NaN,
        "Other Gand A": NaN,
        "Gross Profit": NaN,
        "Cost Of Revenue": NaN,
        "Total Revenue": NaN,
        "Operating Revenue": NaN
    },
    "2024-03-31": {
        "Tax Effect Of Unusual Items": NaN,
        "Tax Rate For Calcs": NaN,
        "Normalized EBITDA": NaN,
        "Total Unusual Items": NaN,
        "Total Unusual Items Excluding Goodwill": NaN,
        "Net Income From Continuing Operation Net Minority Interest": NaN,
        "Reconciled Depreciation": NaN,
        "Reconciled Cost Of Revenue": NaN,
        "EBITDA": NaN,
        "EBIT": NaN,
        "Net Interest Income": NaN,
        "Interest Expense": 0.0,
        "Interest Income": NaN,
        "Normalized Income": NaN,
        "Net Income From Continuing And Discontinued Operation": NaN,
        "Total Expenses": NaN,
        "Total Operating Income As Reported": NaN,
        "Diluted Average Shares": NaN,
        "Basic Average Shares": NaN,
        "Diluted EPS": NaN,
        "Basic EPS": NaN,
        "Diluted NI Availto Com Stockholders": NaN,
        "Net Income Common Stockholders": NaN,
        "Otherunder Preferred Stock Dividend": -67000.0,
        "Net Income": NaN,
        "Minority Interests": NaN,
        "Net Income Including Noncontrolling Interests": NaN,
        "Net Income Continuous Operations": NaN,
        "Tax Provision": NaN,
        "Pretax Income": NaN,
        "Other Income Expense": NaN,
        "Other Non Operating Income Expenses": NaN,
        "Special Income Charges": NaN,
        "Restructuring And Mergern Acquisition": NaN,
        "Gain On Sale Of Security": NaN,
        "Net Non Operating Interest Income Expense": NaN,
        "Interest Expense Non Operating": 0.0,
        "Interest Income Non Operating": NaN,
        "Operating Income": NaN,
        "Operating Expense": NaN,
        "Depreciation Amortization Depletion Income Statement": NaN,
        "Depreciation And Amortization In Income Statement": NaN,
        "Selling General And Administration": NaN,
        "General And Administrative Expense": NaN,
        "Other Gand A": NaN,
        "Gross Profit": NaN,
        "Cost Of Revenue": NaN,
        "Total Revenue": NaN,
        "Operating Revenue": NaN
    },
    "2024-06-30": {
        "Tax Effect Of Unusual Items": 163380.0,
        "Tax Rate For Calcs": 0.21,
        "Normalized EBITDA": -14224000.0,
        "Total Unusual Items": 778000.0,
        "Total Unusual Items Excluding Goodwill": 778000.0,
        "Net Income From Continuing Operation Net Minority Interest": -10377000.0,
        "Reconciled Depreciation": 16107000.0,
        "Reconciled Cost Of Revenue": 49072000.0,
        "EBITDA": -13446000.0,
        "EBIT": -29553000.0,
        "Net Interest Income": 2064000.0,
        "Interest Expense": 0.0,
        "Interest Income": 2064000.0,
        "Normalized Income": -10991620.0,
        "Net Income From Continuing And Discontinued Operation": -10377000.0,
        "Total Expenses": 99006000.0,
        "Total Operating Income As Reported": -32387000.0,
        "Diluted Average Shares": 105584000.0,
        "Basic Average Shares": 105584000.0,
        "Diluted EPS": -0.1,
        "Basic EPS": -0.1,
        "Diluted NI Availto Com Stockholders": -10307000.0,
        "Net Income Common Stockholders": -10307000.0,
        "Otherunder Preferred Stock Dividend": -70000.0,
        "Net Income": -10377000.0,
        "Minority Interests": 19233000.0,
        "Net Income Including Noncontrolling Interests": -29610000.0,
        "Net Income Continuous Operations": -29610000.0,
        "Tax Provision": 57000.0,
        "Pretax Income": -29553000.0,
        "Other Income Expense": 770000.0,
        "Other Non Operating Income Expenses": -8000.0,
        "Special Income Charges": 101000.0,
        "Restructuring And Mergern Acquisition": -101000.0,
        "Gain On Sale Of Security": 677000.0,
        "Net Non Operating Interest Income Expense": 2064000.0,
        "Interest Expense Non Operating": 0.0,
        "Interest Income Non Operating": 2064000.0,
        "Operating Income": -32387000.0,
        "Operating Expense": 38785000.0,
        "Depreciation Amortization Depletion Income Statement": 4958000.0,
        "Depreciation And Amortization In Income Statement": 4958000.0,
        "Selling General And Administration": 33827000.0,
        "General And Administrative Expense": 33827000.0,
        "Other Gand A": 33827000.0,
        "Gross Profit": 6398000.0,
        "Cost Of Revenue": 60221000.0,
        "Total Revenue": 66619000.0,
        "Operating Revenue": 66619000.0
    },
    "2024-09-30": {
        "Tax Effect Of Unusual Items": -689640.0,
        "Tax Rate For Calcs": 0.21,
        "Normalized EBITDA": -11920000.0,
        "Total Unusual Items": -3284000.0,
        "Total Unusual Items Excluding Goodwill": -3284000.0,
        "Net Income From Continuing Operation Net Minority Interest": -11709000.0,
        "Reconciled Depreciation": 16585000.0,
        "Reconciled Cost Of Revenue": 49625000.0,
        "EBITDA": -15204000.0,
        "EBIT": -31789000.0,
        "Net Interest Income": 1809000.0,
        "Interest Expense": NaN,
        "Interest Income": 1809000.0,
        "Normalized Income": -9114640.0,
        "Net Income From Continuing And Discontinued Operation": -11709000.0,
        "Total Expenses": 99324000.0,
        "Total Operating Income As Reported": -31789000.0,
        "Diluted Average Shares": 106206000.0,
        "Basic Average Shares": 106206000.0,
        "Diluted EPS": -0.11,
        "Basic EPS": -0.11,
        "Diluted NI Availto Com Stockholders": -11630000.0,
        "Net Income Common Stockholders": -11630000.0,
        "Otherunder Preferred Stock Dividend": -79000.0,
        "Net Income": -11709000.0,
        "Minority Interests": 21581000.0,
        "Net Income Including Noncontrolling Interests": -33290000.0,
        "Net Income Continuous Operations": -33290000.0,
        "Tax Provision": 25000.0,
        "Pretax Income": -33265000.0,
        "Other Income Expense": -3285000.0,
        "Other Non Operating Income Expenses": -1000.0,
        "Special Income Charges": -374000.0,
        "Restructuring And Mergern Acquisition": 374000.0,
        "Gain On Sale Of Security": -2910000.0,
        "Net Non Operating Interest Income Expense": 1809000.0,
        "Interest Expense Non Operating": NaN,
        "Interest Income Non Operating": 1809000.0,
        "Operating Income": -31789000.0,
        "Operating Expense": 38157000.0,
        "Depreciation Amortization Depletion Income Statement": 5043000.0,
        "Depreciation And Amortization In Income Statement": 5043000.0,
        "Selling General And Administration": 33114000.0,
        "General And Administrative Expense": 33114000.0,
        "Other Gand A": 33114000.0,
        "Gross Profit": 6368000.0,
        "Cost Of Revenue": 61167000.0,
        "Total Revenue": 67535000.0,
        "Operating Revenue": 67535000.0
    },
    "2024-12-31": {
        "Tax Effect Of Unusual Items": -269733.14555,
        "Tax Rate For Calcs": 0.062627,
        "Normalized EBITDA": -12958000.0,
        "Total Unusual Items": -4307000.0,
        "Total Unusual Items Excluding Goodwill": -4307000.0,
        "Net Income From Continuing Operation Net Minority Interest": -12415000.0,
        "Reconciled Depreciation": 17759000.0,
        "Reconciled Cost Of Revenue": 44814000.0,
        "EBITDA": -17265000.0,
        "EBIT": -35024000.0,
        "Net Interest Income": 1344000.0,
        "Interest Expense": NaN,
        "Interest Income": 1344000.0,
        "Normalized Income": -8377733.14555,
        "Net Income From Continuing And Discontinued Operation": -12415000.0,
        "Total Expenses": 102537000.0,
        "Total Operating Income As Reported": -35024000.0,
        "Diluted Average Shares": 112863636.0,
        "Basic Average Shares": 112863636.0,
        "Diluted EPS": -0.11,
        "Basic EPS": -0.11,
        "Diluted NI Availto Com Stockholders": -12631000.0,
        "Net Income Common Stockholders": -12631000.0,
        "Otherunder Preferred Stock Dividend": NaN,
        "Net Income": -12415000.0,
        "Minority Interests": 23193000.0,
        "Net Income Including Noncontrolling Interests": -35608000.0,
        "Net Income Continuous Operations": -35608000.0,
        "Tax Provision": -2379000.0,
        "Pretax Income": -37987000.0,
        "Other Income Expense": -4307000.0,
        "Other Non Operating Income Expenses": 0.0,
        "Special Income Charges": -223000.0,
        "Restructuring And Mergern Acquisition": 223000.0,
        "Gain On Sale Of Security": -4084000.0,
        "Net Non Operating Interest Income Expense": 1344000.0,
        "Interest Expense Non Operating": NaN,
        "Interest Income Non Operating": 1344000.0,
        "Operating Income": -35024000.0,
        "Operating Expense": 44784000.0,
        "Depreciation Amortization Depletion Income Statement": 4820000.0,
        "Depreciation And Amortization In Income Statement": 4820000.0,
        "Selling General And Administration": 39964000.0,
        "General And Administrative Expense": 39964000.0,
        "Other Gand A": 39964000.0,
        "Gross Profit": 9760000.0,
        "Cost Of Revenue": 57753000.0,
        "Total Revenue": 67513000.0,
        "Operating Revenue": 67513000.0
    },
    "2025-03-31": {
        "Tax Effect Of Unusual Items": 1279320.0,
        "Tax Rate For Calcs": 0.21,
        "Normalized EBITDA": -11661000.0,
        "Total Unusual Items": 6092000.0,
        "Total Unusual Items Excluding Goodwill": 6092000.0,
        "Net Income From Continuing Operation Net Minority Interest": -11362000.0,
        "Reconciled Depreciation": 20050000.0,
        "Reconciled Cost Of Revenue": 50009000.0,
        "EBITDA": -5569000.0,
        "EBIT": -25619000.0,
        "Net Interest Income": 1177000.0,
        "Interest Expense": 517000.0,
        "Interest Income": 1694000.0,
        "Normalized Income": -16174680.0,
        "Net Income From Continuing And Discontinued Operation": -11362000.0,
        "Total Expenses": 108687000.0,
        "Total Operating Income As Reported": -33400000.0,
        "Diluted Average Shares": 131794000.0,
        "Basic Average Shares": 131794000.0,
        "Diluted EPS": -0.09,
        "Basic EPS": -0.09,
        "Diluted NI Availto Com Stockholders": -11300000.0,
        "Net Income Common Stockholders": -11300000.0,
        "Otherunder Preferred Stock Dividend": -62000.0,
        "Net Income": -11362000.0,
        "Minority Interests": 14865000.0,
        "Net Income Including Noncontrolling Interests": -26227000.0,
        "Net Income Continuous Operations": -26227000.0,
        "Tax Provision": 91000.0,
        "Pretax Income": -26136000.0,
        "Other Income Expense": 6087000.0,
        "Other Non Operating Income Expenses": -5000.0,
        "Special Income Charges": 748000.0,
        "Restructuring And Mergern Acquisition": -748000.0,
        "Gain On Sale Of Security": 5344000.0,
        "Net Non Operating Interest Income Expense": 1177000.0,
        "Interest Expense Non Operating": 517000.0,
        "Interest Income Non Operating": 1694000.0,
        "Operating Income": -33400000.0,
        "Operating Expense": 42723000.0,
        "Depreciation Amortization Depletion Income Statement": 4095000.0,
        "Depreciation And Amortization In Income Statement": 4095000.0,
        "Selling General And Administration": 38628000.0,
        "General And Administrative Expense": 38628000.0,
        "Other Gand A": 38628000.0,
        "Gross Profit": 9323000.0,
        "Cost Of Revenue": 65964000.0,
        "Total Revenue": 75287000.0,
        "Operating Revenue": 75287000.0
    },
    "2025-06-30": {
        "Tax Effect Of Unusual Items": 37800.0,
        "Tax Rate For Calcs": 0.21,
        "Normalized EBITDA": -10623000.0,
        "Total Unusual Items": 180000.0,
        "Total Unusual Items Excluding Goodwill": 180000.0,
        "Net Income From Continuing Operation Net Minority Interest": -12998000.0,
        "Reconciled Depreciation": 18466000.0,
        "Reconciled Cost Of Revenue": 69780000.0,
        "EBITDA": -10443000.0,
        "EBIT": -28909000.0,
        "Net Interest Income": 809000.0,
        "Interest Expense": 909000.0,
        "Interest Income": 1718000.0,
        "Normalized Income": -13140200.0,
        "Net Income From Continuing And Discontinued Operation": -12998000.0,
        "Total Expenses": 128842000.0,
        "Total Operating Income As Reported": -30812000.0,
        "Diluted Average Shares": 133484000.0,
        "Basic Average Shares": 133484000.0,
        "Diluted EPS": -0.1,
        "Basic EPS": -0.1,
        "Diluted NI Availto Com Stockholders": -12928000.0,
        "Net Income Common Stockholders": -12928000.0,
        "Otherunder Preferred Stock Dividend": -70000.0,
        "Net Income": -12998000.0,
        "Minority Interests": 16823000.0,
        "Net Income Including Noncontrolling Interests": -29821000.0,
        "Net Income Continuous Operations": -29821000.0,
        "Tax Provision": 3000.0,
        "Pretax Income": -29818000.0,
        "Other Income Expense": 185000.0,
        "Other Non Operating Income Expenses": 5000.0,
        "Special Income Charges": -180000.0,
        "Restructuring And Mergern Acquisition": 180000.0,
        "Gain On Sale Of Security": 360000.0,
        "Net Non Operating Interest Income Expense": 809000.0,
        "Interest Expense Non Operating": 909000.0,
        "Interest Income Non Operating": 1718000.0,
        "Operating Income": -30812000.0,
        "Operating Expense": 44720000.0,
        "Depreciation Amortization Depletion Income Statement": 4124000.0,
        "Depreciation And Amortization In Income Statement": 4124000.0,
        "Selling General And Administration": 40596000.0,
        "General And Administrative Expense": 40596000.0,
        "Other Gand A": 40596000.0,
        "Gross Profit": 13908000.0,
        "Cost Of Revenue": 84122000.0,
        "Total Revenue": 98030000.0,
        "Operating Revenue": 98030000.0
    }
}