{
    "2023-03-31": {
        "Tax Effect Of Unusual Items": NaN,
        "Tax Rate For Calcs": NaN,
        "Normalized EBITDA": NaN,
        "Total Unusual Items": NaN,
        "Total Unusual Items Excluding Goodwill": NaN,
        "Net Income From Continuing Operation Net Minority Interest": NaN,
        "Reconciled Depreciation": NaN,
        "Reconciled Cost Of Revenue": NaN,
        "EBITDA": NaN,
        "EBIT": NaN,
        "Net Interest Income": NaN,
        "Interest Expense": NaN,
        "Interest Income": NaN,
        "Normalized Income": NaN,
        "Net Income From Continuing And Discontinued Operation": NaN,
        "Total Expenses": NaN,
        "Total Operating Income As Reported": NaN,
        "Diluted Average Shares": 146433378.0,
        "Basic Average Shares": 146433378.0,
        "Diluted EPS": -0.2,
        "Basic EPS": -0.2,
        "Diluted NI Availto Com Stockholders": NaN,
        "Net Income Common Stockholders": NaN,
        "Net Income": NaN,
        "Net Income Including Noncontrolling Interests": NaN,
        "Net Income Continuous Operations": NaN,
        "Pretax Income": NaN,
        "Other Income Expense": NaN,
        "Other Non Operating Income Expenses": NaN,
        "Special Income Charges": NaN,
        "Other Special Charges": 626000.0,
        "Impairment Of Capital Assets": NaN,
        "Restructuring And Mergern Acquisition": NaN,
        "Gain On Sale Of Security": NaN,
        "Net Non Operating Interest Income Expense": NaN,
        "Interest Expense Non Operating": NaN,
        "Interest Income Non Operating": NaN,
        "Operating Income": NaN,
        "Operating Expense": NaN,
        "Other Taxes": 90000.0,
        "Research And Development": NaN,
        "Selling General And Administration": NaN,
        "Selling And Marketing Expense": NaN,
        "General And Administrative Expense": NaN,
        "Other Gand A": NaN,
        "Insurance And Claims": NaN,
        "Salaries And Wages": NaN,
        "Gross Profit": NaN,
        "Cost Of Revenue": NaN,
        "Total Revenue": NaN,
        "Operating Revenue": NaN
    },
    "2022-12-31": {
        "Tax Effect Of Unusual Items": NaN,
        "Tax Rate For Calcs": NaN,
        "Normalized EBITDA": NaN,
        "Total Unusual Items": NaN,
        "Total Unusual Items Excluding Goodwill": NaN,
        "Net Income From Continuing Operation Net Minority Interest": NaN,
        "Reconciled Depreciation": NaN,
        "Reconciled Cost Of Revenue": NaN,
        "EBITDA": NaN,
        "EBIT": NaN,
        "Net Interest Income": NaN,
        "Interest Expense": NaN,
        "Interest Income": NaN,
        "Normalized Income": NaN,
        "Net Income From Continuing And Discontinued Operation": NaN,
        "Total Expenses": NaN,
        "Total Operating Income As Reported": NaN,
        "Diluted Average Shares": NaN,
        "Basic Average Shares": NaN,
        "Diluted EPS": NaN,
        "Basic EPS": NaN,
        "Diluted NI Availto Com Stockholders": NaN,
        "Net Income Common Stockholders": NaN,
        "Net Income": NaN,
        "Net Income Including Noncontrolling Interests": NaN,
        "Net Income Continuous Operations": NaN,
        "Pretax Income": NaN,
        "Other Income Expense": NaN,
        "Other Non Operating Income Expenses": NaN,
        "Special Income Charges": NaN,
        "Other Special Charges": NaN,
        "Impairment Of Capital Assets": NaN,
        "Restructuring And Mergern Acquisition": NaN,
        "Gain On Sale Of Security": NaN,
        "Net Non Operating Interest Income Expense": NaN,
        "Interest Expense Non Operating": NaN,
        "Interest Income Non Operating": NaN,
        "Operating Income": NaN,
        "Operating Expense": NaN,
        "Other Taxes": -161000.0,
        "Research And Development": NaN,
        "Selling General And Administration": NaN,
        "Selling And Marketing Expense": NaN,
        "General And Administrative Expense": NaN,
        "Other Gand A": NaN,
        "Insurance And Claims": NaN,
        "Salaries And Wages": NaN,
        "Gross Profit": NaN,
        "Cost Of Revenue": NaN,
        "Total Revenue": NaN,
        "Operating Revenue": NaN
    },
    "2022-09-30": {
        "Tax Effect Of Unusual Items": NaN,
        "Tax Rate For Calcs": NaN,
        "Normalized EBITDA": NaN,
        "Total Unusual Items": NaN,
        "Total Unusual Items Excluding Goodwill": NaN,
        "Net Income From Continuing Operation Net Minority Interest": NaN,
        "Reconciled Depreciation": NaN,
        "Reconciled Cost Of Revenue": NaN,
        "EBITDA": NaN,
        "EBIT": NaN,
        "Net Interest Income": NaN,
        "Interest Expense": NaN,
        "Interest Income": NaN,
        "Normalized Income": NaN,
        "Net Income From Continuing And Discontinued Operation": NaN,
        "Total Expenses": NaN,
        "Total Operating Income As Reported": NaN,
        "Diluted Average Shares": NaN,
        "Basic Average Shares": NaN,
        "Diluted EPS": NaN,
        "Basic EPS": NaN,
        "Diluted NI Availto Com Stockholders": NaN,
        "Average Dilution Earnings": 0.0,
        "Net Income Common Stockholders": NaN,
        "Net Income": NaN,
        "Net Income Including Noncontrolling Interests": NaN,
        "Net Income Continuous Operations": NaN,
        "Pretax Income": NaN,
        "Other Income Expense": NaN,
        "Other Non Operating Income Expenses": NaN,
        "Special Income Charges": NaN,
        "Other Special Charges": NaN,
        "Impairment Of Capital Assets": NaN,
        "Restructuring And Mergern Acquisition": NaN,
        "Gain On Sale Of Security": NaN,
        "Net Non Operating Interest Income Expense": NaN,
        "Interest Expense Non Operating": NaN,
        "Interest Income Non Operating": NaN,
        "Operating Income": NaN,
        "Operating Expense": NaN,
        "Other Taxes": 214000.0,
        "Research And Development": NaN,
        "Selling General And Administration": NaN,
        "Selling And Marketing Expense": NaN,
        "General And Administrative Expense": NaN,
        "Other Gand A": NaN,
        "Insurance And Claims": NaN,
        "Salaries And Wages": NaN,
        "Gross Profit": NaN,
        "Cost Of Revenue": NaN,
        "Total Revenue": NaN,
        "Operating Revenue": NaN
    },
    "2022-06-30": {
        "Tax Effect Of Unusual Items": 0.0,
        "Tax Rate For Calcs": 0.0,
        "Normalized EBITDA": -24499000.0,
        "Total Unusual Items": -1028000.0,
        "Total Unusual Items Excluding Goodwill": -1028000.0,
        "Net Income From Continuing Operation Net Minority Interest": -25686000.0,
        "Reconciled Depreciation": 1402000.0,
        "Reconciled Cost Of Revenue": 8517000.0,
        "EBITDA": -25527000.0,
        "EBIT": -25527000.0,
        "Net Interest Income": 332000.0,
        "Interest Expense": 159000.0,
        "Interest Income": 491000.0,
        "Normalized Income": -24658000.0,
        "Net Income From Continuing And Discontinued Operation": -25686000.0,
        "Total Expenses": 34036000.0,
        "Total Operating Income As Reported": -25282000.0,
        "Diluted Average Shares": 143552032.0,
        "Basic Average Shares": 143552032.0,
        "Diluted EPS": -0.18,
        "Basic EPS": -0.18,
        "Diluted NI Availto Com Stockholders": -25686000.0,
        "Average Dilution Earnings": NaN,
        "Net Income Common Stockholders": -25686000.0,
        "Net Income": -25686000.0,
        "Net Income Including Noncontrolling Interests": -25686000.0,
        "Net Income Continuous Operations": -25686000.0,
        "Pretax Income": -25686000.0,
        "Other Income Expense": -1052000.0,
        "Other Non Operating Income Expenses": -24000.0,
        "Special Income Charges": -885000.0,
        "Other Special Charges": NaN,
        "Impairment Of Capital Assets": 316000.0,
        "Restructuring And Mergern Acquisition": 569000.0,
        "Gain On Sale Of Security": -143000.0,
        "Net Non Operating Interest Income Expense": 332000.0,
        "Interest Expense Non Operating": 159000.0,
        "Interest Income Non Operating": 491000.0,
        "Operating Income": -24966000.0,
        "Operating Expense": 25519000.0,
        "Other Taxes": 13000.0,
        "Research And Development": 4156000.0,
        "Selling General And Administration": 21363000.0,
        "Selling And Marketing Expense": 11751000.0,
        "General And Administrative Expense": 9612000.0,
        "Other Gand A": 9612000.0,
        "Insurance And Claims": 1380000.0,
        "Salaries And Wages": 11602000.0,
        "Gross Profit": 553000.0,
        "Cost Of Revenue": 8517000.0,
        "Total Revenue": 9070000.0,
        "Operating Revenue": 9070000.0
    },
    "2022-03-31": {
        "Diluted EPS": -0.1,
        "Total Revenue": 9,
        "Gross Profit": 1,
        "Operating Income": -24,
        "EBIT": -23,
        "Net Income": -14
    },
    "2021-12-31": {
        "Diluted EPS": 2.96,
        "Total Revenue": 6,
        "Gross Profit": -1,
        "Operating Income": -20,
        "EBIT": -19,
        "Net Income": 5
    },
    "2021-09-30": {
        "Diluted EPS": 0.14,
        "Total Revenue": 8,
        "Gross Profit": 3,
        "Operating Income": -19,
        "EBIT": -19,
        "Net Income": 21
    },
    "2021-06-30": {
        "Diluted EPS": -1.93,
        "Total Revenue": 5,
        "Gross Profit": 1,
        "Operating Income": -7,
        "EBIT": -6,
        "Net Income": -23
    },
    "2021-03-31": {
        "Diluted EPS": -1.32,
        "Total Revenue": 4,
        "Gross Profit": 1,
        "Operating Income": -9,
        "EBIT": -9,
        "Net Income": -14
    },
    "2020-12-31": {
        "Diluted EPS": -2.37,
        "Total Revenue": 3,
        "Gross Profit": 1,
        "Operating Income": -21,
        "EBIT": -20,
        "Net Income": -21
    },
    "2020-09-30": {
        "Diluted EPS": -0.7,
        "Total Revenue": 1,
        "Gross Profit": 1,
        "Operating Income": -6,
        "EBIT": -6,
        "Net Income": -6
    },
    "2020-06-30": {
        "Diluted EPS": 0.0,
        "Total Revenue": NaN,
        "Gross Profit": NaN,
        "Operating Income": 0,
        "EBIT": 0,
        "Net Income": 0
    },
    "2020-03-31": {
        "Diluted EPS": 0.0,
        "Total Revenue": NaN,
        "Gross Profit": NaN,
        "Operating Income": 0,
        "EBIT": 0,
        "Net Income": 0
    },
    "2023-06-30": {
        "Tax Effect Of Unusual Items": 0.0,
        "Tax Rate For Calcs": 0.0,
        "Normalized EBITDA": -19366000.0,
        "Total Unusual Items": -45116000.0,
        "Total Unusual Items Excluding Goodwill": -45116000.0,
        "Net Income From Continuing Operation Net Minority Interest": -66754000.0,
        "Reconciled Depreciation": 2272000.0,
        "Reconciled Cost Of Revenue": 12412000.0,
        "EBITDA": -64482000.0,
        "EBIT": -66754000.0,
        "Net Interest Income": 1853000.0,
        "Interest Expense": 0.0,
        "Interest Income": 1853000.0,
        "Normalized Income": -21638000.0,
        "Net Income From Continuing And Discontinued Operation": -66754000.0,
        "Total Expenses": 43294000.0,
        "Total Operating Income As Reported": -23626000.0,
        "Diluted Average Shares": 148882160.0,
        "Basic Average Shares": 148882160.0,
        "Diluted EPS": -0.45,
        "Basic EPS": -0.45,
        "Diluted NI Availto Com Stockholders": -66754000.0,
        "Net Income Common Stockholders": -66754000.0,
        "Net Income": -66754000.0,
        "Net Income Including Noncontrolling Interests": -66754000.0,
        "Net Income Continuous Operations": -66754000.0,
        "Pretax Income": -66754000.0,
        "Other Income Expense": -45138000.0,
        "Other Non Operating Income Expenses": -22000.0,
        "Special Income Charges": -33365000.0,
        "Other Special Charges": NaN,
        "Impairment Of Capital Assets": 157000.0,
        "Restructuring And Mergern Acquisition": 33208000.0,
        "Gain On Sale Of Security": -11751000.0,
        "Net Non Operating Interest Income Expense": 1853000.0,
        "Interest Expense Non Operating": 0.0,
        "Interest Income Non Operating": 1853000.0,
        "Operating Income": -23469000.0,
        "Operating Expense": 30882000.0,
        "Research And Development": 6395000.0,
        "Selling General And Administration": 24487000.0,
        "Selling And Marketing Expense": 2786000.0,
        "General And Administrative Expense": 21701000.0,
        "Other Gand A": 4237000.0,
        "Insurance And Claims": 1093000.0,
        "Salaries And Wages": 16371000.0,
        "Gross Profit": 7413000.0,
        "Cost Of Revenue": 12412000.0,
        "Total Revenue": 19825000.0,
        "Operating Revenue": 19825000.0
    },
    "2023-09-30": {
        "Tax Effect Of Unusual Items": NaN,
        "Tax Rate For Calcs": NaN,
        "Normalized EBITDA": NaN,
        "Total Unusual Items": NaN,
        "Total Unusual Items Excluding Goodwill": NaN,
        "Net Income From Continuing Operation Net Minority Interest": NaN,
        "Reconciled Depreciation": NaN,
        "Reconciled Cost Of Revenue": NaN,
        "EBITDA": NaN,
        "EBIT": NaN,
        "Net Interest Income": NaN,
        "Interest Expense": NaN,
        "Interest Income": NaN,
        "Normalized Income": NaN,
        "Net Income From Continuing And Discontinued Operation": NaN,
        "Total Expenses": NaN,
        "Total Operating Income As Reported": NaN,
        "Diluted Average Shares": 173976375.0,
        "Basic Average Shares": 150206893.0,
        "Diluted EPS": 0.03,
        "Basic EPS": NaN,
        "Diluted NI Availto Com Stockholders": NaN,
        "Net Income Common Stockholders": NaN,
        "Net Income": NaN,
        "Net Income Including Noncontrolling Interests": NaN,
        "Net Income Continuous Operations": NaN,
        "Pretax Income": NaN,
        "Other Income Expense": NaN,
        "Other Non Operating Income Expenses": NaN,
        "Special Income Charges": NaN,
        "Other Special Charges": NaN,
        "Impairment Of Capital Assets": NaN,
        "Restructuring And Mergern Acquisition": NaN,
        "Gain On Sale Of Security": NaN,
        "Net Non Operating Interest Income Expense": NaN,
        "Interest Expense Non Operating": NaN,
        "Interest Income Non Operating": NaN,
        "Operating Income": NaN,
        "Operating Expense": NaN,
        "Research And Development": NaN,
        "Selling General And Administration": NaN,
        "Selling And Marketing Expense": NaN,
        "General And Administrative Expense": NaN,
        "Other Gand A": NaN,
        "Insurance And Claims": 708000.0,
        "Salaries And Wages": 16132000.0,
        "Gross Profit": NaN,
        "Cost Of Revenue": NaN,
        "Total Revenue": NaN,
        "Operating Revenue": NaN
    },
    "2023-12-31": {
        "Tax Effect Of Unusual Items": NaN,
        "Tax Rate For Calcs": NaN,
        "Normalized EBITDA": NaN,
        "Total Unusual Items": NaN,
        "Total Unusual Items Excluding Goodwill": NaN,
        "Net Income From Continuing Operation Net Minority Interest": NaN,
        "Reconciled Depreciation": NaN,
        "Reconciled Cost Of Revenue": NaN,
        "EBITDA": NaN,
        "EBIT": NaN,
        "Net Interest Income": NaN,
        "Interest Expense": NaN,
        "Interest Income": NaN,
        "Normalized Income": NaN,
        "Net Income From Continuing And Discontinued Operation": NaN,
        "Total Expenses": NaN,
        "Total Operating Income As Reported": NaN,
        "Diluted Average Shares": NaN,
        "Basic Average Shares": NaN,
        "Diluted EPS": NaN,
        "Basic EPS": NaN,
        "Diluted NI Availto Com Stockholders": NaN,
        "Net Income Common Stockholders": NaN,
        "Otherunder Preferred Stock Dividend": NaN,
        "Net Income": NaN,
        "Net Income Including Noncontrolling Interests": NaN,
        "Net Income Continuous Operations": NaN,
        "Tax Provision": NaN,
        "Pretax Income": NaN,
        "Other Income Expense": NaN,
        "Other Non Operating Income Expenses": NaN,
        "Special Income Charges": NaN,
        "Other Special Charges": 0.0,
        "Impairment Of Capital Assets": 0.0,
        "Restructuring And Mergern Acquisition": NaN,
        "Gain On Sale Of Security": NaN,
        "Net Non Operating Interest Income Expense": NaN,
        "Interest Expense Non Operating": NaN,
        "Interest Income Non Operating": NaN,
        "Operating Income": NaN,
        "Operating Expense": NaN,
        "Research And Development": NaN,
        "Selling General And Administration": NaN,
        "Selling And Marketing Expense": NaN,
        "General And Administrative Expense": NaN,
        "Other Gand A": NaN,
        "Insurance And Claims": NaN,
        "Salaries And Wages": NaN,
        "Gross Profit": NaN,
        "Cost Of Revenue": NaN,
        "Total Revenue": NaN,
        "Operating Revenue": NaN
    },
    "2024-03-31": {
        "Tax Effect Of Unusual Items": NaN,
        "Tax Rate For Calcs": NaN,
        "Normalized EBITDA": NaN,
        "Total Unusual Items": NaN,
        "Total Unusual Items Excluding Goodwill": NaN,
        "Net Income From Continuing Operation Net Minority Interest": NaN,
        "Reconciled Depreciation": NaN,
        "Reconciled Cost Of Revenue": NaN,
        "EBITDA": NaN,
        "EBIT": NaN,
        "Net Interest Income": NaN,
        "Interest Expense": NaN,
        "Interest Income": NaN,
        "Normalized Income": NaN,
        "Net Income From Continuing And Discontinued Operation": NaN,
        "Total Expenses": NaN,
        "Total Operating Income As Reported": NaN,
        "Diluted Average Shares": NaN,
        "Basic Average Shares": NaN,
        "Diluted EPS": NaN,
        "Basic EPS": NaN,
        "Diluted NI Availto Com Stockholders": NaN,
        "Net Income Common Stockholders": NaN,
        "Otherunder Preferred Stock Dividend": NaN,
        "Net Income": NaN,
        "Net Income Including Noncontrolling Interests": NaN,
        "Net Income Continuous Operations": NaN,
        "Tax Provision": 0.0,
        "Pretax Income": NaN,
        "Other Income Expense": NaN,
        "Other Non Operating Income Expenses": NaN,
        "Special Income Charges": NaN,
        "Other Special Charges": 2314000.0,
        "Impairment Of Capital Assets": 0.0,
        "Restructuring And Mergern Acquisition": NaN,
        "Gain On Sale Of Security": NaN,
        "Net Non Operating Interest Income Expense": NaN,
        "Interest Expense Non Operating": NaN,
        "Interest Income Non Operating": NaN,
        "Operating Income": NaN,
        "Operating Expense": NaN,
        "Research And Development": NaN,
        "Selling General And Administration": NaN,
        "Selling And Marketing Expense": NaN,
        "General And Administrative Expense": NaN,
        "Other Gand A": NaN,
        "Insurance And Claims": 742000.0,
        "Salaries And Wages": 18038000.0,
        "Gross Profit": NaN,
        "Cost Of Revenue": NaN,
        "Total Revenue": NaN,
        "Operating Revenue": NaN
    },
    "2024-06-30": {
        "Tax Effect Of Unusual Items": 0.0,
        "Tax Rate For Calcs": 0.0,
        "Normalized EBITDA": -12258000.0,
        "Total Unusual Items": 19577000.0,
        "Total Unusual Items Excluding Goodwill": 19577000.0,
        "Net Income From Continuing Operation Net Minority Interest": 3418000.0,
        "Reconciled Depreciation": 3901000.0,
        "Reconciled Cost Of Revenue": 10467000.0,
        "EBITDA": 7319000.0,
        "EBIT": 3418000.0,
        "Net Interest Income": 681000.0,
        "Interest Expense": 0.0,
        "Interest Income": 681000.0,
        "Normalized Income": -16159000.0,
        "Net Income From Continuing And Discontinued Operation": 3418000.0,
        "Total Expenses": 42025000.0,
        "Total Operating Income As Reported": -22371000.0,
        "Diluted Average Shares": 171563943.0,
        "Basic Average Shares": 156473080.0,
        "Diluted EPS": 0.02,
        "Basic EPS": 0.02,
        "Diluted NI Availto Com Stockholders": 3377000.0,
        "Net Income Common Stockholders": 3377000.0,
        "Otherunder Preferred Stock Dividend": 41000.0,
        "Net Income": 3418000.0,
        "Net Income Including Noncontrolling Interests": 3418000.0,
        "Net Income Continuous Operations": 3418000.0,
        "Tax Provision": 0.0,
        "Pretax Income": 3418000.0,
        "Other Income Expense": 19538000.0,
        "Other Non Operating Income Expenses": -39000.0,
        "Special Income Charges": 14691000.0,
        "Other Special Charges": 4710000.0,
        "Impairment Of Capital Assets": 0.0,
        "Restructuring And Mergern Acquisition": -19401000.0,
        "Gain On Sale Of Security": 4886000.0,
        "Net Non Operating Interest Income Expense": 681000.0,
        "Interest Expense Non Operating": 0.0,
        "Interest Income Non Operating": 681000.0,
        "Operating Income": -16801000.0,
        "Operating Expense": 31558000.0,
        "Research And Development": 5850000.0,
        "Selling General And Administration": 25708000.0,
        "Selling And Marketing Expense": 3498000.0,
        "General And Administrative Expense": 22210000.0,
        "Other Gand A": 2534000.0,
        "Insurance And Claims": 766000.0,
        "Salaries And Wages": 18910000.0,
        "Gross Profit": 14757000.0,
        "Cost Of Revenue": 10467000.0,
        "Total Revenue": 25224000.0,
        "Operating Revenue": 25224000.0
    },
    "2024-12-31": {
        "Tax Effect Of Unusual Items": 0.0,
        "Tax Rate For Calcs": 0.0,
        "Normalized EBITDA": -12923000.0,
        "Total Unusual Items": 2645000.0,
        "Total Unusual Items Excluding Goodwill": 2645000.0,
        "Net Income From Continuing Operation Net Minority Interest": -15720000.0,
        "Reconciled Depreciation": 5442000.0,
        "Reconciled Cost Of Revenue": 12359000.0,
        "EBITDA": -10278000.0,
        "EBIT": -15720000.0,
        "Net Interest Income": 548000.0,
        "Interest Expense": 0.0,
        "Interest Income": 548000.0,
        "Normalized Income": -18365000.0,
        "Net Income From Continuing And Discontinued Operation": -15720000.0,
        "Total Expenses": 47963000.0,
        "Total Operating Income As Reported": -18878000.0,
        "Diluted Average Shares": 157709229.0,
        "Basic Average Shares": 157709229.0,
        "Diluted EPS": -0.19,
        "Basic EPS": -0.19,
        "Diluted NI Availto Com Stockholders": -15720000.0,
        "Net Income Common Stockholders": -15720000.0,
        "Otherunder Preferred Stock Dividend": NaN,
        "Net Income": -15720000.0,
        "Net Income Including Noncontrolling Interests": -15720000.0,
        "Net Income Continuous Operations": -15720000.0,
        "Tax Provision": NaN,
        "Pretax Income": -15720000.0,
        "Other Income Expense": 2595000.0,
        "Other Non Operating Income Expenses": -50000.0,
        "Special Income Charges": 1514000.0,
        "Other Special Charges": NaN,
        "Impairment Of Capital Assets": 15000.0,
        "Restructuring And Mergern Acquisition": -1529000.0,
        "Gain On Sale Of Security": 1131000.0,
        "Net Non Operating Interest Income Expense": 548000.0,
        "Interest Expense Non Operating": 0.0,
        "Interest Income Non Operating": 548000.0,
        "Operating Income": -18863000.0,
        "Operating Expense": 35604000.0,
        "Research And Development": 5390000.0,
        "Selling General And Administration": 30214000.0,
        "Selling And Marketing Expense": 51034000.0,
        "General And Administrative Expense": -20820000.0,
        "Other Gand A": 36287000.0,
        "Insurance And Claims": NaN,
        "Salaries And Wages": NaN,
        "Gross Profit": 16741000.0,
        "Cost Of Revenue": 12359000.0,
        "Total Revenue": 29100000.0,
        "Operating Revenue": 29100000.0
    },
    "2024-09-30": {
        "Tax Effect Of Unusual Items": 0.0,
        "Tax Rate For Calcs": 0.0,
        "Normalized EBITDA": -13706000.0,
        "Total Unusual Items": -12162000.0,
        "Total Unusual Items Excluding Goodwill": -12162000.0,
        "Net Income From Continuing Operation Net Minority Interest": -30443000.0,
        "Reconciled Depreciation": 4575000.0,
        "Reconciled Cost Of Revenue": 11551000.0,
        "EBITDA": -25868000.0,
        "EBIT": -30443000.0,
        "Net Interest Income": 628000.0,
        "Interest Expense": 0.0,
        "Interest Income": 628000.0,
        "Normalized Income": -18281000.0,
        "Net Income From Continuing And Discontinued Operation": -30443000.0,
        "Total Expenses": 46303000.0,
        "Total Operating Income As Reported": -19152000.0,
        "Diluted Average Shares": 157709229.0,
        "Basic Average Shares": 157709229.0,
        "Diluted EPS": -0.19,
        "Basic EPS": -0.19,
        "Diluted NI Availto Com Stockholders": -30443000.0,
        "Net Income Common Stockholders": -30443000.0,
        "Otherunder Preferred Stock Dividend": NaN,
        "Net Income": -30443000.0,
        "Net Income Including Noncontrolling Interests": -30443000.0,
        "Net Income Continuous Operations": -30443000.0,
        "Tax Provision": NaN,
        "Pretax Income": -30443000.0,
        "Other Income Expense": -12128000.0,
        "Other Non Operating Income Expenses": 34000.0,
        "Special Income Charges": -10586000.0,
        "Other Special Charges": NaN,
        "Impairment Of Capital Assets": 209000.0,
        "Restructuring And Mergern Acquisition": 10377000.0,
        "Gain On Sale Of Security": -1576000.0,
        "Net Non Operating Interest Income Expense": 628000.0,
        "Interest Expense Non Operating": 0.0,
        "Interest Income Non Operating": 628000.0,
        "Operating Income": -18943000.0,
        "Operating Expense": 34752000.0,
        "Research And Development": 5810000.0,
        "Selling General And Administration": 28942000.0,
        "Selling And Marketing Expense": 3705000.0,
        "General And Administrative Expense": 25237000.0,
        "Other Gand A": 7272000.0,
        "Insurance And Claims": 830000.0,
        "Salaries And Wages": 17135000.0,
        "Gross Profit": 15809000.0,
        "Cost Of Revenue": 11551000.0,
        "Total Revenue": 27360000.0,
        "Operating Revenue": 27360000.0
    },
    "2025-03-31": {
        "Tax Effect Of Unusual Items": 715890.0,
        "Tax Rate For Calcs": 0.21,
        "Normalized EBITDA": 496000.0,
        "Total Unusual Items": 3409000.0,
        "Total Unusual Items Excluding Goodwill": 3409000.0,
        "Net Income From Continuing Operation Net Minority Interest": -1689000.0,
        "Reconciled Depreciation": 5530000.0,
        "Reconciled Cost Of Revenue": 12857000.0,
        "EBITDA": 3905000.0,
        "EBIT": -1625000.0,
        "Net Interest Income": 388000.0,
        "Interest Expense": 1000.0,
        "Interest Income": 389000.0,
        "Normalized Income": -4382110.0,
        "Net Income From Continuing And Discontinued Operation": -1689000.0,
        "Total Expenses": 37455000.0,
        "Total Operating Income As Reported": -14389000.0,
        "Diluted Average Shares": 160808391.0,
        "Basic Average Shares": 160808391.0,
        "Diluted EPS": -0.01,
        "Basic EPS": -0.01,
        "Diluted NI Availto Com Stockholders": -1689000.0,
        "Net Income Common Stockholders": -1689000.0,
        "Otherunder Preferred Stock Dividend": NaN,
        "Net Income": -1689000.0,
        "Net Income Including Noncontrolling Interests": -1689000.0,
        "Net Income Continuous Operations": -1689000.0,
        "Tax Provision": 63000.0,
        "Pretax Income": -1626000.0,
        "Other Income Expense": 3434000.0,
        "Other Non Operating Income Expenses": 25000.0,
        "Special Income Charges": 1688000.0,
        "Other Special Charges": 6279000.0,
        "Impairment Of Capital Assets": NaN,
        "Restructuring And Mergern Acquisition": -7967000.0,
        "Gain On Sale Of Security": 1721000.0,
        "Net Non Operating Interest Income Expense": 388000.0,
        "Interest Expense Non Operating": 1000.0,
        "Interest Income Non Operating": 389000.0,
        "Operating Income": -5448000.0,
        "Operating Expense": 24598000.0,
        "Research And Development": 4862000.0,
        "Selling General And Administration": 19736000.0,
        "Selling And Marketing Expense": 1894000.0,
        "General And Administrative Expense": 17842000.0,
        "Other Gand A": 3303000.0,
        "Insurance And Claims": 731000.0,
        "Salaries And Wages": 13808000.0,
        "Gross Profit": 19150000.0,
        "Cost Of Revenue": 12857000.0,
        "Total Revenue": 32007000.0,
        "Operating Revenue": 32007000.0
    },
    "2025-06-30": {
        "Tax Effect Of Unusual Items": -776.322281,
        "Tax Rate For Calcs": 2.5e-05,
        "Normalized EBITDA": -3279000.0,
        "Total Unusual Items": -31469000.0,
        "Total Unusual Items Excluding Goodwill": -31469000.0,
        "Net Income From Continuing Operation Net Minority Interest": -40535000.0,
        "Reconciled Depreciation": 5788000.0,
        "Reconciled Cost Of Revenue": 16326000.0,
        "EBITDA": -34748000.0,
        "EBIT": -40536000.0,
        "Net Interest Income": 224000.0,
        "Interest Expense": 0.0,
        "Interest Income": 224000.0,
        "Normalized Income": -9066776.322281,
        "Net Income From Continuing And Discontinued Operation": -40535000.0,
        "Total Expenses": 41971000.0,
        "Total Operating Income As Reported": -17493000.0,
        "Diluted Average Shares": 165252554.0,
        "Basic Average Shares": 165252554.0,
        "Diluted EPS": -0.25,
        "Basic EPS": -0.25,
        "Diluted NI Availto Com Stockholders": -40535000.0,
        "Net Income Common Stockholders": -40535000.0,
        "Otherunder Preferred Stock Dividend": 0.0,
        "Net Income": -40535000.0,
        "Net Income Including Noncontrolling Interests": -40535000.0,
        "Net Income Continuous Operations": -40535000.0,
        "Tax Provision": -1000.0,
        "Pretax Income": -40536000.0,
        "Other Income Expense": -31333000.0,
        "Other Non Operating Income Expenses": 136000.0,
        "Special Income Charges": -26166000.0,
        "Other Special Charges": 8066000.0,
        "Impairment Of Capital Assets": NaN,
        "Restructuring And Mergern Acquisition": 18100000.0,
        "Gain On Sale Of Security": -5303000.0,
        "Net Non Operating Interest Income Expense": 224000.0,
        "Interest Expense Non Operating": 0.0,
        "Interest Income Non Operating": 224000.0,
        "Operating Income": -9427000.0,
        "Operating Expense": 25645000.0,
        "Research And Development": 4737000.0,
        "Selling General And Administration": 20908000.0,
        "Selling And Marketing Expense": 2018000.0,
        "General And Administrative Expense": 18890000.0,
        "Other Gand A": 2775000.0,
        "Insurance And Claims": 775000.0,
        "Salaries And Wages": 15340000.0,
        "Gross Profit": 16218000.0,
        "Cost Of Revenue": 16326000.0,
        "Total Revenue": 32544000.0,
        "Operating Revenue": 32544000.0
    }
}