{
    "2023-03-31": {
        "Tax Effect Of Unusual Items": NaN,
        "Tax Rate For Calcs": NaN,
        "Normalized EBITDA": NaN,
        "Net Income From Continuing Operation Net Minority Interest": NaN,
        "Reconciled Cost Of Revenue": NaN,
        "EBITDA": NaN,
        "EBIT": NaN,
        "Net Interest Income": NaN,
        "Interest Expense": NaN,
        "Interest Income": NaN,
        "Normalized Income": NaN,
        "Net Income From Continuing And Discontinued Operation": NaN,
        "Total Expenses": NaN,
        "Total Operating Income As Reported": NaN,
        "Diluted Average Shares": 278589.0,
        "Basic Average Shares": 278589.0,
        "Diluted EPS": -8.04,
        "Basic EPS": -8.04,
        "Diluted NI Availto Com Stockholders": NaN,
        "Net Income Common Stockholders": NaN,
        "Net Income": NaN,
        "Net Income Including Noncontrolling Interests": NaN,
        "Net Income Continuous Operations": NaN,
        "Pretax Income": NaN,
        "Net Non Operating Interest Income Expense": NaN,
        "Interest Expense Non Operating": NaN,
        "Interest Income Non Operating": NaN,
        "Operating Income": NaN,
        "Operating Expense": NaN,
        "Research And Development": NaN,
        "Selling General And Administration": NaN,
        "General And Administrative Expense": NaN,
        "Other Gand A": NaN,
        "Salaries And Wages": NaN,
        "Gross Profit": NaN,
        "Cost Of Revenue": NaN,
        "Total Revenue": NaN,
        "Operating Revenue": NaN
    },
    "2022-12-31": {
        "Tax Effect Of Unusual Items": NaN,
        "Tax Rate For Calcs": NaN,
        "Normalized EBITDA": NaN,
        "Total Unusual Items": 0.0,
        "Total Unusual Items Excluding Goodwill": 0.0,
        "Net Income From Continuing Operation Net Minority Interest": NaN,
        "Reconciled Cost Of Revenue": NaN,
        "EBITDA": NaN,
        "EBIT": NaN,
        "Net Interest Income": NaN,
        "Interest Expense": NaN,
        "Interest Income": NaN,
        "Normalized Income": NaN,
        "Net Income From Continuing And Discontinued Operation": NaN,
        "Total Expenses": NaN,
        "Total Operating Income As Reported": NaN,
        "Diluted Average Shares": NaN,
        "Basic Average Shares": NaN,
        "Diluted EPS": NaN,
        "Basic EPS": NaN,
        "Diluted NI Availto Com Stockholders": NaN,
        "Net Income Common Stockholders": NaN,
        "Net Income": NaN,
        "Net Income Including Noncontrolling Interests": NaN,
        "Net Income Continuous Operations": NaN,
        "Pretax Income": NaN,
        "Special Income Charges": 0.0,
        "Net Non Operating Interest Income Expense": NaN,
        "Interest Expense Non Operating": NaN,
        "Interest Income Non Operating": NaN,
        "Operating Income": NaN,
        "Operating Expense": NaN,
        "Research And Development": NaN,
        "Selling General And Administration": NaN,
        "General And Administrative Expense": NaN,
        "Other Gand A": NaN,
        "Salaries And Wages": NaN,
        "Gross Profit": NaN,
        "Cost Of Revenue": NaN,
        "Total Revenue": NaN,
        "Operating Revenue": NaN
    },
    "2022-09-30": {
        "Tax Effect Of Unusual Items": NaN,
        "Tax Rate For Calcs": NaN,
        "Normalized EBITDA": NaN,
        "Total Unusual Items": 0.0,
        "Total Unusual Items Excluding Goodwill": 0.0,
        "Net Income From Continuing Operation Net Minority Interest": NaN,
        "Reconciled Cost Of Revenue": NaN,
        "EBITDA": NaN,
        "EBIT": NaN,
        "Net Interest Income": NaN,
        "Interest Expense": NaN,
        "Interest Income": NaN,
        "Normalized Income": NaN,
        "Net Income From Continuing And Discontinued Operation": NaN,
        "Total Expenses": NaN,
        "Total Operating Income As Reported": NaN,
        "Diluted Average Shares": 3343070.0,
        "Basic Average Shares": 3343070.0,
        "Diluted EPS": -0.6,
        "Basic EPS": -0.6,
        "Diluted NI Availto Com Stockholders": NaN,
        "Net Income Common Stockholders": NaN,
        "Net Income": NaN,
        "Net Income Including Noncontrolling Interests": NaN,
        "Net Income Continuous Operations": NaN,
        "Pretax Income": NaN,
        "Special Income Charges": 0.0,
        "Net Non Operating Interest Income Expense": NaN,
        "Interest Expense Non Operating": NaN,
        "Interest Income Non Operating": NaN,
        "Operating Income": NaN,
        "Operating Expense": NaN,
        "Research And Development": NaN,
        "Selling General And Administration": NaN,
        "General And Administrative Expense": NaN,
        "Other Gand A": NaN,
        "Salaries And Wages": NaN,
        "Gross Profit": NaN,
        "Cost Of Revenue": NaN,
        "Total Revenue": NaN,
        "Operating Revenue": NaN
    },
    "2022-06-30": {
        "Tax Effect Of Unusual Items": 0.0,
        "Tax Rate For Calcs": 0.0,
        "Normalized EBITDA": -2108722.0,
        "Total Unusual Items": 0.0,
        "Total Unusual Items Excluding Goodwill": 0.0,
        "Net Income From Continuing Operation Net Minority Interest": -2233380.0,
        "Reconciled Cost Of Revenue": 67774.0,
        "EBITDA": -2108722.0,
        "EBIT": -2108722.0,
        "Net Interest Income": -120748.0,
        "Interest Expense": 124658.0,
        "Interest Income": 3910.0,
        "Normalized Income": -2233380.0,
        "Net Income From Continuing And Discontinued Operation": -2233380.0,
        "Total Expenses": 2574427.0,
        "Total Operating Income As Reported": -2112632.0,
        "Diluted Average Shares": 3156925.0,
        "Basic Average Shares": 3156925.0,
        "Diluted EPS": -0.71,
        "Basic EPS": -0.71,
        "Diluted NI Availto Com Stockholders": -2233380.0,
        "Net Income Common Stockholders": -2233380.0,
        "Net Income": -2233380.0,
        "Net Income Including Noncontrolling Interests": -2233380.0,
        "Net Income Continuous Operations": -2233380.0,
        "Pretax Income": -2233380.0,
        "Special Income Charges": 0.0,
        "Net Non Operating Interest Income Expense": -120748.0,
        "Interest Expense Non Operating": 124658.0,
        "Interest Income Non Operating": 3910.0,
        "Operating Income": -2112632.0,
        "Operating Expense": 2506653.0,
        "Research And Development": 191478.0,
        "Selling General And Administration": 2315175.0,
        "General And Administrative Expense": NaN,
        "Other Gand A": NaN,
        "Salaries And Wages": NaN,
        "Gross Profit": 394021.0,
        "Cost Of Revenue": 67774.0,
        "Total Revenue": 461795.0,
        "Operating Revenue": 461795.0
    },
    "2022-03-31": {
        "Diluted EPS": -0.8,
        "Total Revenue": 0,
        "Gross Profit": 0,
        "Operating Income": -2,
        "EBIT": -2,
        "Net Income": -2
    },
    "2021-12-31": {
        "Diluted EPS": -0.64,
        "Total Revenue": 0,
        "Gross Profit": 0,
        "Operating Income": -2,
        "EBIT": -2,
        "Net Income": -2
    },
    "2021-09-30": {
        "Diluted EPS": -0.73,
        "Total Revenue": 1,
        "Gross Profit": 1,
        "Operating Income": -2,
        "EBIT": -2,
        "Net Income": -2
    },
    "2021-06-30": {
        "Diluted EPS": -0.85,
        "Total Revenue": 0,
        "Gross Profit": 0,
        "Operating Income": -2,
        "EBIT": -2,
        "Net Income": -2
    },
    "2021-03-31": {
        "Diluted EPS": -0.96,
        "Total Revenue": 0,
        "Gross Profit": 0,
        "Operating Income": -3,
        "EBIT": -3,
        "Net Income": -3
    },
    "2020-12-31": {
        "Diluted EPS": -1.08,
        "Total Revenue": NaN,
        "Gross Profit": NaN,
        "Operating Income": -2,
        "EBIT": -2,
        "Net Income": -2
    },
    "2020-09-30": {
        "Diluted EPS": -0.96,
        "Total Revenue": NaN,
        "Gross Profit": NaN,
        "Operating Income": -2,
        "EBIT": -2,
        "Net Income": -2
    },
    "2020-06-30": {
        "Diluted EPS": -3.36,
        "Total Revenue": NaN,
        "Gross Profit": NaN,
        "Operating Income": -7,
        "EBIT": -7,
        "Net Income": -7
    },
    "2020-03-31": {
        "Diluted EPS": -0.84,
        "Total Revenue": NaN,
        "Gross Profit": NaN,
        "Operating Income": -2,
        "EBIT": -2,
        "Net Income": -2
    },
    "2019-12-31": {
        "Diluted EPS": -0.6,
        "Total Revenue": NaN,
        "Gross Profit": NaN,
        "Operating Income": -1,
        "EBIT": -1,
        "Net Income": -1
    },
    "2019-09-30": {
        "Diluted EPS": -0.84,
        "Total Revenue": NaN,
        "Gross Profit": NaN,
        "Operating Income": -2,
        "EBIT": -2,
        "Net Income": -2
    },
    "2019-06-30": {
        "Diluted EPS": -1.08,
        "Total Revenue": NaN,
        "Gross Profit": NaN,
        "Operating Income": -2,
        "EBIT": -2,
        "Net Income": -2
    },
    "2019-03-31": {
        "Diluted EPS": -1.32,
        "Total Revenue": NaN,
        "Gross Profit": NaN,
        "Operating Income": -2,
        "EBIT": -2,
        "Net Income": -2
    },
    "2018-12-31": {
        "Diluted EPS": -1.2,
        "Total Revenue": NaN,
        "Gross Profit": NaN,
        "Operating Income": -2,
        "EBIT": -2,
        "Net Income": -2
    },
    "2018-09-30": {
        "Diluted EPS": -1.08,
        "Total Revenue": NaN,
        "Gross Profit": NaN,
        "Operating Income": -2,
        "EBIT": -2,
        "Net Income": -2
    },
    "2018-06-30": {
        "Diluted EPS": -1.68,
        "Total Revenue": NaN,
        "Gross Profit": NaN,
        "Operating Income": -2,
        "EBIT": -2,
        "Net Income": -2
    },
    "2018-03-31": {
        "Diluted EPS": -1.56,
        "Total Revenue": NaN,
        "Gross Profit": NaN,
        "Operating Income": -2,
        "EBIT": -2,
        "Net Income": -2
    },
    "2017-12-31": {
        "Diluted EPS": -0.72,
        "Total Revenue": NaN,
        "Gross Profit": NaN,
        "Operating Income": -3,
        "EBIT": -3,
        "Net Income": 0
    },
    "2017-09-30": {
        "Diluted EPS": -4.08,
        "Total Revenue": NaN,
        "Gross Profit": NaN,
        "Operating Income": -4,
        "EBIT": -4,
        "Net Income": -5
    },
    "2017-06-30": {
        "Diluted EPS": -1.56,
        "Total Revenue": NaN,
        "Gross Profit": NaN,
        "Operating Income": -3,
        "EBIT": -3,
        "Net Income": -2
    },
    "2017-03-31": {
        "Diluted EPS": -4.44,
        "Total Revenue": NaN,
        "Gross Profit": NaN,
        "Operating Income": -2,
        "EBIT": -2,
        "Net Income": -5
    },
    "2016-12-31": {
        "Diluted EPS": 0.0,
        "Total Revenue": NaN,
        "Gross Profit": NaN,
        "Operating Income": -2,
        "EBIT": -2,
        "Net Income": -2
    },
    "2016-09-30": {
        "Diluted EPS": -3.48,
        "Total Revenue": NaN,
        "Gross Profit": NaN,
        "Operating Income": -2,
        "EBIT": -2,
        "Net Income": -3
    },
    "2016-06-30": {
        "Diluted EPS": -4.92,
        "Total Revenue": NaN,
        "Gross Profit": NaN,
        "Operating Income": -3,
        "EBIT": -3,
        "Net Income": -3
    },
    "2016-03-31": {
        "Diluted EPS": -5.4,
        "Total Revenue": NaN,
        "Gross Profit": NaN,
        "Operating Income": -3,
        "EBIT": -3,
        "Net Income": -3
    },
    "2015-12-31": {
        "Diluted EPS": -4.2,
        "Total Revenue": NaN,
        "Gross Profit": NaN,
        "Operating Income": -3,
        "EBIT": -3,
        "Net Income": -3
    },
    "2015-09-30": {
        "Diluted EPS": -5.04,
        "Total Revenue": NaN,
        "Gross Profit": NaN,
        "Operating Income": -3,
        "EBIT": -3,
        "Net Income": -3
    },
    "2015-06-30": {
        "Diluted EPS": -6.24,
        "Total Revenue": NaN,
        "Gross Profit": NaN,
        "Operating Income": -3,
        "EBIT": -3,
        "Net Income": -3
    },
    "2015-03-31": {
        "Diluted EPS": -6.96,
        "Total Revenue": NaN,
        "Gross Profit": NaN,
        "Operating Income": -3,
        "EBIT": -3,
        "Net Income": -4
    },
    "2014-12-31": {
        "Diluted EPS": -5.88,
        "Total Revenue": NaN,
        "Gross Profit": NaN,
        "Operating Income": -3,
        "EBIT": -3,
        "Net Income": -3
    },
    "2014-09-30": {
        "Diluted EPS": -7.56,
        "Total Revenue": NaN,
        "Gross Profit": NaN,
        "Operating Income": -4,
        "EBIT": -4,
        "Net Income": -4
    },
    "2014-06-30": {
        "Diluted EPS": -7.08,
        "Total Revenue": NaN,
        "Gross Profit": NaN,
        "Operating Income": -3,
        "EBIT": -3,
        "Net Income": -4
    },
    "2014-03-31": {
        "Diluted EPS": -5.88,
        "Total Revenue": NaN,
        "Gross Profit": NaN,
        "Operating Income": -3,
        "EBIT": -3,
        "Net Income": -3
    },
    "2013-12-31": {
        "Diluted EPS": -1.68,
        "Total Revenue": NaN,
        "Gross Profit": NaN,
        "Operating Income": -2,
        "EBIT": -2,
        "Net Income": -2
    },
    "2013-09-30": {
        "Diluted EPS": -4.92,
        "Total Revenue": NaN,
        "Gross Profit": NaN,
        "Operating Income": 0,
        "EBIT": 0,
        "Net Income": 0
    },
    "2013-06-30": {
        "Diluted EPS": -2.52,
        "Total Revenue": NaN,
        "Gross Profit": NaN,
        "Operating Income": 0,
        "EBIT": 0,
        "Net Income": 0
    },
    "2013-03-31": {
        "Diluted EPS": -5.28,
        "Total Revenue": NaN,
        "Gross Profit": NaN,
        "Operating Income": 0,
        "EBIT": 0,
        "Net Income": 0
    },
    "2012-12-31": {
        "Diluted EPS": 0.0,
        "Total Revenue": NaN,
        "Gross Profit": NaN,
        "Operating Income": NaN,
        "EBIT": NaN,
        "Net Income": NaN
    },
    "2012-09-30": {
        "Diluted EPS": -5.16,
        "Total Revenue": NaN,
        "Gross Profit": NaN,
        "Operating Income": 0,
        "EBIT": 0,
        "Net Income": 0
    },
    "2012-06-30": {
        "Diluted EPS": 0.0,
        "Total Revenue": NaN,
        "Gross Profit": NaN,
        "Operating Income": NaN,
        "EBIT": NaN,
        "Net Income": NaN
    },
    "2011-12-31": {
        "Diluted EPS": 0.0,
        "Total Revenue": NaN,
        "Gross Profit": NaN,
        "Operating Income": NaN,
        "EBIT": NaN,
        "Net Income": NaN
    },
    "2023-06-30": {
        "Tax Effect Of Unusual Items": NaN,
        "Tax Rate For Calcs": NaN,
        "Normalized EBITDA": NaN,
        "Net Income From Continuing Operation Net Minority Interest": NaN,
        "Reconciled Cost Of Revenue": NaN,
        "EBITDA": NaN,
        "EBIT": NaN,
        "Net Interest Income": NaN,
        "Interest Expense": NaN,
        "Interest Income": NaN,
        "Normalized Income": NaN,
        "Net Income From Continuing And Discontinued Operation": NaN,
        "Total Expenses": NaN,
        "Total Operating Income As Reported": NaN,
        "Diluted Average Shares": 278557.0,
        "Basic Average Shares": 278557.0,
        "Diluted EPS": -6.710004,
        "Basic EPS": -6.710004,
        "Diluted NI Availto Com Stockholders": NaN,
        "Net Income Common Stockholders": NaN,
        "Net Income": NaN,
        "Net Income Including Noncontrolling Interests": NaN,
        "Net Income Continuous Operations": NaN,
        "Pretax Income": NaN,
        "Net Non Operating Interest Income Expense": NaN,
        "Interest Expense Non Operating": NaN,
        "Interest Income Non Operating": NaN,
        "Operating Income": NaN,
        "Operating Expense": NaN,
        "Research And Development": NaN,
        "Selling General And Administration": NaN,
        "General And Administrative Expense": 2766077.0,
        "Other Gand A": 2485937.0,
        "Salaries And Wages": 280140.0,
        "Gross Profit": NaN,
        "Cost Of Revenue": NaN,
        "Total Revenue": NaN,
        "Operating Revenue": NaN
    },
    "2023-09-30": {
        "Tax Effect Of Unusual Items": NaN,
        "Tax Rate For Calcs": NaN,
        "Normalized EBITDA": NaN,
        "Net Income From Continuing Operation Net Minority Interest": NaN,
        "Reconciled Cost Of Revenue": NaN,
        "EBITDA": NaN,
        "EBIT": NaN,
        "Net Interest Income": NaN,
        "Interest Expense": NaN,
        "Interest Income": NaN,
        "Normalized Income": NaN,
        "Net Income From Continuing And Discontinued Operation": NaN,
        "Total Expenses": NaN,
        "Total Operating Income As Reported": NaN,
        "Diluted Average Shares": 278558.0,
        "Basic Average Shares": 278558.0,
        "Diluted EPS": -6.08,
        "Basic EPS": -6.08,
        "Diluted NI Availto Com Stockholders": NaN,
        "Net Income Common Stockholders": NaN,
        "Net Income": NaN,
        "Net Income Including Noncontrolling Interests": NaN,
        "Net Income Continuous Operations": NaN,
        "Pretax Income": NaN,
        "Net Non Operating Interest Income Expense": NaN,
        "Interest Expense Non Operating": NaN,
        "Interest Income Non Operating": NaN,
        "Operating Income": NaN,
        "Operating Expense": NaN,
        "Research And Development": NaN,
        "Selling General And Administration": NaN,
        "Gross Profit": NaN,
        "Cost Of Revenue": NaN,
        "Total Revenue": NaN,
        "Operating Revenue": NaN
    },
    "2023-12-31": {
        "Tax Effect Of Unusual Items": 0.0,
        "Tax Rate For Calcs": 0.0,
        "Normalized EBITDA": -1861374.0,
        "Net Income From Continuing Operation Net Minority Interest": -1987401.0,
        "Reconciled Cost Of Revenue": 59024.0,
        "EBITDA": -1861374.0,
        "EBIT": -1861374.0,
        "Net Interest Income": -99483.0,
        "Interest Expense": 126027.0,
        "Interest Income": 26544.0,
        "Normalized Income": -1987401.0,
        "Net Income From Continuing And Discontinued Operation": -1987401.0,
        "Total Expenses": 3563912.0,
        "Total Operating Income As Reported": -1887918.0,
        "Diluted Average Shares": NaN,
        "Basic Average Shares": NaN,
        "Diluted EPS": NaN,
        "Basic EPS": NaN,
        "Diluted NI Availto Com Stockholders": -1987401.0,
        "Net Income Common Stockholders": -1987401.0,
        "Net Income": -1987401.0,
        "Net Income Including Noncontrolling Interests": -1987401.0,
        "Net Income Continuous Operations": -1987401.0,
        "Pretax Income": -1987401.0,
        "Net Non Operating Interest Income Expense": -99483.0,
        "Interest Expense Non Operating": 126027.0,
        "Interest Income Non Operating": 26544.0,
        "Operating Income": -1887918.0,
        "Operating Expense": 3504888.0,
        "Research And Development": 22560.0,
        "Selling General And Administration": 3482328.0,
        "Gross Profit": 1616970.0,
        "Cost Of Revenue": 59024.0,
        "Total Revenue": 1675994.0,
        "Operating Revenue": 1675994.0
    },
    "2024-03-31": {
        "Tax Effect Of Unusual Items": 0.0,
        "Tax Rate For Calcs": 0.0,
        "Normalized EBITDA": -1455162.0,
        "Net Income From Continuing Operation Net Minority Interest": -1579820.0,
        "Reconciled Cost Of Revenue": 92529.0,
        "EBITDA": -1455162.0,
        "EBIT": -1455162.0,
        "Net Interest Income": -78600.0,
        "Interest Expense": 124658.0,
        "Interest Income": 46058.0,
        "Normalized Income": -1579820.0,
        "Net Income From Continuing And Discontinued Operation": -1579820.0,
        "Total Expenses": 3236710.0,
        "Total Operating Income As Reported": -1501220.0,
        "Diluted Average Shares": 756808.0,
        "Basic Average Shares": 756808.0,
        "Diluted EPS": -2.09,
        "Basic EPS": -2.09,
        "Diluted NI Availto Com Stockholders": -1579820.0,
        "Net Income Common Stockholders": -1579820.0,
        "Net Income": -1579820.0,
        "Net Income Including Noncontrolling Interests": -1579820.0,
        "Net Income Continuous Operations": -1579820.0,
        "Pretax Income": -1579820.0,
        "Net Non Operating Interest Income Expense": -78600.0,
        "Interest Expense Non Operating": 124658.0,
        "Interest Income Non Operating": 46058.0,
        "Operating Income": -1501220.0,
        "Operating Expense": 3144181.0,
        "Research And Development": 4645.0,
        "Selling General And Administration": 3139536.0,
        "Gross Profit": 1642961.0,
        "Cost Of Revenue": 92529.0,
        "Total Revenue": 1735490.0,
        "Operating Revenue": 1735490.0
    },
    "2024-06-30": {
        "Tax Effect Of Unusual Items": 0.0,
        "Tax Rate For Calcs": 0.0,
        "Normalized EBITDA": -1142561.0,
        "Net Income From Continuing Operation Net Minority Interest": -1267218.0,
        "Reconciled Cost Of Revenue": 41478.0,
        "EBITDA": -1142561.0,
        "EBIT": -1142561.0,
        "Net Interest Income": -43656.0,
        "Interest Expense": 124657.0,
        "Interest Income": 81001.0,
        "Normalized Income": -1267218.0,
        "Net Income From Continuing And Discontinued Operation": -1267218.0,
        "Total Expenses": 3774928.0,
        "Total Operating Income As Reported": -1223562.0,
        "Diluted Average Shares": 1363525.0,
        "Basic Average Shares": 1363525.0,
        "Diluted EPS": -0.93,
        "Basic EPS": -0.93,
        "Diluted NI Availto Com Stockholders": -1267218.0,
        "Net Income Common Stockholders": -1267218.0,
        "Net Income": -1267218.0,
        "Net Income Including Noncontrolling Interests": -1267218.0,
        "Net Income Continuous Operations": -1267218.0,
        "Pretax Income": -1267218.0,
        "Net Non Operating Interest Income Expense": -43656.0,
        "Interest Expense Non Operating": 124657.0,
        "Interest Income Non Operating": 81001.0,
        "Operating Income": -1223562.0,
        "Operating Expense": 3733450.0,
        "Research And Development": 0.0,
        "Selling General And Administration": 3733450.0,
        "Gross Profit": 2509888.0,
        "Cost Of Revenue": 41478.0,
        "Total Revenue": 2551366.0,
        "Operating Revenue": 2551366.0
    },
    "2024-09-30": {
        "Tax Effect Of Unusual Items": 0.0,
        "Tax Rate For Calcs": 0.0,
        "Normalized EBITDA": -1186363.0,
        "Net Income From Continuing Operation Net Minority Interest": -1312390.0,
        "Reconciled Cost Of Revenue": 104024.0,
        "EBITDA": -1186363.0,
        "EBIT": -1186363.0,
        "Net Interest Income": -26733.0,
        "Interest Expense": 126027.0,
        "Interest Income": 99294.0,
        "Normalized Income": -1312390.0,
        "Net Income From Continuing And Discontinued Operation": -1312390.0,
        "Total Expenses": 3939843.0,
        "Total Operating Income As Reported": -1285657.0,
        "Diluted Average Shares": 1399882.0,
        "Basic Average Shares": 1399882.0,
        "Diluted EPS": -0.94,
        "Basic EPS": -0.94,
        "Diluted NI Availto Com Stockholders": -1312390.0,
        "Net Income Common Stockholders": -1312390.0,
        "Net Income": -1312390.0,
        "Net Income Including Noncontrolling Interests": -1312390.0,
        "Net Income Continuous Operations": -1312390.0,
        "Pretax Income": -1312390.0,
        "Net Non Operating Interest Income Expense": -26733.0,
        "Interest Expense Non Operating": 126027.0,
        "Interest Income Non Operating": 99294.0,
        "Operating Income": -1285657.0,
        "Operating Expense": 3835819.0,
        "Research And Development": 11677.0,
        "Selling General And Administration": 3824142.0,
        "Gross Profit": 2550162.0,
        "Cost Of Revenue": 104024.0,
        "Total Revenue": 2654186.0,
        "Operating Revenue": 2654186.0
    },
    "2024-12-31": {
        "Tax Effect Of Unusual Items": 0.0,
        "Tax Rate For Calcs": 0.0,
        "Normalized EBITDA": -1066738.0,
        "Net Income From Continuing Operation Net Minority Interest": -1192766.0,
        "Reconciled Cost Of Revenue": 118500.0,
        "EBITDA": -1066738.0,
        "EBIT": -1066738.0,
        "Net Interest Income": 932.0,
        "Interest Expense": 126028.0,
        "Interest Income": 126960.0,
        "Normalized Income": -1192766.0,
        "Net Income From Continuing And Discontinued Operation": -1192766.0,
        "Total Expenses": 4502071.0,
        "Total Operating Income As Reported": -1193698.0,
        "Diluted Average Shares": NaN,
        "Basic Average Shares": NaN,
        "Diluted EPS": NaN,
        "Basic EPS": NaN,
        "Diluted NI Availto Com Stockholders": -1192766.0,
        "Net Income Common Stockholders": -1192766.0,
        "Net Income": -1192766.0,
        "Net Income Including Noncontrolling Interests": -1192766.0,
        "Net Income Continuous Operations": -1192766.0,
        "Pretax Income": -1192766.0,
        "Net Non Operating Interest Income Expense": 932.0,
        "Interest Expense Non Operating": 126028.0,
        "Interest Income Non Operating": 126960.0,
        "Operating Income": -1193698.0,
        "Operating Expense": 4383571.0,
        "Research And Development": 0.0,
        "Selling General And Administration": 4383571.0,
        "Gross Profit": 3189873.0,
        "Cost Of Revenue": 118500.0,
        "Total Revenue": 3308373.0,
        "Operating Revenue": 3308373.0
    },
    "2025-03-31": {
        "Tax Effect Of Unusual Items": 0.0,
        "Tax Rate For Calcs": 0.0,
        "Normalized EBITDA": -1182890.0,
        "Net Income From Continuing Operation Net Minority Interest": -1306178.0,
        "Reconciled Cost Of Revenue": 41613.0,
        "EBITDA": -1182890.0,
        "EBIT": -1182890.0,
        "Net Interest Income": -4435.0,
        "Interest Expense": 123288.0,
        "Interest Income": 118853.0,
        "Normalized Income": -1306178.0,
        "Net Income From Continuing And Discontinued Operation": -1306178.0,
        "Total Expenses": 4381901.0,
        "Total Operating Income As Reported": -1301743.0,
        "Diluted Average Shares": 2548684.0,
        "Basic Average Shares": 2548684.0,
        "Diluted EPS": -0.51,
        "Basic EPS": -0.51,
        "Diluted NI Availto Com Stockholders": -1306178.0,
        "Net Income Common Stockholders": -1306178.0,
        "Net Income": -1306178.0,
        "Net Income Including Noncontrolling Interests": -1306178.0,
        "Net Income Continuous Operations": -1306178.0,
        "Pretax Income": -1306178.0,
        "Net Non Operating Interest Income Expense": -4435.0,
        "Interest Expense Non Operating": 123288.0,
        "Interest Income Non Operating": 118853.0,
        "Operating Income": -1301743.0,
        "Operating Expense": 4340288.0,
        "Research And Development": 42783.0,
        "Selling General And Administration": 4297505.0,
        "Gross Profit": 3038545.0,
        "Cost Of Revenue": 41613.0,
        "Total Revenue": 3080158.0,
        "Operating Revenue": 3080158.0
    }
}