{
    "2022-12-31": {
        "Tax Effect Of Unusual Items": 0.0,
        "Tax Rate For Calcs": 0.0,
        "Normalized EBITDA": -39176000.0,
        "Total Unusual Items": 83696000.0,
        "Total Unusual Items Excluding Goodwill": 83696000.0,
        "Net Income From Continuing Operation Net Minority Interest": 40541000.0,
        "Reconciled Depreciation": 568000.0,
        "Reconciled Cost Of Revenue": 0.0,
        "EBITDA": 44520000.0,
        "EBIT": 43952000.0,
        "Net Interest Income": -3138000.0,
        "Interest Expense": 3411000.0,
        "Interest Income": 385000.0,
        "Normalized Income": -43155000.0,
        "Net Income From Continuing And Discontinued Operation": 40541000.0,
        "Total Expenses": 40023000.0,
        "Total Operating Income As Reported": -40023000.0,
        "Diluted Average Shares": NaN,
        "Basic Average Shares": NaN,
        "Diluted EPS": NaN,
        "Basic EPS": NaN,
        "Diluted NI Availto Com Stockholders": 40541000.0,
        "Net Income Common Stockholders": 40541000.0,
        "Net Income": 40541000.0,
        "Net Income Including Noncontrolling Interests": 40541000.0,
        "Net Income Continuous Operations": 40541000.0,
        "Tax Provision": 0.0,
        "Pretax Income": 40541000.0,
        "Other Income Expense": 83696000.0,
        "Other Non Operating Income Expenses": NaN,
        "Gain On Sale Of Security": 83696000.0,
        "Net Non Operating Interest Income Expense": -3138000.0,
        "Total Other Finance Cost": 112000.0,
        "Interest Expense Non Operating": 3411000.0,
        "Interest Income Non Operating": 385000.0,
        "Operating Income": -40023000.0,
        "Operating Expense": 40023000.0,
        "Other Operating Expenses": -14000.0,
        "Other Taxes": -1574000.0,
        "Research And Development": 19986000.0,
        "Selling General And Administration": 21625000.0,
        "General And Administrative Expense": 21625000.0,
        "Other Gand A": 21625000.0,
        "Gross Profit": 0.0,
        "Cost Of Revenue": 0.0,
        "Total Revenue": 0.0,
        "Operating Revenue": 0.0
    },
    "2022-09-30": {
        "Tax Effect Of Unusual Items": 0.0,
        "Tax Rate For Calcs": 0.0,
        "Normalized EBITDA": -17829000.0,
        "Total Unusual Items": -94916000.0,
        "Total Unusual Items Excluding Goodwill": -94916000.0,
        "Net Income From Continuing Operation Net Minority Interest": -117895000.0,
        "Reconciled Depreciation": 593000.0,
        "Reconciled Cost Of Revenue": 0.0,
        "EBITDA": -112745000.0,
        "EBIT": -113338000.0,
        "Net Interest Income": -4350000.0,
        "Interest Expense": 4557000.0,
        "Interest Income": 238000.0,
        "Normalized Income": -22979000.0,
        "Net Income From Continuing And Discontinued Operation": -117895000.0,
        "Total Expenses": 18629000.0,
        "Total Operating Income As Reported": -18629000.0,
        "Diluted Average Shares": 178427999.0,
        "Basic Average Shares": 178427999.0,
        "Diluted EPS": -0.66,
        "Basic EPS": -0.66,
        "Diluted NI Availto Com Stockholders": -117895000.0,
        "Net Income Common Stockholders": -117895000.0,
        "Net Income": -117895000.0,
        "Net Income Including Noncontrolling Interests": -117895000.0,
        "Net Income Continuous Operations": -117895000.0,
        "Tax Provision": 0.0,
        "Pretax Income": -117895000.0,
        "Other Income Expense": -94916000.0,
        "Other Non Operating Income Expenses": -31000.0,
        "Gain On Sale Of Security": -94916000.0,
        "Net Non Operating Interest Income Expense": -4350000.0,
        "Total Other Finance Cost": 31000.0,
        "Interest Expense Non Operating": 4557000.0,
        "Interest Income Non Operating": 238000.0,
        "Operating Income": -18629000.0,
        "Operating Expense": 18629000.0,
        "Other Operating Expenses": -187000.0,
        "Other Taxes": -729000.0,
        "Research And Development": 9747000.0,
        "Selling General And Administration": 9798000.0,
        "General And Administrative Expense": 9798000.0,
        "Other Gand A": 9798000.0,
        "Gross Profit": 0.0,
        "Cost Of Revenue": 0.0,
        "Total Revenue": 0.0,
        "Operating Revenue": 0.0
    },
    "2022-06-30": {
        "Diluted EPS": 0.0,
        "Total Revenue": NaN,
        "Gross Profit": NaN,
        "Operating Income": NaN,
        "Net Income": NaN
    },
    "2021-12-31": {
        "Diluted EPS": 0.0,
        "Total Revenue": NaN,
        "Gross Profit": NaN,
        "Operating Income": NaN,
        "EBIT": NaN,
        "Net Income": NaN
    },
    "2023-09-30": {
        "Tax Effect Of Unusual Items": NaN,
        "Tax Rate For Calcs": NaN,
        "Normalized EBITDA": NaN,
        "Total Unusual Items": NaN,
        "Total Unusual Items Excluding Goodwill": NaN,
        "Net Income From Continuing Operation Net Minority Interest": NaN,
        "Reconciled Depreciation": NaN,
        "Reconciled Cost Of Revenue": 4263000.0,
        "EBITDA": NaN,
        "EBIT": NaN,
        "Net Interest Income": NaN,
        "Interest Expense": NaN,
        "Interest Income": NaN,
        "Normalized Income": NaN,
        "Net Income From Continuing And Discontinued Operation": NaN,
        "Total Expenses": NaN,
        "Rent Expense Supplemental": 583000.0,
        "Total Operating Income As Reported": NaN,
        "Diluted Average Shares": 19208324.0,
        "Basic Average Shares": 19208324.0,
        "Diluted EPS": -1.6,
        "Basic EPS": -1.6,
        "Diluted NI Availto Com Stockholders": NaN,
        "Average Dilution Earnings": NaN,
        "Net Income Common Stockholders": NaN,
        "Net Income": NaN,
        "Net Income Including Noncontrolling Interests": NaN,
        "Net Income Continuous Operations": NaN,
        "Tax Provision": NaN,
        "Pretax Income": NaN,
        "Other Income Expense": NaN,
        "Other Non Operating Income Expenses": -1000.0,
        "Gain On Sale Of Security": NaN,
        "Net Non Operating Interest Income Expense": NaN,
        "Total Other Finance Cost": NaN,
        "Interest Expense Non Operating": NaN,
        "Interest Income Non Operating": NaN,
        "Operating Income": NaN,
        "Operating Expense": NaN,
        "Other Operating Expenses": NaN,
        "Other Taxes": NaN,
        "Research And Development": NaN,
        "Selling General And Administration": NaN,
        "Selling And Marketing Expense": 198000.0,
        "General And Administrative Expense": NaN,
        "Other Gand A": NaN,
        "Insurance And Claims": 653000.0,
        "Salaries And Wages": 2224000.0,
        "Gross Profit": -4263000.0,
        "Cost Of Revenue": 4263000.0,
        "Total Revenue": NaN,
        "Operating Revenue": NaN
    },
    "2023-12-31": {
        "Tax Effect Of Unusual Items": NaN,
        "Tax Rate For Calcs": NaN,
        "Normalized EBITDA": NaN,
        "Total Unusual Items": 6893000.0,
        "Total Unusual Items Excluding Goodwill": 6893000.0,
        "Net Income From Continuing Operation Net Minority Interest": NaN,
        "Reconciled Depreciation": NaN,
        "Reconciled Cost Of Revenue": NaN,
        "EBITDA": NaN,
        "EBIT": NaN,
        "Net Interest Income": NaN,
        "Interest Expense": NaN,
        "Interest Income": NaN,
        "Normalized Income": NaN,
        "Net Income From Continuing And Discontinued Operation": NaN,
        "Total Expenses": NaN,
        "Rent Expense Supplemental": NaN,
        "Total Operating Income As Reported": NaN,
        "Diluted Average Shares": NaN,
        "Basic Average Shares": NaN,
        "Diluted EPS": NaN,
        "Basic EPS": NaN,
        "Diluted NI Availto Com Stockholders": NaN,
        "Average Dilution Earnings": NaN,
        "Net Income Common Stockholders": NaN,
        "Net Income": NaN,
        "Net Income Including Noncontrolling Interests": NaN,
        "Net Income Continuous Operations": NaN,
        "Tax Provision": NaN,
        "Pretax Income": NaN,
        "Other Income Expense": 6893000.0,
        "Gain On Sale Of Security": 6893000.0,
        "Net Non Operating Interest Income Expense": NaN,
        "Total Other Finance Cost": 33000.0,
        "Interest Expense Non Operating": NaN,
        "Interest Income Non Operating": NaN,
        "Operating Income": NaN,
        "Operating Expense": NaN,
        "Other Operating Expenses": NaN,
        "Other Taxes": 16099000.0,
        "Research And Development": NaN,
        "Selling General And Administration": NaN,
        "Selling And Marketing Expense": NaN,
        "General And Administrative Expense": NaN,
        "Other Gand A": NaN,
        "Insurance And Claims": NaN,
        "Salaries And Wages": NaN,
        "Gross Profit": NaN,
        "Cost Of Revenue": NaN,
        "Total Revenue": NaN,
        "Operating Revenue": NaN
    },
    "2024-09-30": {
        "Tax Effect Of Unusual Items": -618722.878826,
        "Tax Rate For Calcs": 0.112372,
        "Normalized EBITDA": -21693000.0,
        "Total Unusual Items": -5506000.0,
        "Total Unusual Items Excluding Goodwill": -5506000.0,
        "Net Income From Continuing Operation Net Minority Interest": -28539000.0,
        "Reconciled Depreciation": 646000.0,
        "Reconciled Cost Of Revenue": 3707000.0,
        "EBITDA": -27199000.0,
        "EBIT": -27845000.0,
        "Net Interest Income": -3657000.0,
        "Interest Expense": 4307000.0,
        "Interest Income": 654000.0,
        "Normalized Income": -23651722.878826,
        "Net Income From Continuing And Discontinued Operation": -28539000.0,
        "Total Expenses": 22989000.0,
        "Rent Expense Supplemental": 535000.0,
        "Total Operating Income As Reported": -22989000.0,
        "Diluted Average Shares": 19313638.0,
        "Basic Average Shares": 19313638.0,
        "Diluted EPS": -1.48,
        "Basic EPS": -1.48,
        "Diluted NI Availto Com Stockholders": -28539000.0,
        "Average Dilution Earnings": NaN,
        "Net Income Common Stockholders": -28539000.0,
        "Net Income": -28539000.0,
        "Net Income Including Noncontrolling Interests": -28539000.0,
        "Net Income Continuous Operations": -28539000.0,
        "Tax Provision": -3613000.0,
        "Pretax Income": -32152000.0,
        "Other Income Expense": -5506000.0,
        "Special Income Charges": NaN,
        "Other Special Charges": NaN,
        "Gain On Sale Of Security": -5506000.0,
        "Net Non Operating Interest Income Expense": -3657000.0,
        "Total Other Finance Cost": 4000.0,
        "Interest Expense Non Operating": 4307000.0,
        "Interest Income Non Operating": 654000.0,
        "Operating Income": -22989000.0,
        "Operating Expense": 19282000.0,
        "Other Operating Expenses": -1349000.0,
        "Other Taxes": -246000.0,
        "Research And Development": 12863000.0,
        "Selling General And Administration": 7768000.0,
        "Selling And Marketing Expense": 912000.0,
        "General And Administrative Expense": 6856000.0,
        "Other Gand A": 5103000.0,
        "Insurance And Claims": 130000.0,
        "Salaries And Wages": 1623000.0,
        "Gross Profit": -3707000.0,
        "Cost Of Revenue": 3707000.0,
        "Total Revenue": 0.0,
        "Operating Revenue": 0.0
    },
    "2024-12-31": {
        "Tax Effect Of Unusual Items": 3152250.0,
        "Tax Rate For Calcs": 0.25,
        "Normalized EBITDA": -45268000.0,
        "Total Unusual Items": 12609000.0,
        "Total Unusual Items Excluding Goodwill": 12609000.0,
        "Net Income From Continuing Operation Net Minority Interest": -735580000.0,
        "Reconciled Depreciation": 637000.0,
        "Reconciled Cost Of Revenue": NaN,
        "EBITDA": -32659000.0,
        "EBIT": -33296000.0,
        "Net Interest Income": -691926000.0,
        "Interest Expense": 692178000.0,
        "Interest Income": 340000.0,
        "Normalized Income": -745036750.0,
        "Net Income From Continuing And Discontinued Operation": -735580000.0,
        "Total Expenses": 46157000.0,
        "Rent Expense Supplemental": 504000.0,
        "Total Operating Income As Reported": -18238000.0,
        "Diluted Average Shares": NaN,
        "Basic Average Shares": NaN,
        "Diluted EPS": NaN,
        "Basic EPS": NaN,
        "Diluted NI Availto Com Stockholders": -735580000.0,
        "Average Dilution Earnings": NaN,
        "Net Income Common Stockholders": -735580000.0,
        "Net Income": -735580000.0,
        "Net Income Including Noncontrolling Interests": -735580000.0,
        "Net Income Continuous Operations": -735580000.0,
        "Tax Provision": 10106000.0,
        "Pretax Income": -725474000.0,
        "Other Income Expense": 12609000.0,
        "Special Income Charges": NaN,
        "Other Special Charges": NaN,
        "Gain On Sale Of Security": -15310000.0,
        "Net Non Operating Interest Income Expense": -691926000.0,
        "Total Other Finance Cost": 88000.0,
        "Interest Expense Non Operating": 692178000.0,
        "Interest Income Non Operating": 340000.0,
        "Operating Income": -46157000.0,
        "Operating Expense": 57464000.0,
        "Other Operating Expenses": 26502000.0,
        "Other Taxes": -7637000.0,
        "Research And Development": 14828000.0,
        "Selling General And Administration": 23771000.0,
        "Selling And Marketing Expense": NaN,
        "General And Administrative Expense": 25457000.0,
        "Other Gand A": 32147000.0,
        "Insurance And Claims": NaN,
        "Salaries And Wages": NaN,
        "Gross Profit": 11307000.0,
        "Cost Of Revenue": NaN,
        "Total Revenue": 0.0,
        "Operating Revenue": 0.0
    },
    "2025-03-31": {
        "Tax Effect Of Unusual Items": 2352000.0,
        "Tax Rate For Calcs": 0.25,
        "Normalized EBITDA": 370312000.0,
        "Total Unusual Items": 9408000.0,
        "Total Unusual Items Excluding Goodwill": 9408000.0,
        "Net Income From Continuing Operation Net Minority Interest": 395725000.0,
        "Reconciled Depreciation": 428000.0,
        "Reconciled Cost Of Revenue": 3966000.0,
        "EBITDA": 379720000.0,
        "EBIT": 379292000.0,
        "Net Interest Income": 396739000.0,
        "Interest Expense": 37000.0,
        "Interest Income": 634000.0,
        "Normalized Income": 388669000.0,
        "Net Income From Continuing And Discontinued Operation": 395725000.0,
        "Total Expenses": 26892000.0,
        "Rent Expense Supplemental": 488000.0,
        "Total Operating Income As Reported": -26892000.0,
        "Diluted Average Shares": 115036517.0,
        "Basic Average Shares": 77837986.0,
        "Diluted EPS": 0.0,
        "Basic EPS": 5.08,
        "Diluted NI Availto Com Stockholders": -421000.0,
        "Average Dilution Earnings": -396146000.0,
        "Net Income Common Stockholders": 395725000.0,
        "Net Income": 395725000.0,
        "Net Income Including Noncontrolling Interests": 395725000.0,
        "Net Income Continuous Operations": 395725000.0,
        "Tax Provision": -16470000.0,
        "Pretax Income": 379255000.0,
        "Other Income Expense": 9408000.0,
        "Special Income Charges": NaN,
        "Other Special Charges": NaN,
        "Gain On Sale Of Security": 9408000.0,
        "Net Non Operating Interest Income Expense": 396739000.0,
        "Total Other Finance Cost": -396142000.0,
        "Interest Expense Non Operating": 37000.0,
        "Interest Income Non Operating": 634000.0,
        "Operating Income": -26892000.0,
        "Operating Expense": 22926000.0,
        "Other Operating Expenses": -1461000.0,
        "Other Taxes": 7553000.0,
        "Research And Development": 11217000.0,
        "Selling General And Administration": 5617000.0,
        "Selling And Marketing Expense": 152000.0,
        "General And Administrative Expense": 5465000.0,
        "Other Gand A": 3735000.0,
        "Insurance And Claims": 586000.0,
        "Salaries And Wages": 1144000.0,
        "Gross Profit": -3966000.0,
        "Cost Of Revenue": 3966000.0,
        "Total Revenue": 0.0,
        "Operating Revenue": 0.0
    },
    "2024-06-30": {
        "Tax Effect Of Unusual Items": 7129500.0,
        "Tax Rate For Calcs": 0.25,
        "Normalized EBITDA": -15654000.0,
        "Total Unusual Items": 28518000.0,
        "Total Unusual Items Excluding Goodwill": 28518000.0,
        "Net Income From Continuing Operation Net Minority Interest": 11740000.0,
        "Reconciled Depreciation": 709000.0,
        "Reconciled Cost Of Revenue": 3835000.0,
        "EBITDA": 12864000.0,
        "EBIT": 12155000.0,
        "Net Interest Income": 6314000.0,
        "Interest Expense": 4292000.0,
        "Interest Income": 614000.0,
        "Normalized Income": -9648500.0,
        "Net Income From Continuing And Discontinued Operation": 11740000.0,
        "Total Expenses": 26969000.0,
        "Rent Expense Supplemental": 566000.0,
        "Total Operating Income As Reported": 941000.0,
        "Diluted Average Shares": 19297390.0,
        "Basic Average Shares": 19297390.0,
        "Diluted EPS": 0.61,
        "Basic EPS": 0.61,
        "Diluted NI Availto Com Stockholders": 11740000.0,
        "Average Dilution Earnings": 0.0,
        "Net Income Common Stockholders": 11740000.0,
        "Net Income": 11740000.0,
        "Net Income Including Noncontrolling Interests": 11740000.0,
        "Net Income Continuous Operations": 11740000.0,
        "Tax Provision": -3877000.0,
        "Pretax Income": 7863000.0,
        "Other Income Expense": 28518000.0,
        "Special Income Charges": 27910000.0,
        "Other Special Charges": -27910000.0,
        "Gain On Sale Of Security": 608000.0,
        "Net Non Operating Interest Income Expense": 6314000.0,
        "Total Other Finance Cost": -9992000.0,
        "Interest Expense Non Operating": 4292000.0,
        "Interest Income Non Operating": 614000.0,
        "Operating Income": -26969000.0,
        "Operating Expense": 23134000.0,
        "Other Operating Expenses": -1896000.0,
        "Other Taxes": -366000.0,
        "Research And Development": 17967000.0,
        "Selling General And Administration": 7429000.0,
        "Selling And Marketing Expense": 696000.0,
        "General And Administrative Expense": 6733000.0,
        "Other Gand A": 3844000.0,
        "Insurance And Claims": 33000.0,
        "Salaries And Wages": 2856000.0,
        "Gross Profit": -3835000.0,
        "Cost Of Revenue": 3835000.0,
        "Total Revenue": 0.0,
        "Operating Revenue": 0.0
    },
    "2024-03-31": {
        "Tax Effect Of Unusual Items": NaN,
        "Tax Rate For Calcs": NaN,
        "Normalized EBITDA": NaN,
        "Total Unusual Items": NaN,
        "Total Unusual Items Excluding Goodwill": NaN,
        "Net Income From Continuing Operation Net Minority Interest": NaN,
        "Reconciled Depreciation": NaN,
        "Reconciled Cost Of Revenue": 3765000.0,
        "EBITDA": NaN,
        "EBIT": NaN,
        "Net Interest Income": NaN,
        "Interest Expense": NaN,
        "Interest Income": NaN,
        "Normalized Income": NaN,
        "Net Income From Continuing And Discontinued Operation": NaN,
        "Total Expenses": NaN,
        "Rent Expense Supplemental": NaN,
        "Total Operating Income As Reported": NaN,
        "Diluted Average Shares": 19156828.0,
        "Basic Average Shares": 19156828.0,
        "Diluted EPS": -1.51,
        "Basic EPS": -1.51,
        "Diluted NI Availto Com Stockholders": NaN,
        "Average Dilution Earnings": 0.0,
        "Net Income Common Stockholders": NaN,
        "Net Income": NaN,
        "Net Income Including Noncontrolling Interests": NaN,
        "Net Income Continuous Operations": NaN,
        "Tax Provision": NaN,
        "Pretax Income": NaN,
        "Other Income Expense": NaN,
        "Special Income Charges": NaN,
        "Other Special Charges": NaN,
        "Gain On Sale Of Security": NaN,
        "Net Non Operating Interest Income Expense": NaN,
        "Total Other Finance Cost": NaN,
        "Interest Expense Non Operating": NaN,
        "Interest Income Non Operating": NaN,
        "Operating Income": NaN,
        "Operating Expense": NaN,
        "Other Operating Expenses": NaN,
        "Other Taxes": NaN,
        "Research And Development": NaN,
        "Selling General And Administration": NaN,
        "Selling And Marketing Expense": 78000.0,
        "General And Administrative Expense": NaN,
        "Other Gand A": NaN,
        "Insurance And Claims": 119000.0,
        "Salaries And Wages": 1929000.0,
        "Gross Profit": NaN,
        "Cost Of Revenue": 3765000.0,
        "Total Revenue": NaN,
        "Operating Revenue": NaN
    },
    "2025-06-30": {
        "Tax Effect Of Unusual Items": 375733.549718,
        "Tax Rate For Calcs": 0.021111,
        "Normalized EBITDA": -162332000.0,
        "Total Unusual Items": 17798000.0,
        "Total Unusual Items Excluding Goodwill": 17798000.0,
        "Net Income From Continuing Operation Net Minority Interest": -144763000.0,
        "Reconciled Depreciation": 505000.0,
        "Reconciled Cost Of Revenue": 4741000.0,
        "EBITDA": -144534000.0,
        "EBIT": -145039000.0,
        "Net Interest Income": -142637000.0,
        "Interest Expense": 2846000.0,
        "Interest Income": 609000.0,
        "Normalized Income": -162185266.450282,
        "Net Income From Continuing And Discontinued Operation": -144763000.0,
        "Total Expenses": 23046000.0,
        "Rent Expense Supplemental": 414000.0,
        "Total Operating Income As Reported": -23046000.0,
        "Diluted Average Shares": 82319241.0,
        "Basic Average Shares": 82319241.0,
        "Diluted EPS": -1.76,
        "Basic EPS": -1.76,
        "Diluted NI Availto Com Stockholders": -144763000.0,
        "Average Dilution Earnings": 0.0,
        "Net Income Common Stockholders": -144763000.0,
        "Net Income": -144763000.0,
        "Net Income Including Noncontrolling Interests": -144763000.0,
        "Net Income Continuous Operations": -144763000.0,
        "Tax Provision": -3122000.0,
        "Pretax Income": -147885000.0,
        "Other Income Expense": 17798000.0,
        "Special Income Charges": 0.0,
        "Other Special Charges": NaN,
        "Gain On Sale Of Security": 17798000.0,
        "Net Non Operating Interest Income Expense": -142637000.0,
        "Total Other Finance Cost": 140400000.0,
        "Interest Expense Non Operating": 2846000.0,
        "Interest Income Non Operating": 609000.0,
        "Operating Income": -23046000.0,
        "Operating Expense": 18305000.0,
        "Other Operating Expenses": -1197000.0,
        "Other Taxes": 0.0,
        "Research And Development": 11574000.0,
        "Selling General And Administration": 7928000.0,
        "Selling And Marketing Expense": 433000.0,
        "General And Administrative Expense": 7495000.0,
        "Other Gand A": 4840000.0,
        "Insurance And Claims": 592000.0,
        "Salaries And Wages": 2063000.0,
        "Gross Profit": -4741000.0,
        "Cost Of Revenue": 4741000.0,
        "Total Revenue": 0.0,
        "Operating Revenue": 0.0
    }
}