{
    "2023-03-31": {
        "Tax Effect Of Unusual Items": NaN,
        "Tax Rate For Calcs": NaN,
        "Normalized EBITDA": NaN,
        "Total Unusual Items": NaN,
        "Total Unusual Items Excluding Goodwill": NaN,
        "Net Income From Continuing Operation Net Minority Interest": NaN,
        "Reconciled Depreciation": NaN,
        "Reconciled Cost Of Revenue": NaN,
        "EBITDA": NaN,
        "EBIT": NaN,
        "Net Interest Income": NaN,
        "Interest Expense": NaN,
        "Normalized Income": NaN,
        "Net Income From Continuing And Discontinued Operation": NaN,
        "Total Expenses": NaN,
        "Total Operating Income As Reported": NaN,
        "Diluted Average Shares": NaN,
        "Basic Average Shares": NaN,
        "Diluted EPS": NaN,
        "Basic EPS": NaN,
        "Diluted NI Availto Com Stockholders": NaN,
        "Net Income Common Stockholders": NaN,
        "Net Income": NaN,
        "Minority Interests": 0.0,
        "Net Income Including Noncontrolling Interests": NaN,
        "Net Income Discontinuous Operations": 0.0,
        "Net Income Continuous Operations": NaN,
        "Tax Provision": NaN,
        "Pretax Income": NaN,
        "Other Income Expense": NaN,
        "Other Non Operating Income Expenses": NaN,
        "Special Income Charges": NaN,
        "Gain On Sale Of Ppe": NaN,
        "Net Non Operating Interest Income Expense": NaN,
        "Interest Expense Non Operating": NaN,
        "Operating Income": NaN,
        "Operating Expense": NaN,
        "Other Taxes": NaN,
        "Depreciation Amortization Depletion Income Statement": NaN,
        "Depreciation And Amortization In Income Statement": NaN,
        "Gross Profit": NaN,
        "Cost Of Revenue": NaN,
        "Total Revenue": NaN,
        "Operating Revenue": NaN
    },
    "2022-12-31": {
        "Tax Effect Of Unusual Items": NaN,
        "Tax Rate For Calcs": NaN,
        "Normalized EBITDA": NaN,
        "Total Unusual Items": NaN,
        "Total Unusual Items Excluding Goodwill": NaN,
        "Net Income From Continuing Operation Net Minority Interest": NaN,
        "Reconciled Depreciation": NaN,
        "Reconciled Cost Of Revenue": NaN,
        "EBITDA": NaN,
        "EBIT": NaN,
        "Net Interest Income": NaN,
        "Interest Expense": NaN,
        "Normalized Income": NaN,
        "Net Income From Continuing And Discontinued Operation": NaN,
        "Total Expenses": NaN,
        "Total Operating Income As Reported": NaN,
        "Diluted Average Shares": NaN,
        "Basic Average Shares": NaN,
        "Diluted EPS": NaN,
        "Basic EPS": NaN,
        "Diluted NI Availto Com Stockholders": NaN,
        "Net Income Common Stockholders": NaN,
        "Net Income": NaN,
        "Minority Interests": 0.0,
        "Net Income Including Noncontrolling Interests": NaN,
        "Net Income Discontinuous Operations": 0.0,
        "Net Income Continuous Operations": NaN,
        "Tax Provision": NaN,
        "Pretax Income": NaN,
        "Other Income Expense": NaN,
        "Other Non Operating Income Expenses": NaN,
        "Special Income Charges": NaN,
        "Gain On Sale Of Ppe": NaN,
        "Net Non Operating Interest Income Expense": NaN,
        "Interest Expense Non Operating": NaN,
        "Operating Income": NaN,
        "Operating Expense": NaN,
        "Other Taxes": NaN,
        "Depreciation Amortization Depletion Income Statement": NaN,
        "Depreciation And Amortization In Income Statement": NaN,
        "Gross Profit": NaN,
        "Cost Of Revenue": NaN,
        "Total Revenue": NaN,
        "Operating Revenue": NaN
    },
    "2022-09-30": {
        "Tax Effect Of Unusual Items": 0.0,
        "Tax Rate For Calcs": 0.119792,
        "Normalized EBITDA": 1958000000.0,
        "Total Unusual Items": 0.0,
        "Total Unusual Items Excluding Goodwill": 0.0,
        "Net Income From Continuing Operation Net Minority Interest": 676000000.0,
        "Reconciled Depreciation": 246000000.0,
        "Reconciled Cost Of Revenue": 3211000000.0,
        "EBITDA": 1958000000.0,
        "EBIT": 1133000000.0,
        "Net Interest Income": -365000000.0,
        "Interest Expense": 365000000.0,
        "Normalized Income": 676000000.0,
        "Net Income From Continuing And Discontinued Operation": 676000000.0,
        "Total Expenses": 3834000000.0,
        "Total Operating Income As Reported": 1011000000.0,
        "Diluted Average Shares": 989000000.0,
        "Basic Average Shares": 988000000.0,
        "Diluted EPS": 0.68,
        "Basic EPS": 0.68,
        "Diluted NI Availto Com Stockholders": 676000000.0,
        "Net Income Common Stockholders": 676000000.0,
        "Net Income": 676000000.0,
        "Minority Interests": 0.0,
        "Net Income Including Noncontrolling Interests": 676000000.0,
        "Net Income Discontinuous Operations": 0.0,
        "Net Income Continuous Operations": 676000000.0,
        "Tax Provision": 92000000.0,
        "Pretax Income": 768000000.0,
        "Other Income Expense": 122000000.0,
        "Other Non Operating Income Expenses": 122000000.0,
        "Special Income Charges": 0.0,
        "Gain On Sale Of Ppe": 0.0,
        "Net Non Operating Interest Income Expense": -365000000.0,
        "Interest Expense Non Operating": 365000000.0,
        "Operating Income": 1011000000.0,
        "Operating Expense": 1202000000.0,
        "Other Taxes": 377000000.0,
        "Depreciation Amortization Depletion Income Statement": 825000000.0,
        "Depreciation And Amortization In Income Statement": 825000000.0,
        "Gross Profit": 2213000000.0,
        "Cost Of Revenue": 2632000000.0,
        "Total Revenue": 4845000000.0,
        "Operating Revenue": 4845000000.0
    },
    "2022-06-30": {
        "Tax Effect Of Unusual Items": -180039.138943,
        "Tax Rate For Calcs": 0.09002,
        "Normalized EBITDA": 1701000000.0,
        "Total Unusual Items": -2000000.0,
        "Total Unusual Items Excluding Goodwill": -2000000.0,
        "Net Income From Continuing Operation Net Minority Interest": 465000000.0,
        "Reconciled Depreciation": 830000000.0,
        "Reconciled Cost Of Revenue": 2383000000.0,
        "EBITDA": 1699000000.0,
        "EBIT": 869000000.0,
        "Net Interest Income": -358000000.0,
        "Interest Expense": 358000000.0,
        "Normalized Income": 466819960.861057,
        "Net Income From Continuing And Discontinued Operation": 465000000.0,
        "Total Expenses": 3543000000.0,
        "Total Operating Income As Reported": 694000000.0,
        "Diluted Average Shares": 982000000.0,
        "Basic Average Shares": 981000000.0,
        "Diluted EPS": 0.47,
        "Basic EPS": 0.47,
        "Diluted NI Availto Com Stockholders": 465000000.0,
        "Net Income Common Stockholders": 465000000.0,
        "Net Income": 465000000.0,
        "Minority Interests": 0.0,
        "Net Income Including Noncontrolling Interests": 465000000.0,
        "Net Income Discontinuous Operations": 0.0,
        "Net Income Continuous Operations": 465000000.0,
        "Earnings From Equity Interest Net Of Tax": 0.0,
        "Tax Provision": 46000000.0,
        "Pretax Income": 511000000.0,
        "Other Income Expense": 173000000.0,
        "Other Non Operating Income Expenses": 175000000.0,
        "Special Income Charges": -2000000.0,
        "Gain On Sale Of Ppe": -2000000.0,
        "Net Non Operating Interest Income Expense": -358000000.0,
        "Interest Expense Non Operating": 358000000.0,
        "Operating Income": 696000000.0,
        "Operating Expense": 1160000000.0,
        "Other Taxes": 330000000.0,
        "Depreciation Amortization Depletion Income Statement": 830000000.0,
        "Depreciation And Amortization In Income Statement": 830000000.0,
        "Gross Profit": 1856000000.0,
        "Cost Of Revenue": 2383000000.0,
        "Total Revenue": 4239000000.0,
        "Operating Revenue": 4239000000.0
    },
    "2023-06-30": {
        "Tax Effect Of Unusual Items": NaN,
        "Tax Rate For Calcs": NaN,
        "Normalized EBITDA": NaN,
        "Total Unusual Items": NaN,
        "Total Unusual Items Excluding Goodwill": NaN,
        "Net Income From Continuing Operation Net Minority Interest": NaN,
        "Reconciled Depreciation": NaN,
        "Reconciled Cost Of Revenue": NaN,
        "EBITDA": NaN,
        "EBIT": NaN,
        "Net Interest Income": NaN,
        "Interest Expense": NaN,
        "Normalized Income": NaN,
        "Net Income From Continuing And Discontinued Operation": NaN,
        "Total Expenses": NaN,
        "Total Operating Income As Reported": NaN,
        "Diluted Average Shares": NaN,
        "Basic Average Shares": NaN,
        "Diluted EPS": NaN,
        "Basic EPS": NaN,
        "Diluted NI Availto Com Stockholders": NaN,
        "Net Income Common Stockholders": NaN,
        "Net Income": NaN,
        "Minority Interests": 0.0,
        "Net Income Including Noncontrolling Interests": NaN,
        "Net Income Discontinuous Operations": 0.0,
        "Net Income Continuous Operations": NaN,
        "Tax Provision": NaN,
        "Pretax Income": NaN,
        "Other Income Expense": NaN,
        "Other Non Operating Income Expenses": NaN,
        "Special Income Charges": NaN,
        "Gain On Sale Of Ppe": NaN,
        "Net Non Operating Interest Income Expense": NaN,
        "Interest Expense Non Operating": NaN,
        "Operating Income": NaN,
        "Operating Expense": NaN,
        "Other Taxes": NaN,
        "Depreciation Amortization Depletion Income Statement": NaN,
        "Depreciation And Amortization In Income Statement": NaN,
        "Gross Profit": NaN,
        "Cost Of Revenue": NaN,
        "Total Revenue": NaN,
        "Operating Revenue": NaN
    },
    "2022-03-31": {
        "Diluted EPS": 0.61,
        "Total Revenue": NaN,
        "Gross Profit": NaN,
        "Operating Income": 900,
        "EBIT": NaN,
        "Net Income": 597
    },
    "2021-12-31": {
        "Diluted EPS": 0.4,
        "Total Revenue": NaN,
        "Gross Profit": NaN,
        "Operating Income": 522,
        "EBIT": NaN,
        "Net Income": 391
    },
    "2021-09-30": {
        "Diluted EPS": 1.23,
        "Total Revenue": NaN,
        "Gross Profit": NaN,
        "Operating Income": 756,
        "EBIT": NaN,
        "Net Income": NaN
    },
    "2021-06-30": {
        "Diluted EPS": 0.41,
        "Total Revenue": NaN,
        "Gross Profit": NaN,
        "Operating Income": 580,
        "EBIT": NaN,
        "Net Income": 401
    },
    "2021-03-31": {
        "Diluted EPS": -0.3,
        "Total Revenue": NaN,
        "Gross Profit": NaN,
        "Operating Income": 824,
        "EBIT": NaN,
        "Net Income": -289
    },
    "2020-12-31": {
        "Diluted EPS": 0.37,
        "Total Revenue": NaN,
        "Gross Profit": NaN,
        "Operating Income": -363,
        "EBIT": NaN,
        "Net Income": 359
    },
    "2020-09-30": {
        "Diluted EPS": 0.51,
        "Total Revenue": NaN,
        "Gross Profit": NaN,
        "Operating Income": 769,
        "EBIT": NaN,
        "Net Income": 501
    },
    "2020-06-30": {
        "Diluted EPS": 0.53,
        "Total Revenue": NaN,
        "Gross Profit": NaN,
        "Operating Income": 565,
        "EBIT": NaN,
        "Net Income": 521
    },
    "2020-03-31": {
        "Diluted EPS": 0.6,
        "Total Revenue": NaN,
        "Gross Profit": NaN,
        "Operating Income": NaN,
        "EBIT": NaN,
        "Net Income": 582
    },
    "2019-12-31": {
        "Diluted EPS": 0.79,
        "Total Revenue": NaN,
        "Gross Profit": NaN,
        "Operating Income": 962,
        "EBIT": NaN,
        "Net Income": 773
    },
    "2019-09-30": {
        "Diluted EPS": 0.79,
        "Total Revenue": NaN,
        "Gross Profit": NaN,
        "Operating Income": NaN,
        "EBIT": NaN,
        "Net Income": 772
    },
    "2019-06-30": {
        "Diluted EPS": 0.5,
        "Total Revenue": NaN,
        "Gross Profit": NaN,
        "Operating Income": 841,
        "EBIT": NaN,
        "Net Income": 484
    },
    "2019-03-31": {
        "Diluted EPS": 0.93,
        "Total Revenue": NaN,
        "Gross Profit": NaN,
        "Operating Income": NaN,
        "EBIT": NaN,
        "Net Income": 907
    },
    "2018-12-31": {
        "Diluted EPS": 0.15,
        "Total Revenue": NaN,
        "Gross Profit": NaN,
        "Operating Income": 702,
        "EBIT": NaN,
        "Net Income": 148
    },
    "2018-09-30": {
        "Diluted EPS": 0.76,
        "Total Revenue": NaN,
        "Gross Profit": NaN,
        "Operating Income": NaN,
        "EBIT": NaN,
        "Net Income": 733
    },
    "2018-06-30": {
        "Diluted EPS": 0.56,
        "Total Revenue": NaN,
        "Gross Profit": NaN,
        "Operating Income": 942,
        "EBIT": NaN,
        "Net Income": 539
    },
    "2018-03-31": {
        "Diluted EPS": 0.6,
        "Total Revenue": NaN,
        "Gross Profit": NaN,
        "Operating Income": NaN,
        "EBIT": NaN,
        "Net Income": 585
    },
    "2017-12-31": {
        "Diluted EPS": 1.97,
        "Total Revenue": NaN,
        "Gross Profit": NaN,
        "Operating Income": NaN,
        "EBIT": NaN,
        "Net Income": NaN
    },
    "2017-09-30": {
        "Diluted EPS": 0.85,
        "Total Revenue": NaN,
        "Gross Profit": NaN,
        "Operating Income": NaN,
        "EBIT": NaN,
        "Net Income": 823
    },
    "2017-06-30": {
        "Diluted EPS": 0.1,
        "Total Revenue": NaN,
        "Gross Profit": NaN,
        "Operating Income": 300,
        "EBIT": NaN,
        "Net Income": 95
    },
    "2017-03-31": {
        "Diluted EPS": 1.06,
        "Total Revenue": NaN,
        "Gross Profit": NaN,
        "Operating Income": NaN,
        "EBIT": NaN,
        "Net Income": 990
    },
    "2016-12-31": {
        "Diluted EPS": 0.2,
        "Total Revenue": NaN,
        "Gross Profit": NaN,
        "Operating Income": 815,
        "EBIT": NaN,
        "Net Income": 191
    },
    "2016-09-30": {
        "Diluted EPS": 0.53,
        "Total Revenue": NaN,
        "Gross Profit": NaN,
        "Operating Income": NaN,
        "EBIT": NaN,
        "Net Income": 490
    },
    "2016-06-30": {
        "Diluted EPS": 0.29,
        "Total Revenue": NaN,
        "Gross Profit": NaN,
        "Operating Income": 647,
        "EBIT": NaN,
        "Net Income": 267
    },
    "2016-03-31": {
        "Diluted EPS": 0.19,
        "Total Revenue": NaN,
        "Gross Profit": NaN,
        "Operating Income": 483,
        "EBIT": NaN,
        "Net Income": 173
    },
    "2015-12-31": {
        "Diluted EPS": 0.31,
        "Total Revenue": NaN,
        "Gross Profit": NaN,
        "Operating Income": 709,
        "EBIT": NaN,
        "Net Income": 309
    },
    "2015-09-30": {
        "Diluted EPS": 0.69,
        "Total Revenue": NaN,
        "Gross Profit": NaN,
        "Operating Income": NaN,
        "EBIT": NaN,
        "Net Income": 629
    },
    "2015-06-30": {
        "Diluted EPS": 0.74,
        "Total Revenue": NaN,
        "Gross Profit": NaN,
        "Operating Income": NaN,
        "EBIT": NaN,
        "Net Income": 638
    },
    "2015-03-31": {
        "Diluted EPS": 0.8,
        "Total Revenue": NaN,
        "Gross Profit": NaN,
        "Operating Income": NaN,
        "EBIT": NaN,
        "Net Income": 693
    },
    "2014-12-31": {
        "Diluted EPS": 0.03,
        "Total Revenue": NaN,
        "Gross Profit": NaN,
        "Operating Income": 348,
        "EBIT": NaN,
        "Net Income": 18
    },
    "2014-09-30": {
        "Diluted EPS": 1.15,
        "Total Revenue": NaN,
        "Gross Profit": NaN,
        "Operating Income": NaN,
        "EBIT": NaN,
        "Net Income": 993
    },
    "2014-06-30": {
        "Diluted EPS": 0.6,
        "Total Revenue": NaN,
        "Gross Profit": NaN,
        "Operating Income": 842,
        "EBIT": NaN,
        "Net Income": 522
    },
    "2014-03-31": {
        "Diluted EPS": 0.1,
        "Total Revenue": NaN,
        "Gross Profit": NaN,
        "Operating Income": 168,
        "EBIT": NaN,
        "Net Income": 90
    },
    "2013-12-31": {
        "Diluted EPS": 0.58,
        "Total Revenue": NaN,
        "Gross Profit": NaN,
        "Operating Income": 902,
        "EBIT": NaN,
        "Net Income": 495
    },
    "2013-09-30": {
        "Diluted EPS": 0.86,
        "Total Revenue": NaN,
        "Gross Profit": NaN,
        "Operating Income": NaN,
        "EBIT": NaN,
        "Net Income": 738
    },
    "2013-06-30": {
        "Diluted EPS": 0.57,
        "Total Revenue": NaN,
        "Gross Profit": NaN,
        "Operating Income": NaN,
        "EBIT": NaN,
        "Net Income": 490
    },
    "2013-03-31": {
        "Diluted EPS": -0.01,
        "Total Revenue": NaN,
        "Gross Profit": NaN,
        "Operating Income": 508,
        "EBIT": NaN,
        "Net Income": -4
    },
    "2012-12-31": {
        "Diluted EPS": 0.46,
        "Total Revenue": NaN,
        "Gross Profit": NaN,
        "Operating Income": 697,
        "EBIT": NaN,
        "Net Income": 378
    },
    "2012-09-30": {
        "Diluted EPS": 0.35,
        "Total Revenue": NaN,
        "Gross Profit": NaN,
        "Operating Income": 603,
        "EBIT": NaN,
        "Net Income": 296
    },
    "2012-06-30": {
        "Diluted EPS": 0.33,
        "Total Revenue": NaN,
        "Gross Profit": NaN,
        "Operating Income": 714,
        "EBIT": NaN,
        "Net Income": 286
    },
    "2012-03-31": {
        "Diluted EPS": 0.28,
        "Total Revenue": NaN,
        "Gross Profit": NaN,
        "Operating Income": 359,
        "EBIT": NaN,
        "Net Income": 200
    },
    "2011-12-31": {
        "Diluted EPS": 0.91,
        "Total Revenue": NaN,
        "Gross Profit": NaN,
        "Operating Income": NaN,
        "EBIT": NaN,
        "Net Income": 606
    },
    "2011-09-30": {
        "Diluted EPS": 0.9,
        "Total Revenue": NaN,
        "Gross Profit": NaN,
        "Operating Income": NaN,
        "EBIT": NaN,
        "Net Income": 601
    },
    "2011-06-30": {
        "Diluted EPS": 0.93,
        "Total Revenue": NaN,
        "Gross Profit": NaN,
        "Operating Income": NaN,
        "EBIT": NaN,
        "Net Income": 620
    },
    "2011-03-31": {
        "Diluted EPS": 1.01,
        "Total Revenue": NaN,
        "Gross Profit": NaN,
        "Operating Income": NaN,
        "EBIT": NaN,
        "Net Income": 668
    },
    "2010-12-31": {
        "Diluted EPS": 0.8,
        "Total Revenue": NaN,
        "Gross Profit": NaN,
        "Operating Income": 940,
        "EBIT": NaN,
        "Net Income": 524
    },
    "2010-09-30": {
        "Diluted EPS": 1.27,
        "Total Revenue": NaN,
        "Gross Profit": NaN,
        "Operating Income": NaN,
        "EBIT": NaN,
        "Net Income": 845
    },
    "2010-06-30": {
        "Diluted EPS": 0.67,
        "Total Revenue": NaN,
        "Gross Profit": NaN,
        "Operating Income": NaN,
        "EBIT": NaN,
        "Net Income": 445
    },
    "2010-03-31": {
        "Diluted EPS": 1.13,
        "Total Revenue": NaN,
        "Gross Profit": NaN,
        "Operating Income": NaN,
        "EBIT": NaN,
        "Net Income": 749
    },
    "2009-12-31": {
        "Diluted EPS": 0.88,
        "Total Revenue": NaN,
        "Gross Profit": NaN,
        "Operating Income": NaN,
        "EBIT": NaN,
        "Net Income": 581
    },
    "2009-09-30": {
        "Diluted EPS": 1.14,
        "Total Revenue": NaN,
        "Gross Profit": NaN,
        "Operating Income": NaN,
        "EBIT": NaN,
        "Net Income": 757
    },
    "2009-06-30": {
        "Diluted EPS": 0.99,
        "Total Revenue": NaN,
        "Gross Profit": NaN,
        "Operating Income": NaN,
        "EBIT": NaN,
        "Net Income": 657
    },
    "2009-03-31": {
        "Diluted EPS": 1.08,
        "Total Revenue": NaN,
        "Gross Profit": NaN,
        "Operating Income": NaN,
        "EBIT": NaN,
        "Net Income": 712
    },
    "2023-09-30": {
        "Tax Effect Of Unusual Items": NaN,
        "Tax Rate For Calcs": NaN,
        "Normalized EBITDA": NaN,
        "Total Unusual Items": NaN,
        "Total Unusual Items Excluding Goodwill": NaN,
        "Net Income From Continuing Operation Net Minority Interest": NaN,
        "Reconciled Depreciation": NaN,
        "Reconciled Cost Of Revenue": NaN,
        "EBITDA": NaN,
        "EBIT": NaN,
        "Net Interest Income": NaN,
        "Interest Expense": NaN,
        "Normalized Income": NaN,
        "Net Income From Continuing And Discontinued Operation": NaN,
        "Total Expenses": NaN,
        "Total Operating Income As Reported": NaN,
        "Diluted Average Shares": NaN,
        "Basic Average Shares": NaN,
        "Diluted EPS": NaN,
        "Basic EPS": NaN,
        "Diluted NI Availto Com Stockholders": NaN,
        "Net Income Common Stockholders": NaN,
        "Net Income": NaN,
        "Minority Interests": 0.0,
        "Net Income Including Noncontrolling Interests": NaN,
        "Net Income Discontinuous Operations": 0.0,
        "Net Income Continuous Operations": NaN,
        "Tax Provision": NaN,
        "Pretax Income": NaN,
        "Other Income Expense": NaN,
        "Other Non Operating Income Expenses": NaN,
        "Special Income Charges": NaN,
        "Gain On Sale Of Ppe": NaN,
        "Net Non Operating Interest Income Expense": NaN,
        "Interest Expense Non Operating": NaN,
        "Operating Income": NaN,
        "Operating Expense": NaN,
        "Other Taxes": NaN,
        "Depreciation Amortization Depletion Income Statement": NaN,
        "Depreciation And Amortization In Income Statement": NaN,
        "Gross Profit": NaN,
        "Cost Of Revenue": NaN,
        "Total Revenue": NaN,
        "Operating Revenue": NaN
    },
    "2023-12-31": {
        "Tax Effect Of Unusual Items": NaN,
        "Tax Rate For Calcs": NaN,
        "Normalized EBITDA": NaN,
        "Total Unusual Items": NaN,
        "Total Unusual Items Excluding Goodwill": NaN,
        "Net Income From Continuing Operation Net Minority Interest": NaN,
        "Reconciled Depreciation": NaN,
        "Reconciled Cost Of Revenue": NaN,
        "EBITDA": NaN,
        "EBIT": NaN,
        "Net Interest Income": NaN,
        "Interest Expense": NaN,
        "Normalized Income": NaN,
        "Net Income From Continuing And Discontinued Operation": NaN,
        "Total Expenses": NaN,
        "Total Operating Income As Reported": NaN,
        "Diluted Average Shares": NaN,
        "Basic Average Shares": NaN,
        "Diluted EPS": NaN,
        "Basic EPS": NaN,
        "Diluted NI Availto Com Stockholders": NaN,
        "Net Income Common Stockholders": NaN,
        "Net Income": NaN,
        "Minority Interests": 0.0,
        "Net Income Including Noncontrolling Interests": NaN,
        "Net Income Discontinuous Operations": 0.0,
        "Net Income Continuous Operations": NaN,
        "Tax Provision": NaN,
        "Pretax Income": NaN,
        "Other Income Expense": NaN,
        "Other Non Operating Income Expenses": NaN,
        "Special Income Charges": NaN,
        "Gain On Sale Of Ppe": NaN,
        "Net Non Operating Interest Income Expense": NaN,
        "Interest Expense Non Operating": NaN,
        "Operating Income": NaN,
        "Operating Expense": NaN,
        "Other Taxes": NaN,
        "Depreciation Amortization Depletion Income Statement": NaN,
        "Depreciation And Amortization In Income Statement": NaN,
        "Gross Profit": NaN,
        "Cost Of Revenue": NaN,
        "Total Revenue": NaN,
        "Operating Revenue": NaN
    },
    "2024-03-31": {
        "Tax Effect Of Unusual Items": NaN,
        "Tax Rate For Calcs": NaN,
        "Normalized EBITDA": NaN,
        "Total Unusual Items": NaN,
        "Total Unusual Items Excluding Goodwill": NaN,
        "Net Income From Continuing Operation Net Minority Interest": NaN,
        "Reconciled Depreciation": NaN,
        "Reconciled Cost Of Revenue": NaN,
        "EBITDA": NaN,
        "EBIT": NaN,
        "Net Interest Income": NaN,
        "Interest Expense": NaN,
        "Normalized Income": NaN,
        "Net Income From Continuing And Discontinued Operation": NaN,
        "Total Expenses": NaN,
        "Total Operating Income As Reported": NaN,
        "Diluted Average Shares": 1000025124.0,
        "Basic Average Shares": 1000025124.0,
        "Diluted EPS": 0.657983,
        "Basic EPS": 0.657983,
        "Diluted NI Availto Com Stockholders": NaN,
        "Net Income Common Stockholders": NaN,
        "Net Income": NaN,
        "Minority Interests": NaN,
        "Net Income Including Noncontrolling Interests": NaN,
        "Net Income Discontinuous Operations": NaN,
        "Net Income Continuous Operations": NaN,
        "Tax Provision": NaN,
        "Pretax Income": NaN,
        "Other Income Expense": NaN,
        "Other Non Operating Income Expenses": NaN,
        "Special Income Charges": NaN,
        "Gain On Sale Of Ppe": NaN,
        "Net Non Operating Interest Income Expense": NaN,
        "Interest Expense Non Operating": NaN,
        "Operating Income": NaN,
        "Operating Expense": NaN,
        "Other Taxes": NaN,
        "Depreciation Amortization Depletion Income Statement": NaN,
        "Depreciation And Amortization In Income Statement": NaN,
        "Gross Profit": NaN,
        "Cost Of Revenue": NaN,
        "Total Revenue": NaN,
        "Operating Revenue": NaN
    },
    "2024-06-30": {
        "Tax Effect Of Unusual Items": 651000.0,
        "Tax Rate For Calcs": 0.093,
        "Normalized EBITDA": 1864000000.0,
        "Total Unusual Items": 7000000.0,
        "Total Unusual Items Excluding Goodwill": 7000000.0,
        "Net Income From Continuing Operation Net Minority Interest": 448000000.0,
        "Reconciled Depreciation": 560000000.0,
        "Reconciled Cost Of Revenue": 3535000000.0,
        "EBITDA": 1871000000.0,
        "EBIT": 977000000.0,
        "Net Interest Income": -483000000.0,
        "Interest Expense": 483000000.0,
        "Normalized Income": 441651000.0,
        "Net Income From Continuing And Discontinued Operation": 448000000.0,
        "Total Expenses": 4455000000.0,
        "Total Operating Income As Reported": 913000000.0,
        "Diluted Average Shares": 995555556.0,
        "Basic Average Shares": 995555556.0,
        "Diluted EPS": 0.45,
        "Basic EPS": 0.45,
        "Diluted NI Availto Com Stockholders": 448000000.0,
        "Net Income Common Stockholders": 448000000.0,
        "Net Income": 448000000.0,
        "Net Income Including Noncontrolling Interests": 448000000.0,
        "Net Income Continuous Operations": 448000000.0,
        "Tax Provision": 46000000.0,
        "Pretax Income": 494000000.0,
        "Other Income Expense": 71000000.0,
        "Other Non Operating Income Expenses": 64000000.0,
        "Special Income Charges": 7000000.0,
        "Gain On Sale Of Ppe": 7000000.0,
        "Net Non Operating Interest Income Expense": -483000000.0,
        "Interest Expense Non Operating": 483000000.0,
        "Operating Income": 906000000.0,
        "Operating Expense": 1254000000.0,
        "Other Taxes": 360000000.0,
        "Depreciation Amortization Depletion Income Statement": 894000000.0,
        "Depreciation And Amortization In Income Statement": 894000000.0,
        "Gross Profit": 2160000000.0,
        "Cost Of Revenue": 3201000000.0,
        "Total Revenue": 5361000000.0,
        "Operating Revenue": 5361000000.0
    },
    "2024-09-30": {
        "Tax Effect Of Unusual Items": 198150.594452,
        "Tax Rate For Calcs": 0.06605,
        "Normalized EBITDA": 2158000000.0,
        "Total Unusual Items": 3000000.0,
        "Total Unusual Items Excluding Goodwill": 3000000.0,
        "Net Income From Continuing Operation Net Minority Interest": 707000000.0,
        "Reconciled Depreciation": 734000000.0,
        "Reconciled Cost Of Revenue": 3832000000.0,
        "EBITDA": 2161000000.0,
        "EBIT": 1253000000.0,
        "Net Interest Income": -496000000.0,
        "Interest Expense": 496000000.0,
        "Normalized Income": 704198150.594452,
        "Net Income From Continuing And Discontinued Operation": 707000000.0,
        "Total Expenses": 4961000000.0,
        "Total Operating Income As Reported": 1196000000.0,
        "Diluted Average Shares": 1010000000.0,
        "Basic Average Shares": 1004833655.0,
        "Diluted EPS": 0.7,
        "Basic EPS": 0.703599,
        "Diluted NI Availto Com Stockholders": 707000000.0,
        "Net Income Common Stockholders": 707000000.0,
        "Net Income": 707000000.0,
        "Net Income Including Noncontrolling Interests": 707000000.0,
        "Net Income Continuous Operations": 707000000.0,
        "Tax Provision": 50000000.0,
        "Pretax Income": 757000000.0,
        "Other Income Expense": 60000000.0,
        "Other Non Operating Income Expenses": 57000000.0,
        "Special Income Charges": 3000000.0,
        "Gain On Sale Of Ppe": 3000000.0,
        "Net Non Operating Interest Income Expense": -496000000.0,
        "Interest Expense Non Operating": 496000000.0,
        "Operating Income": 1193000000.0,
        "Operating Expense": 1303000000.0,
        "Other Taxes": 395000000.0,
        "Depreciation Amortization Depletion Income Statement": 908000000.0,
        "Depreciation And Amortization In Income Statement": 908000000.0,
        "Gross Profit": 2496000000.0,
        "Cost Of Revenue": 3658000000.0,
        "Total Revenue": 6154000000.0,
        "Operating Revenue": 6154000000.0
    },
    "2024-12-31": {
        "Tax Effect Of Unusual Items": 0.0,
        "Tax Rate For Calcs": 0.070402,
        "Normalized EBITDA": 2077000000.0,
        "Total Unusual Items": 0.0,
        "Total Unusual Items Excluding Goodwill": 0.0,
        "Net Income From Continuing Operation Net Minority Interest": 647000000.0,
        "Reconciled Depreciation": 744000000.0,
        "Reconciled Cost Of Revenue": 3252000000.0,
        "EBITDA": 2077000000.0,
        "EBIT": 1164000000.0,
        "Net Interest Income": -468000000.0,
        "Interest Expense": 468000000.0,
        "Normalized Income": 647000000.0,
        "Net Income From Continuing And Discontinued Operation": 647000000.0,
        "Total Expenses": 4373000000.0,
        "Total Operating Income As Reported": 1098000000.0,
        "Diluted Average Shares": 1010937500.0,
        "Basic Average Shares": 1005046000.0,
        "Diluted EPS": 0.64,
        "Basic EPS": 0.643752,
        "Diluted NI Availto Com Stockholders": 647000000.0,
        "Net Income Common Stockholders": 647000000.0,
        "Net Income": 647000000.0,
        "Net Income Including Noncontrolling Interests": 647000000.0,
        "Net Income Continuous Operations": 647000000.0,
        "Tax Provision": 49000000.0,
        "Pretax Income": 696000000.0,
        "Other Income Expense": 66000000.0,
        "Other Non Operating Income Expenses": 66000000.0,
        "Special Income Charges": 0.0,
        "Gain On Sale Of Ppe": 0.0,
        "Net Non Operating Interest Income Expense": -468000000.0,
        "Interest Expense Non Operating": 468000000.0,
        "Operating Income": 1098000000.0,
        "Operating Expense": 1290000000.0,
        "Other Taxes": 377000000.0,
        "Depreciation Amortization Depletion Income Statement": 913000000.0,
        "Depreciation And Amortization In Income Statement": 913000000.0,
        "Gross Profit": 2388000000.0,
        "Cost Of Revenue": 3083000000.0,
        "Total Revenue": 5471000000.0,
        "Operating Revenue": 5471000000.0
    },
    "2025-03-31": {
        "Tax Effect Of Unusual Items": -157699.443414,
        "Tax Rate For Calcs": 0.157699,
        "Normalized EBITDA": 2494000000.0,
        "Total Unusual Items": -1000000.0,
        "Total Unusual Items Excluding Goodwill": -1000000.0,
        "Net Income From Continuing Operation Net Minority Interest": 908000000.0,
        "Reconciled Depreciation": 905000000.0,
        "Reconciled Cost Of Revenue": 3867000000.0,
        "EBITDA": 2493000000.0,
        "EBIT": 1588000000.0,
        "Net Interest Income": -510000000.0,
        "Interest Expense": 510000000.0,
        "Normalized Income": 908842300.556586,
        "Net Income From Continuing And Discontinued Operation": 908000000.0,
        "Total Expenses": 5177000000.0,
        "Total Operating Income As Reported": 1536000000.0,
        "Diluted Average Shares": 1009535664.0,
        "Basic Average Shares": 1009535664.0,
        "Diluted EPS": 0.899423,
        "Basic EPS": 0.899423,
        "Diluted NI Availto Com Stockholders": 908000000.0,
        "Net Income Common Stockholders": 908000000.0,
        "Net Income": 908000000.0,
        "Net Income Including Noncontrolling Interests": 908000000.0,
        "Net Income Continuous Operations": 908000000.0,
        "Tax Provision": 170000000.0,
        "Pretax Income": 1078000000.0,
        "Other Income Expense": 51000000.0,
        "Other Non Operating Income Expenses": 52000000.0,
        "Special Income Charges": -1000000.0,
        "Gain On Sale Of Ppe": -1000000.0,
        "Net Non Operating Interest Income Expense": -510000000.0,
        "Interest Expense Non Operating": 510000000.0,
        "Operating Income": 1537000000.0,
        "Operating Expense": 1308000000.0,
        "Other Taxes": 405000000.0,
        "Depreciation Amortization Depletion Income Statement": 903000000.0,
        "Depreciation And Amortization In Income Statement": 903000000.0,
        "Gross Profit": 2845000000.0,
        "Cost Of Revenue": 3869000000.0,
        "Total Revenue": 6714000000.0,
        "Operating Revenue": 6714000000.0
    },
    "2025-06-30": {
        "Tax Effect Of Unusual Items": 304000.0,
        "Tax Rate For Calcs": 0.152,
        "Normalized EBITDA": 1892000000.0,
        "Total Unusual Items": 2000000.0,
        "Total Unusual Items Excluding Goodwill": 2000000.0,
        "Net Income From Continuing Operation Net Minority Interest": 391000000.0,
        "Reconciled Depreciation": 604000000.0,
        "Reconciled Cost Of Revenue": 3515000000.0,
        "EBITDA": 1894000000.0,
        "EBIT": 992000000.0,
        "Net Interest Income": -531000000.0,
        "Interest Expense": 531000000.0,
        "Normalized Income": 389304000.0,
        "Net Income From Continuing And Discontinued Operation": 391000000.0,
        "Total Expenses": 4502000000.0,
        "Total Operating Income As Reported": 927000000.0,
        "Diluted Average Shares": 1002564103.0,
        "Basic Average Shares": 1002564103.0,
        "Diluted EPS": 0.39,
        "Basic EPS": 0.39,
        "Diluted NI Availto Com Stockholders": 391000000.0,
        "Net Income Common Stockholders": 391000000.0,
        "Net Income": 391000000.0,
        "Net Income Including Noncontrolling Interests": 391000000.0,
        "Net Income Continuous Operations": 391000000.0,
        "Tax Provision": 70000000.0,
        "Pretax Income": 461000000.0,
        "Other Income Expense": 67000000.0,
        "Other Non Operating Income Expenses": 65000000.0,
        "Special Income Charges": 2000000.0,
        "Gain On Sale Of Ppe": 2000000.0,
        "Net Non Operating Interest Income Expense": -531000000.0,
        "Interest Expense Non Operating": 531000000.0,
        "Operating Income": 925000000.0,
        "Operating Expense": 1285000000.0,
        "Other Taxes": 383000000.0,
        "Depreciation Amortization Depletion Income Statement": 902000000.0,
        "Depreciation And Amortization In Income Statement": 902000000.0,
        "Gross Profit": 2210000000.0,
        "Cost Of Revenue": 3217000000.0,
        "Total Revenue": 5427000000.0,
        "Operating Revenue": 5427000000.0
    }
}