{
    "2024-06-30": {
        "Tax Effect Of Unusual Items": NaN,
        "Tax Rate For Calcs": NaN,
        "Normalized EBITDA": NaN,
        "Total Unusual Items": NaN,
        "Total Unusual Items Excluding Goodwill": NaN,
        "Net Income From Continuing Operation Net Minority Interest": NaN,
        "Reconciled Depreciation": NaN,
        "Reconciled Cost Of Revenue": NaN,
        "EBITDA": NaN,
        "EBIT": NaN,
        "Net Interest Income": NaN,
        "Interest Expense": NaN,
        "Interest Income": 3000000.0,
        "Normalized Income": NaN,
        "Net Income From Continuing And Discontinued Operation": NaN,
        "Total Expenses": NaN,
        "Total Operating Income As Reported": NaN,
        "Diluted Average Shares": NaN,
        "Basic Average Shares": NaN,
        "Diluted EPS": NaN,
        "Basic EPS": NaN,
        "Diluted NI Availto Com Stockholders": NaN,
        "Net Income Common Stockholders": NaN,
        "Net Income": NaN,
        "Net Income Including Noncontrolling Interests": NaN,
        "Net Income Continuous Operations": NaN,
        "Tax Provision": NaN,
        "Pretax Income": NaN,
        "Other Income Expense": NaN,
        "Other Non Operating Income Expenses": NaN,
        "Special Income Charges": NaN,
        "Gain On Sale Of Ppe": NaN,
        "Other Special Charges": 2000000.0,
        "Restructuring And Mergern Acquisition": NaN,
        "Net Non Operating Interest Income Expense": NaN,
        "Interest Expense Non Operating": NaN,
        "Interest Income Non Operating": 3000000.0,
        "Operating Income": NaN,
        "Operating Expense": NaN,
        "Other Operating Expenses": NaN,
        "Selling General And Administration": NaN,
        "Selling And Marketing Expense": NaN,
        "General And Administrative Expense": NaN,
        "Other Gand A": NaN,
        "Gross Profit": NaN,
        "Cost Of Revenue": NaN,
        "Total Revenue": NaN,
        "Operating Revenue": NaN
    },
    "2024-03-31": {
        "Tax Effect Of Unusual Items": NaN,
        "Tax Rate For Calcs": NaN,
        "Normalized EBITDA": NaN,
        "Total Unusual Items": NaN,
        "Total Unusual Items Excluding Goodwill": NaN,
        "Net Income From Continuing Operation Net Minority Interest": NaN,
        "Reconciled Depreciation": NaN,
        "Reconciled Cost Of Revenue": NaN,
        "EBITDA": NaN,
        "EBIT": NaN,
        "Net Interest Income": NaN,
        "Interest Expense": NaN,
        "Interest Income": 2000000.0,
        "Normalized Income": NaN,
        "Net Income From Continuing And Discontinued Operation": NaN,
        "Total Expenses": NaN,
        "Total Operating Income As Reported": NaN,
        "Diluted Average Shares": NaN,
        "Basic Average Shares": NaN,
        "Diluted EPS": NaN,
        "Basic EPS": NaN,
        "Diluted NI Availto Com Stockholders": NaN,
        "Net Income Common Stockholders": NaN,
        "Net Income": NaN,
        "Net Income Including Noncontrolling Interests": NaN,
        "Net Income Continuous Operations": NaN,
        "Tax Provision": NaN,
        "Pretax Income": NaN,
        "Other Income Expense": NaN,
        "Other Non Operating Income Expenses": NaN,
        "Special Income Charges": NaN,
        "Gain On Sale Of Ppe": NaN,
        "Other Special Charges": NaN,
        "Restructuring And Mergern Acquisition": NaN,
        "Net Non Operating Interest Income Expense": NaN,
        "Interest Expense Non Operating": NaN,
        "Interest Income Non Operating": 2000000.0,
        "Operating Income": NaN,
        "Operating Expense": NaN,
        "Other Operating Expenses": NaN,
        "Selling General And Administration": NaN,
        "Selling And Marketing Expense": 323000000.0,
        "General And Administrative Expense": NaN,
        "Other Gand A": NaN,
        "Gross Profit": NaN,
        "Cost Of Revenue": NaN,
        "Total Revenue": NaN,
        "Operating Revenue": NaN
    },
    "2023-12-31": {
        "Tax Effect Of Unusual Items": NaN,
        "Tax Rate For Calcs": NaN,
        "Normalized EBITDA": NaN,
        "Total Unusual Items": NaN,
        "Total Unusual Items Excluding Goodwill": NaN,
        "Net Income From Continuing Operation Net Minority Interest": NaN,
        "Reconciled Depreciation": NaN,
        "Reconciled Cost Of Revenue": NaN,
        "EBITDA": NaN,
        "EBIT": NaN,
        "Net Interest Income": NaN,
        "Interest Expense": NaN,
        "Interest Income": NaN,
        "Normalized Income": NaN,
        "Net Income From Continuing And Discontinued Operation": NaN,
        "Total Expenses": NaN,
        "Total Operating Income As Reported": NaN,
        "Diluted Average Shares": NaN,
        "Basic Average Shares": NaN,
        "Diluted EPS": NaN,
        "Basic EPS": NaN,
        "Diluted NI Availto Com Stockholders": NaN,
        "Net Income Common Stockholders": NaN,
        "Net Income": NaN,
        "Net Income Including Noncontrolling Interests": NaN,
        "Net Income Continuous Operations": NaN,
        "Tax Provision": NaN,
        "Pretax Income": NaN,
        "Other Income Expense": NaN,
        "Other Non Operating Income Expenses": NaN,
        "Special Income Charges": NaN,
        "Gain On Sale Of Ppe": NaN,
        "Other Special Charges": NaN,
        "Restructuring And Mergern Acquisition": NaN,
        "Net Non Operating Interest Income Expense": NaN,
        "Interest Expense Non Operating": NaN,
        "Interest Income Non Operating": NaN,
        "Operating Income": NaN,
        "Operating Expense": NaN,
        "Other Operating Expenses": NaN,
        "Selling General And Administration": NaN,
        "Selling And Marketing Expense": 514000000.0,
        "General And Administrative Expense": NaN,
        "Other Gand A": NaN,
        "Gross Profit": NaN,
        "Cost Of Revenue": NaN,
        "Total Revenue": NaN,
        "Operating Revenue": NaN
    },
    "2023-09-30": {
        "Tax Effect Of Unusual Items": NaN,
        "Tax Rate For Calcs": NaN,
        "Normalized EBITDA": NaN,
        "Total Unusual Items": NaN,
        "Total Unusual Items Excluding Goodwill": NaN,
        "Net Income From Continuing Operation Net Minority Interest": NaN,
        "Reconciled Depreciation": NaN,
        "Reconciled Cost Of Revenue": NaN,
        "EBITDA": NaN,
        "EBIT": NaN,
        "Net Interest Income": NaN,
        "Interest Expense": NaN,
        "Interest Income": NaN,
        "Normalized Income": NaN,
        "Net Income From Continuing And Discontinued Operation": NaN,
        "Total Expenses": NaN,
        "Total Operating Income As Reported": NaN,
        "Diluted Average Shares": NaN,
        "Basic Average Shares": NaN,
        "Diluted EPS": NaN,
        "Basic EPS": NaN,
        "Diluted NI Availto Com Stockholders": NaN,
        "Net Income Common Stockholders": NaN,
        "Net Income": NaN,
        "Net Income Including Noncontrolling Interests": NaN,
        "Net Income Continuous Operations": NaN,
        "Tax Provision": NaN,
        "Pretax Income": NaN,
        "Other Income Expense": NaN,
        "Other Non Operating Income Expenses": NaN,
        "Special Income Charges": NaN,
        "Gain On Sale Of Ppe": NaN,
        "Other Special Charges": NaN,
        "Restructuring And Mergern Acquisition": NaN,
        "Net Non Operating Interest Income Expense": NaN,
        "Interest Expense Non Operating": NaN,
        "Interest Income Non Operating": NaN,
        "Operating Income": NaN,
        "Operating Expense": NaN,
        "Other Operating Expenses": NaN,
        "Selling General And Administration": NaN,
        "Selling And Marketing Expense": 723000000.0,
        "General And Administrative Expense": NaN,
        "Other Gand A": NaN,
        "Gross Profit": NaN,
        "Cost Of Revenue": NaN,
        "Total Revenue": NaN,
        "Operating Revenue": NaN
    },
    "2023-06-30": {
        "Tax Effect Of Unusual Items": 114986486.486486,
        "Tax Rate For Calcs": 0.245174,
        "Normalized EBITDA": 450000000.0,
        "Total Unusual Items": 469000000.0,
        "Total Unusual Items Excluding Goodwill": 469000000.0,
        "Net Income From Continuing Operation Net Minority Interest": 391000000.0,
        "Reconciled Depreciation": 376000000.0,
        "Reconciled Cost Of Revenue": 1323000000.0,
        "EBITDA": 919000000.0,
        "EBIT": 543000000.0,
        "Net Interest Income": -22000000.0,
        "Interest Expense": 25000000.0,
        "Interest Income": 3000000.0,
        "Normalized Income": 36986486.486486,
        "Net Income From Continuing And Discontinued Operation": 391000000.0,
        "Total Expenses": 1371000000.0,
        "Total Operating Income As Reported": 517000000.0,
        "Diluted Average Shares": 143267000.0,
        "Basic Average Shares": 133514000.0,
        "Diluted EPS": 2.73,
        "Basic EPS": 2.93,
        "Diluted NI Availto Com Stockholders": 391000000.0,
        "Net Income Common Stockholders": 391000000.0,
        "Net Income": 391000000.0,
        "Net Income Including Noncontrolling Interests": 391000000.0,
        "Net Income Continuous Operations": 391000000.0,
        "Tax Provision": 127000000.0,
        "Pretax Income": 518000000.0,
        "Other Income Expense": 492000000.0,
        "Other Non Operating Income Expenses": 23000000.0,
        "Special Income Charges": 469000000.0,
        "Gain On Sale Of Ppe": 472000000.0,
        "Other Special Charges": NaN,
        "Restructuring And Mergern Acquisition": 3000000.0,
        "Net Non Operating Interest Income Expense": -22000000.0,
        "Interest Expense Non Operating": 25000000.0,
        "Interest Income Non Operating": 3000000.0,
        "Operating Income": 48000000.0,
        "Operating Expense": 48000000.0,
        "Other Operating Expenses": 17000000.0,
        "Selling General And Administration": 31000000.0,
        "Selling And Marketing Expense": NaN,
        "General And Administrative Expense": 31000000.0,
        "Other Gand A": 31000000.0,
        "Gross Profit": 96000000.0,
        "Cost Of Revenue": 1323000000.0,
        "Total Revenue": 1419000000.0,
        "Operating Revenue": 1419000000.0
    },
    "2023-03-31": {
        "Tax Effect Of Unusual Items": NaN,
        "Tax Rate For Calcs": NaN,
        "Normalized EBITDA": NaN,
        "Total Unusual Items": NaN,
        "Total Unusual Items Excluding Goodwill": NaN,
        "Net Income From Continuing Operation Net Minority Interest": NaN,
        "Reconciled Depreciation": NaN,
        "Reconciled Cost Of Revenue": NaN,
        "EBITDA": NaN,
        "EBIT": NaN,
        "Net Interest Income": NaN,
        "Interest Expense": NaN,
        "Interest Income": NaN,
        "Normalized Income": NaN,
        "Net Income From Continuing And Discontinued Operation": NaN,
        "Total Expenses": NaN,
        "Total Operating Income As Reported": NaN,
        "Diluted Average Shares": NaN,
        "Basic Average Shares": NaN,
        "Diluted EPS": NaN,
        "Basic EPS": NaN,
        "Diluted NI Availto Com Stockholders": NaN,
        "Net Income Common Stockholders": NaN,
        "Net Income": NaN,
        "Net Income Including Noncontrolling Interests": NaN,
        "Net Income Continuous Operations": NaN,
        "Tax Provision": NaN,
        "Pretax Income": NaN,
        "Other Income Expense": NaN,
        "Other Non Operating Income Expenses": NaN,
        "Special Income Charges": NaN,
        "Gain On Sale Of Ppe": NaN,
        "Other Special Charges": NaN,
        "Restructuring And Mergern Acquisition": NaN,
        "Net Non Operating Interest Income Expense": NaN,
        "Interest Expense Non Operating": NaN,
        "Interest Income Non Operating": NaN,
        "Operating Income": NaN,
        "Operating Expense": NaN,
        "Other Operating Expenses": NaN,
        "Selling General And Administration": NaN,
        "Selling And Marketing Expense": 651000000.0,
        "General And Administrative Expense": NaN,
        "Other Gand A": NaN,
        "Gross Profit": NaN,
        "Cost Of Revenue": NaN,
        "Total Revenue": NaN,
        "Operating Revenue": NaN
    },
    "2024-09-30": {
        "Tax Effect Of Unusual Items": -2506329.113924,
        "Tax Rate For Calcs": 0.278481,
        "Normalized EBITDA": 209000000.0,
        "Total Unusual Items": -9000000.0,
        "Total Unusual Items Excluding Goodwill": -9000000.0,
        "Net Income From Continuing Operation Net Minority Interest": -114000000.0,
        "Reconciled Depreciation": 335000000.0,
        "Reconciled Cost Of Revenue": 537000000.0,
        "EBITDA": 200000000.0,
        "EBIT": -135000000.0,
        "Net Interest Income": -20000000.0,
        "Interest Expense": 23000000.0,
        "Interest Income": 3000000.0,
        "Normalized Income": -107506329.113924,
        "Net Income From Continuing And Discontinued Operation": -114000000.0,
        "Total Expenses": 792000000.0,
        "Total Operating Income As Reported": -155000000.0,
        "Diluted Average Shares": 133794000.0,
        "Basic Average Shares": 133794000.0,
        "Diluted EPS": -0.85,
        "Basic EPS": -0.85,
        "Diluted NI Availto Com Stockholders": -114000000.0,
        "Net Income Common Stockholders": -114000000.0,
        "Net Income": -114000000.0,
        "Net Income Including Noncontrolling Interests": -114000000.0,
        "Net Income Continuous Operations": -114000000.0,
        "Tax Provision": -44000000.0,
        "Pretax Income": -158000000.0,
        "Other Income Expense": 8000000.0,
        "Other Non Operating Income Expenses": 17000000.0,
        "Special Income Charges": -9000000.0,
        "Gain On Sale Of Ppe": 2000000.0,
        "Other Special Charges": NaN,
        "Restructuring And Mergern Acquisition": 11000000.0,
        "Net Non Operating Interest Income Expense": -20000000.0,
        "Interest Expense Non Operating": 23000000.0,
        "Interest Income Non Operating": 3000000.0,
        "Operating Income": -146000000.0,
        "Operating Expense": 255000000.0,
        "Other Operating Expenses": 24000000.0,
        "Selling General And Administration": 231000000.0,
        "Selling And Marketing Expense": 192000000.0,
        "General And Administrative Expense": 39000000.0,
        "Other Gand A": 39000000.0,
        "Gross Profit": 109000000.0,
        "Cost Of Revenue": 537000000.0,
        "Total Revenue": 646000000.0,
        "Operating Revenue": 646000000.0
    },
    "2024-12-31": {
        "Tax Effect Of Unusual Items": -1881235.154394,
        "Tax Rate For Calcs": 0.052257,
        "Normalized EBITDA": 325000000.0,
        "Total Unusual Items": -36000000.0,
        "Total Unusual Items Excluding Goodwill": -36000000.0,
        "Net Income From Continuing Operation Net Minority Interest": -399000000.0,
        "Reconciled Depreciation": 647000000.0,
        "Reconciled Cost Of Revenue": 1361000000.0,
        "EBITDA": 289000000.0,
        "EBIT": -358000000.0,
        "Net Interest Income": -64000000.0,
        "Interest Expense": 63000000.0,
        "Interest Income": -1000000.0,
        "Normalized Income": -364881235.154394,
        "Net Income From Continuing And Discontinued Operation": -399000000.0,
        "Total Expenses": 2348000000.0,
        "Total Operating Income As Reported": -386000000.0,
        "Diluted Average Shares": 231539000.0,
        "Basic Average Shares": 231539000.0,
        "Diluted EPS": -1.72,
        "Basic EPS": -1.72,
        "Diluted NI Availto Com Stockholders": -399000000.0,
        "Net Income Common Stockholders": -399000000.0,
        "Net Income": -399000000.0,
        "Net Income Including Noncontrolling Interests": -399000000.0,
        "Net Income Continuous Operations": -399000000.0,
        "Tax Provision": -22000000.0,
        "Pretax Income": -421000000.0,
        "Other Income Expense": -8000000.0,
        "Other Non Operating Income Expenses": 28000000.0,
        "Special Income Charges": -36000000.0,
        "Gain On Sale Of Ppe": 2000000.0,
        "Other Special Charges": -1000000.0,
        "Restructuring And Mergern Acquisition": 39000000.0,
        "Net Non Operating Interest Income Expense": -64000000.0,
        "Interest Expense Non Operating": 63000000.0,
        "Interest Income Non Operating": -1000000.0,
        "Operating Income": -349000000.0,
        "Operating Expense": 987000000.0,
        "Other Operating Expenses": 280000000.0,
        "Selling General And Administration": 707000000.0,
        "Selling And Marketing Expense": 654000000.0,
        "General And Administrative Expense": 53000000.0,
        "Other Gand A": 53000000.0,
        "Gross Profit": 638000000.0,
        "Cost Of Revenue": 1361000000.0,
        "Total Revenue": 1999000000.0,
        "Operating Revenue": 1999000000.0
    },
    "2025-03-31": {
        "Tax Effect Of Unusual Items": -10512000.0,
        "Tax Rate For Calcs": 0.219,
        "Normalized EBITDA": 499000000.0,
        "Total Unusual Items": -48000000.0,
        "Total Unusual Items Excluding Goodwill": -48000000.0,
        "Net Income From Continuing Operation Net Minority Interest": -249000000.0,
        "Reconciled Depreciation": 711000000.0,
        "Reconciled Cost Of Revenue": 1421000000.0,
        "EBITDA": 451000000.0,
        "EBIT": -260000000.0,
        "Net Interest Income": -59000000.0,
        "Interest Expense": 59000000.0,
        "Interest Income": 0.0,
        "Normalized Income": -211512000.0,
        "Net Income From Continuing And Discontinued Operation": -249000000.0,
        "Total Expenses": 2416000000.0,
        "Total Operating Income As Reported": -268000000.0,
        "Diluted Average Shares": 234434000.0,
        "Basic Average Shares": 234434000.0,
        "Diluted EPS": -1.06,
        "Basic EPS": -1.06,
        "Diluted NI Availto Com Stockholders": -249000000.0,
        "Net Income Common Stockholders": -249000000.0,
        "Net Income": -249000000.0,
        "Net Income Including Noncontrolling Interests": -249000000.0,
        "Net Income Continuous Operations": -249000000.0,
        "Tax Provision": -70000000.0,
        "Pretax Income": -319000000.0,
        "Other Income Expense": -40000000.0,
        "Other Non Operating Income Expenses": 8000000.0,
        "Special Income Charges": -48000000.0,
        "Gain On Sale Of Ppe": 0.0,
        "Other Special Charges": NaN,
        "Restructuring And Mergern Acquisition": 48000000.0,
        "Net Non Operating Interest Income Expense": -59000000.0,
        "Interest Expense Non Operating": 59000000.0,
        "Interest Income Non Operating": 0.0,
        "Operating Income": -220000000.0,
        "Operating Expense": 995000000.0,
        "Other Operating Expenses": 29000000.0,
        "Selling General And Administration": 966000000.0,
        "Selling And Marketing Expense": 919000000.0,
        "General And Administrative Expense": 47000000.0,
        "Other Gand A": 47000000.0,
        "Gross Profit": 775000000.0,
        "Cost Of Revenue": 1421000000.0,
        "Total Revenue": 2196000000.0,
        "Operating Revenue": 2196000000.0
    },
    "2025-06-30": {
        "Tax Effect Of Unusual Items": -8892508.143322,
        "Tax Rate For Calcs": 0.211726,
        "Normalized EBITDA": 2099000000.0,
        "Total Unusual Items": -42000000.0,
        "Total Unusual Items Excluding Goodwill": -42000000.0,
        "Net Income From Continuing Operation Net Minority Interest": 968000000.0,
        "Reconciled Depreciation": 769000000.0,
        "Reconciled Cost Of Revenue": 2274000000.0,
        "EBITDA": 2057000000.0,
        "EBIT": 1288000000.0,
        "Net Interest Income": -60000000.0,
        "Interest Expense": 60000000.0,
        "Interest Income": NaN,
        "Normalized Income": 1001107491.856678,
        "Net Income From Continuing And Discontinued Operation": 968000000.0,
        "Total Expenses": 2372000000.0,
        "Total Operating Income As Reported": 1269000000.0,
        "Diluted Average Shares": 240560000.0,
        "Basic Average Shares": 237973000.0,
        "Diluted EPS": 4.02,
        "Basic EPS": 4.07,
        "Diluted NI Availto Com Stockholders": 968000000.0,
        "Net Income Common Stockholders": 968000000.0,
        "Net Income": 968000000.0,
        "Net Income Including Noncontrolling Interests": 968000000.0,
        "Net Income Continuous Operations": 968000000.0,
        "Tax Provision": 260000000.0,
        "Pretax Income": 1228000000.0,
        "Other Income Expense": -26000000.0,
        "Other Non Operating Income Expenses": 16000000.0,
        "Special Income Charges": -42000000.0,
        "Gain On Sale Of Ppe": 4000000.0,
        "Other Special Charges": -3000000.0,
        "Restructuring And Mergern Acquisition": 49000000.0,
        "Net Non Operating Interest Income Expense": -60000000.0,
        "Interest Expense Non Operating": 60000000.0,
        "Interest Income Non Operating": NaN,
        "Operating Income": 1314000000.0,
        "Operating Expense": 98000000.0,
        "Other Operating Expenses": 58000000.0,
        "Selling General And Administration": 40000000.0,
        "Selling And Marketing Expense": NaN,
        "General And Administrative Expense": 40000000.0,
        "Other Gand A": 40000000.0,
        "Gross Profit": 1412000000.0,
        "Cost Of Revenue": 2274000000.0,
        "Total Revenue": 3686000000.0,
        "Operating Revenue": 3686000000.0
    },
    "2025-09-30": {
        "Tax Effect Of Unusual Items": -10739067.055394,
        "Tax Rate For Calcs": 0.202624,
        "Normalized EBITDA": 1537000000.0,
        "Total Unusual Items": -53000000.0,
        "Total Unusual Items Excluding Goodwill": -53000000.0,
        "Net Income From Continuing Operation Net Minority Interest": 547000000.0,
        "Reconciled Depreciation": 741000000.0,
        "Reconciled Cost Of Revenue": 1518000000.0,
        "EBITDA": 1484000000.0,
        "EBIT": 743000000.0,
        "Net Interest Income": -57000000.0,
        "Interest Expense": 57000000.0,
        "Interest Income": NaN,
        "Normalized Income": 589260932.944606,
        "Net Income From Continuing And Discontinued Operation": 547000000.0,
        "Total Expenses": 2188000000.0,
        "Total Operating Income As Reported": 725000000.0,
        "Diluted Average Shares": 239893000.0,
        "Basic Average Shares": 238221000.0,
        "Diluted EPS": 2.28,
        "Basic EPS": 2.3,
        "Diluted NI Availto Com Stockholders": 547000000.0,
        "Net Income Common Stockholders": 547000000.0,
        "Net Income": 547000000.0,
        "Net Income Including Noncontrolling Interests": 547000000.0,
        "Net Income Continuous Operations": 547000000.0,
        "Tax Provision": 139000000.0,
        "Pretax Income": 686000000.0,
        "Other Income Expense": -36000000.0,
        "Other Non Operating Income Expenses": 17000000.0,
        "Special Income Charges": -53000000.0,
        "Gain On Sale Of Ppe": -1000000.0,
        "Other Special Charges": -1000000.0,
        "Restructuring And Mergern Acquisition": 53000000.0,
        "Net Non Operating Interest Income Expense": -57000000.0,
        "Interest Expense Non Operating": 57000000.0,
        "Interest Income Non Operating": NaN,
        "Operating Income": 779000000.0,
        "Operating Expense": 670000000.0,
        "Other Operating Expenses": -34000000.0,
        "Selling General And Administration": 704000000.0,
        "Selling And Marketing Expense": 659000000.0,
        "General And Administrative Expense": 45000000.0,
        "Other Gand A": 45000000.0,
        "Gross Profit": 1449000000.0,
        "Cost Of Revenue": 1518000000.0,
        "Total Revenue": 2967000000.0,
        "Operating Revenue": 2967000000.0
    }
}