{
    "2023-03-31": {
        "Tax Effect Of Unusual Items": NaN,
        "Tax Rate For Calcs": NaN,
        "Normalized EBITDA": NaN,
        "Net Income From Continuing Operation Net Minority Interest": NaN,
        "Reconciled Depreciation": NaN,
        "Reconciled Cost Of Revenue": NaN,
        "EBITDA": NaN,
        "EBIT": NaN,
        "Net Interest Income": NaN,
        "Interest Expense": 2645000.0,
        "Interest Income": NaN,
        "Normalized Income": NaN,
        "Net Income From Continuing And Discontinued Operation": NaN,
        "Total Expenses": NaN,
        "Rent Expense Supplemental": NaN,
        "Total Operating Income As Reported": NaN,
        "Diluted Average Shares": NaN,
        "Basic Average Shares": NaN,
        "Diluted EPS": NaN,
        "Basic EPS": NaN,
        "Diluted NI Availto Com Stockholders": NaN,
        "Average Dilution Earnings": NaN,
        "Net Income Common Stockholders": NaN,
        "Net Income": NaN,
        "Minority Interests": NaN,
        "Net Income Including Noncontrolling Interests": NaN,
        "Net Income Continuous Operations": NaN,
        "Tax Provision": NaN,
        "Pretax Income": NaN,
        "Other Income Expense": NaN,
        "Other Non Operating Income Expenses": NaN,
        "Net Non Operating Interest Income Expense": NaN,
        "Interest Expense Non Operating": 2645000.0,
        "Interest Income Non Operating": NaN,
        "Operating Income": NaN,
        "Operating Expense": NaN,
        "Other Operating Expenses": NaN,
        "Selling General And Administration": NaN,
        "Selling And Marketing Expense": NaN,
        "Gross Profit": NaN,
        "Cost Of Revenue": NaN,
        "Total Revenue": NaN,
        "Operating Revenue": NaN
    },
    "2022-12-31": {
        "Tax Effect Of Unusual Items": 0.0,
        "Tax Rate For Calcs": 0.331137,
        "Normalized EBITDA": 379425000.0,
        "Net Income From Continuing Operation Net Minority Interest": 219276000.0,
        "Reconciled Depreciation": 14922000.0,
        "Reconciled Cost Of Revenue": 3004662000.0,
        "EBITDA": 379425000.0,
        "EBIT": 364503000.0,
        "Net Interest Income": -10170000.0,
        "Interest Expense": NaN,
        "Interest Income": 13107000.0,
        "Normalized Income": 219276000.0,
        "Net Income From Continuing And Discontinued Operation": 219276000.0,
        "Total Expenses": 3111822000.0,
        "Rent Expense Supplemental": 54291000.0,
        "Total Operating Income As Reported": 329706000.0,
        "Diluted Average Shares": 158535000.0,
        "Basic Average Shares": 157269000.0,
        "Diluted EPS": 1.38,
        "Basic EPS": 1.39,
        "Diluted NI Availto Com Stockholders": 219276000.0,
        "Net Income Common Stockholders": 219276000.0,
        "Net Income": 219276000.0,
        "Minority Interests": 4539000.0,
        "Net Income Including Noncontrolling Interests": 214737000.0,
        "Net Income Continuous Operations": 214737000.0,
        "Tax Provision": 106311000.0,
        "Pretax Income": 321048000.0,
        "Other Income Expense": 1512000.0,
        "Other Non Operating Income Expenses": 1512000.0,
        "Net Non Operating Interest Income Expense": -10170000.0,
        "Interest Expense Non Operating": NaN,
        "Interest Income Non Operating": 13107000.0,
        "Operating Income": 329706000.0,
        "Operating Expense": 107160000.0,
        "Other Operating Expenses": 99041000.0,
        "Selling General And Administration": 8119000.0,
        "Selling And Marketing Expense": 8119000.0,
        "Gross Profit": 436866000.0,
        "Cost Of Revenue": 3004662000.0,
        "Total Revenue": 3441528000.0,
        "Operating Revenue": 3441528000.0
    },
    "2022-09-30": {
        "Tax Effect Of Unusual Items": NaN,
        "Tax Rate For Calcs": NaN,
        "Normalized EBITDA": NaN,
        "Net Income From Continuing Operation Net Minority Interest": NaN,
        "Reconciled Depreciation": NaN,
        "Reconciled Cost Of Revenue": NaN,
        "EBITDA": NaN,
        "EBIT": NaN,
        "Net Interest Income": NaN,
        "Interest Expense": 470000.0,
        "Interest Income": NaN,
        "Normalized Income": NaN,
        "Net Income From Continuing And Discontinued Operation": NaN,
        "Total Expenses": NaN,
        "Rent Expense Supplemental": NaN,
        "Total Operating Income As Reported": NaN,
        "Diluted Average Shares": NaN,
        "Basic Average Shares": NaN,
        "Diluted EPS": NaN,
        "Basic EPS": NaN,
        "Diluted NI Availto Com Stockholders": NaN,
        "Net Income Common Stockholders": NaN,
        "Net Income": NaN,
        "Minority Interests": NaN,
        "Net Income Including Noncontrolling Interests": NaN,
        "Net Income Continuous Operations": NaN,
        "Tax Provision": NaN,
        "Pretax Income": NaN,
        "Other Income Expense": NaN,
        "Other Non Operating Income Expenses": NaN,
        "Net Non Operating Interest Income Expense": NaN,
        "Interest Expense Non Operating": 470000.0,
        "Interest Income Non Operating": NaN,
        "Operating Income": NaN,
        "Operating Expense": NaN,
        "Other Operating Expenses": NaN,
        "Selling General And Administration": NaN,
        "Selling And Marketing Expense": NaN,
        "Gross Profit": NaN,
        "Cost Of Revenue": NaN,
        "Total Revenue": NaN,
        "Operating Revenue": NaN
    },
    "2022-06-30": {
        "Tax Effect Of Unusual Items": 0.0,
        "Tax Rate For Calcs": 0.248781,
        "Normalized EBITDA": 520236000.0,
        "Net Income From Continuing Operation Net Minority Interest": 377805000.0,
        "Reconciled Depreciation": 14254000.0,
        "Reconciled Cost Of Revenue": 4015022000.0,
        "EBITDA": 520236000.0,
        "EBIT": 505982000.0,
        "Net Interest Income": 2720000.0,
        "Interest Expense": NaN,
        "Interest Income": 2720000.0,
        "Normalized Income": 377805000.0,
        "Net Income From Continuing And Discontinued Operation": 377805000.0,
        "Total Expenses": 4097330000.0,
        "Rent Expense Supplemental": 51598000.0,
        "Total Operating Income As Reported": 505982000.0,
        "Diluted Average Shares": 166474000.0,
        "Basic Average Shares": 165092000.0,
        "Diluted EPS": 2.27,
        "Basic EPS": 2.29,
        "Diluted NI Availto Com Stockholders": 377805000.0,
        "Net Income Common Stockholders": 377805000.0,
        "Net Income": 377805000.0,
        "Minority Interests": -4421000.0,
        "Net Income Including Noncontrolling Interests": 382226000.0,
        "Net Income Continuous Operations": 382226000.0,
        "Tax Provision": 126582000.0,
        "Pretax Income": 508808000.0,
        "Other Income Expense": 106000.0,
        "Other Non Operating Income Expenses": 106000.0,
        "Net Non Operating Interest Income Expense": 2720000.0,
        "Interest Expense Non Operating": NaN,
        "Interest Income Non Operating": 2720000.0,
        "Operating Income": 505982000.0,
        "Operating Expense": 82308000.0,
        "Other Operating Expenses": 76421000.0,
        "Selling General And Administration": 5887000.0,
        "Selling And Marketing Expense": 5887000.0,
        "Gross Profit": 588290000.0,
        "Cost Of Revenue": 4015022000.0,
        "Total Revenue": 4603312000.0,
        "Operating Revenue": 4603312000.0
    },
    "2022-03-31": {
        "Diluted EPS": 2.05,
        "Total Revenue": NaN,
        "Gross Profit": NaN,
        "Operating Income": 462,
        "EBIT": 475,
        "Net Income": 346
    },
    "2021-12-31": {
        "Diluted EPS": 2.67,
        "Total Revenue": NaN,
        "Gross Profit": NaN,
        "Operating Income": 624,
        "EBIT": 636,
        "Net Income": 453
    },
    "2021-09-30": {
        "Diluted EPS": 2.09,
        "Total Revenue": NaN,
        "Gross Profit": NaN,
        "Operating Income": 490,
        "EBIT": 502,
        "Net Income": 359
    },
    "2021-06-30": {
        "Diluted EPS": 1.84,
        "Total Revenue": NaN,
        "Gross Profit": NaN,
        "Operating Income": 411,
        "EBIT": 423,
        "Net Income": 316
    },
    "2021-03-31": {
        "Diluted EPS": 1.67,
        "Total Revenue": NaN,
        "Gross Profit": 952,
        "Operating Income": 386,
        "EBIT": 399,
        "Net Income": 287
    },
    "2020-12-31": {
        "Diluted EPS": 1.15,
        "Total Revenue": NaN,
        "Gross Profit": 829,
        "Operating Income": 282,
        "EBIT": 296,
        "Net Income": 199
    },
    "2020-09-30": {
        "Diluted EPS": 1.12,
        "Total Revenue": NaN,
        "Gross Profit": 734,
        "Operating Income": 252,
        "EBIT": 268,
        "Net Income": 191
    },
    "2020-06-30": {
        "Diluted EPS": 1.09,
        "Total Revenue": NaN,
        "Gross Profit": 750,
        "Operating Income": 248,
        "EBIT": 262,
        "Net Income": 184
    },
    "2020-03-31": {
        "Diluted EPS": 0.71,
        "Total Revenue": NaN,
        "Gross Profit": 615,
        "Operating Income": 159,
        "EBIT": 172,
        "Net Income": 122
    },
    "2019-12-31": {
        "Diluted EPS": 0.79,
        "Total Revenue": NaN,
        "Gross Profit": 646,
        "Operating Income": 180,
        "EBIT": 193,
        "Net Income": 137
    },
    "2019-09-30": {
        "Diluted EPS": 0.92,
        "Total Revenue": NaN,
        "Gross Profit": 674,
        "Operating Income": 207,
        "EBIT": 219,
        "Net Income": 160
    },
    "2019-06-30": {
        "Diluted EPS": 0.88,
        "Total Revenue": NaN,
        "Gross Profit": 662,
        "Operating Income": 192,
        "EBIT": 205,
        "Net Income": 153
    },
    "2019-03-31": {
        "Diluted EPS": 0.8,
        "Total Revenue": NaN,
        "Gross Profit": 654,
        "Operating Income": 188,
        "EBIT": 201,
        "Net Income": 140
    },
    "2018-12-31": {
        "Diluted EPS": 1.01,
        "Total Revenue": NaN,
        "Gross Profit": 681,
        "Operating Income": 217,
        "EBIT": 230,
        "Net Income": 179
    },
    "2018-09-30": {
        "Diluted EPS": 0.92,
        "Total Revenue": NaN,
        "Gross Profit": 661,
        "Operating Income": 203,
        "EBIT": 216,
        "Net Income": 163
    },
    "2018-06-30": {
        "Diluted EPS": 0.79,
        "Total Revenue": NaN,
        "Gross Profit": 643,
        "Operating Income": 184,
        "EBIT": 197,
        "Net Income": 141
    },
    "2018-03-31": {
        "Diluted EPS": 0.76,
        "Total Revenue": NaN,
        "Gross Profit": 636,
        "Operating Income": 193,
        "EBIT": 207,
        "Net Income": 136
    },
    "2017-12-31": {
        "Diluted EPS": 0.92,
        "Total Revenue": NaN,
        "Gross Profit": 629,
        "Operating Income": 199,
        "EBIT": 212,
        "Net Income": 167
    },
    "2017-09-30": {
        "Diluted EPS": 0.66,
        "Total Revenue": NaN,
        "Gross Profit": 599,
        "Operating Income": 187,
        "EBIT": 199,
        "Net Income": 120
    },
    "2017-06-30": {
        "Diluted EPS": 0.6,
        "Total Revenue": NaN,
        "Gross Profit": 564,
        "Operating Income": 168,
        "EBIT": 180,
        "Net Income": 109
    },
    "2017-03-31": {
        "Diluted EPS": 0.51,
        "Total Revenue": NaN,
        "Gross Profit": 528,
        "Operating Income": 146,
        "EBIT": 158,
        "Net Income": 93
    },
    "2016-12-31": {
        "Diluted EPS": 0.61,
        "Total Revenue": NaN,
        "Gross Profit": 549,
        "Operating Income": 172,
        "EBIT": 184,
        "Net Income": 111
    },
    "2016-09-30": {
        "Diluted EPS": 0.59,
        "Total Revenue": NaN,
        "Gross Profit": 545,
        "Operating Income": 167,
        "EBIT": 179,
        "Net Income": 108
    },
    "2016-06-30": {
        "Diluted EPS": 0.63,
        "Total Revenue": NaN,
        "Gross Profit": 553,
        "Operating Income": 179,
        "EBIT": 191,
        "Net Income": 116
    },
    "2016-03-31": {
        "Diluted EPS": 0.53,
        "Total Revenue": NaN,
        "Gross Profit": 517,
        "Operating Income": 152,
        "EBIT": 163,
        "Net Income": 97
    },
    "2015-12-31": {
        "Diluted EPS": 0.62,
        "Total Revenue": NaN,
        "Gross Profit": 536,
        "Operating Income": 178,
        "EBIT": 190,
        "Net Income": 114
    },
    "2015-09-30": {
        "Diluted EPS": 0.62,
        "Total Revenue": NaN,
        "Gross Profit": 570,
        "Operating Income": 192,
        "EBIT": 203,
        "Net Income": 118
    },
    "2015-06-30": {
        "Diluted EPS": 0.61,
        "Total Revenue": NaN,
        "Gross Profit": 552,
        "Operating Income": 183,
        "EBIT": 194,
        "Net Income": 118
    },
    "2015-03-31": {
        "Diluted EPS": 0.55,
        "Total Revenue": NaN,
        "Gross Profit": 529,
        "Operating Income": 169,
        "EBIT": 180,
        "Net Income": 107
    },
    "2014-12-31": {
        "Diluted EPS": 0.51,
        "Total Revenue": NaN,
        "Gross Profit": 519,
        "Operating Income": 158,
        "EBIT": 170,
        "Net Income": 99
    },
    "2014-09-30": {
        "Diluted EPS": 0.53,
        "Total Revenue": NaN,
        "Gross Profit": 513,
        "Operating Income": 159,
        "EBIT": 172,
        "Net Income": 102
    },
    "2014-06-30": {
        "Diluted EPS": 0.46,
        "Total Revenue": NaN,
        "Gross Profit": 485,
        "Operating Income": 142,
        "EBIT": 155,
        "Net Income": 91
    },
    "2014-03-31": {
        "Diluted EPS": 0.42,
        "Total Revenue": NaN,
        "Gross Profit": 465,
        "Operating Income": 135,
        "EBIT": 148,
        "Net Income": 84
    },
    "2013-12-31": {
        "Diluted EPS": 0.39,
        "Total Revenue": NaN,
        "Gross Profit": 478,
        "Operating Income": 134,
        "EBIT": 146,
        "Net Income": 83
    },
    "2013-09-30": {
        "Diluted EPS": 0.45,
        "Total Revenue": NaN,
        "Gross Profit": 485,
        "Operating Income": 146,
        "EBIT": 159,
        "Net Income": 92
    },
    "2013-06-30": {
        "Diluted EPS": 0.45,
        "Total Revenue": NaN,
        "Gross Profit": 472,
        "Operating Income": 144,
        "EBIT": 155,
        "Net Income": 92
    },
    "2013-03-31": {
        "Diluted EPS": 0.39,
        "Total Revenue": NaN,
        "Gross Profit": 448,
        "Operating Income": 129,
        "EBIT": 140,
        "Net Income": 80
    },
    "2012-12-31": {
        "Diluted EPS": 0.4,
        "Total Revenue": NaN,
        "Gross Profit": 470,
        "Operating Income": 128,
        "EBIT": 139,
        "Net Income": 84
    },
    "2012-09-30": {
        "Diluted EPS": 0.42,
        "Total Revenue": NaN,
        "Gross Profit": 465,
        "Operating Income": 145,
        "EBIT": 155,
        "Net Income": 88
    },
    "2012-06-30": {
        "Diluted EPS": 0.39,
        "Total Revenue": NaN,
        "Gross Profit": 454,
        "Operating Income": 132,
        "EBIT": 142,
        "Net Income": 84
    },
    "2012-03-31": {
        "Diluted EPS": 0.36,
        "Total Revenue": NaN,
        "Gross Profit": 447,
        "Operating Income": 125,
        "EBIT": 135,
        "Net Income": 77
    },
    "2011-12-31": {
        "Diluted EPS": 0.43,
        "Total Revenue": NaN,
        "Gross Profit": 487,
        "Operating Income": 155,
        "EBIT": 164,
        "Net Income": 93
    },
    "2011-09-30": {
        "Diluted EPS": 0.5,
        "Total Revenue": NaN,
        "Gross Profit": 494,
        "Operating Income": 164,
        "EBIT": 173,
        "Net Income": 107
    },
    "2011-06-30": {
        "Diluted EPS": 0.44,
        "Total Revenue": NaN,
        "Gross Profit": 473,
        "Operating Income": 152,
        "EBIT": 162,
        "Net Income": 95
    },
    "2011-03-31": {
        "Diluted EPS": 0.42,
        "Total Revenue": NaN,
        "Gross Profit": 454,
        "Operating Income": 147,
        "EBIT": 156,
        "Net Income": 91
    },
    "2010-12-31": {
        "Diluted EPS": 0.45,
        "Total Revenue": NaN,
        "Gross Profit": 453,
        "Operating Income": 149,
        "EBIT": 158,
        "Net Income": 97
    },
    "2010-09-30": {
        "Diluted EPS": 0.44,
        "Total Revenue": NaN,
        "Gross Profit": 459,
        "Operating Income": 160,
        "EBIT": 169,
        "Net Income": 96
    },
    "2010-06-30": {
        "Diluted EPS": 0.42,
        "Total Revenue": NaN,
        "Gross Profit": 419,
        "Operating Income": 138,
        "EBIT": 148,
        "Net Income": 90
    },
    "2010-03-31": {
        "Diluted EPS": 0.28,
        "Total Revenue": NaN,
        "Gross Profit": 362,
        "Operating Income": 101,
        "EBIT": 110,
        "Net Income": 61
    },
    "2009-12-31": {
        "Diluted EPS": 0.32,
        "Total Revenue": NaN,
        "Gross Profit": 370,
        "Operating Income": 110,
        "EBIT": 122,
        "Net Income": 69
    },
    "2009-09-30": {
        "Diluted EPS": 0.27,
        "Total Revenue": NaN,
        "Gross Profit": 347,
        "Operating Income": 96,
        "EBIT": 106,
        "Net Income": 58
    },
    "2009-06-30": {
        "Diluted EPS": 0.25,
        "Total Revenue": 895,
        "Gross Profit": 330,
        "Operating Income": 87,
        "EBIT": 97,
        "Net Income": 54
    },
    "2009-03-31": {
        "Diluted EPS": 0.27,
        "Total Revenue": 913,
        "Gross Profit": 337,
        "Operating Income": 91,
        "EBIT": 101,
        "Net Income": 59
    },
    "2023-06-30": {
        "Tax Effect Of Unusual Items": NaN,
        "Tax Rate For Calcs": NaN,
        "Normalized EBITDA": NaN,
        "Net Income From Continuing Operation Net Minority Interest": NaN,
        "Reconciled Depreciation": NaN,
        "Reconciled Cost Of Revenue": NaN,
        "EBITDA": NaN,
        "EBIT": NaN,
        "Net Interest Income": NaN,
        "Interest Expense": 395000.0,
        "Interest Income": NaN,
        "Normalized Income": NaN,
        "Net Income From Continuing And Discontinued Operation": NaN,
        "Total Expenses": NaN,
        "Rent Expense Supplemental": NaN,
        "Total Operating Income As Reported": NaN,
        "Diluted Average Shares": NaN,
        "Basic Average Shares": NaN,
        "Diluted EPS": NaN,
        "Basic EPS": NaN,
        "Diluted NI Availto Com Stockholders": NaN,
        "Average Dilution Earnings": 0.0,
        "Net Income Common Stockholders": NaN,
        "Net Income": NaN,
        "Minority Interests": NaN,
        "Net Income Including Noncontrolling Interests": NaN,
        "Net Income Continuous Operations": NaN,
        "Tax Provision": NaN,
        "Pretax Income": NaN,
        "Other Income Expense": NaN,
        "Other Non Operating Income Expenses": NaN,
        "Net Non Operating Interest Income Expense": NaN,
        "Interest Expense Non Operating": 395000.0,
        "Interest Income Non Operating": NaN,
        "Operating Income": NaN,
        "Operating Expense": NaN,
        "Other Operating Expenses": NaN,
        "Selling General And Administration": NaN,
        "Selling And Marketing Expense": NaN,
        "Gross Profit": NaN,
        "Cost Of Revenue": NaN,
        "Total Revenue": NaN,
        "Operating Revenue": NaN
    },
    "2023-09-30": {
        "Tax Effect Of Unusual Items": NaN,
        "Tax Rate For Calcs": NaN,
        "Normalized EBITDA": NaN,
        "Net Income From Continuing Operation Net Minority Interest": NaN,
        "Reconciled Depreciation": NaN,
        "Reconciled Cost Of Revenue": NaN,
        "EBITDA": NaN,
        "EBIT": NaN,
        "Net Interest Income": NaN,
        "Interest Expense": 1601000.0,
        "Interest Income": NaN,
        "Normalized Income": NaN,
        "Net Income From Continuing And Discontinued Operation": NaN,
        "Total Expenses": NaN,
        "Rent Expense Supplemental": NaN,
        "Total Operating Income As Reported": NaN,
        "Diluted Average Shares": NaN,
        "Basic Average Shares": NaN,
        "Diluted EPS": NaN,
        "Basic EPS": NaN,
        "Diluted NI Availto Com Stockholders": NaN,
        "Average Dilution Earnings": NaN,
        "Net Income Common Stockholders": NaN,
        "Net Income": NaN,
        "Minority Interests": NaN,
        "Net Income Including Noncontrolling Interests": NaN,
        "Net Income Continuous Operations": NaN,
        "Tax Provision": NaN,
        "Pretax Income": NaN,
        "Other Income Expense": NaN,
        "Other Non Operating Income Expenses": NaN,
        "Net Non Operating Interest Income Expense": NaN,
        "Interest Expense Non Operating": 1601000.0,
        "Interest Income Non Operating": NaN,
        "Operating Income": NaN,
        "Operating Expense": NaN,
        "Other Operating Expenses": NaN,
        "Selling General And Administration": NaN,
        "Selling And Marketing Expense": NaN,
        "Gross Profit": NaN,
        "Cost Of Revenue": NaN,
        "Total Revenue": NaN,
        "Operating Revenue": NaN
    },
    "2023-12-31": {
        "Tax Effect Of Unusual Items": NaN,
        "Tax Rate For Calcs": NaN,
        "Normalized EBITDA": NaN,
        "Net Income From Continuing Operation Net Minority Interest": NaN,
        "Reconciled Depreciation": NaN,
        "Reconciled Cost Of Revenue": NaN,
        "EBITDA": NaN,
        "EBIT": NaN,
        "Net Interest Income": NaN,
        "Interest Expense": 159000.0,
        "Interest Income": NaN,
        "Normalized Income": NaN,
        "Net Income From Continuing And Discontinued Operation": NaN,
        "Total Expenses": NaN,
        "Rent Expense Supplemental": NaN,
        "Total Operating Income As Reported": NaN,
        "Diluted Average Shares": NaN,
        "Basic Average Shares": NaN,
        "Diluted EPS": NaN,
        "Basic EPS": NaN,
        "Diluted NI Availto Com Stockholders": NaN,
        "Average Dilution Earnings": NaN,
        "Net Income Common Stockholders": NaN,
        "Net Income": NaN,
        "Minority Interests": NaN,
        "Net Income Including Noncontrolling Interests": NaN,
        "Net Income Continuous Operations": NaN,
        "Tax Provision": NaN,
        "Pretax Income": NaN,
        "Other Income Expense": NaN,
        "Other Non Operating Income Expenses": NaN,
        "Net Non Operating Interest Income Expense": NaN,
        "Interest Expense Non Operating": 159000.0,
        "Interest Income Non Operating": NaN,
        "Operating Income": NaN,
        "Operating Expense": NaN,
        "Other Operating Expenses": NaN,
        "Selling General And Administration": NaN,
        "Selling And Marketing Expense": NaN,
        "Gross Profit": NaN,
        "Cost Of Revenue": NaN,
        "Total Revenue": NaN,
        "Operating Revenue": NaN
    },
    "2024-03-31": {
        "Tax Effect Of Unusual Items": 0.0,
        "Tax Rate For Calcs": 0.26924,
        "Normalized EBITDA": 229937000.0,
        "Net Income From Continuing Operation Net Minority Interest": 169152000.0,
        "Reconciled Depreciation": 15161000.0,
        "Reconciled Cost Of Revenue": 1922855000.0,
        "EBITDA": 229937000.0,
        "EBIT": 214776000.0,
        "Net Interest Income": 14878000.0,
        "Interest Expense": NaN,
        "Interest Income": 14878000.0,
        "Normalized Income": 169152000.0,
        "Net Income From Continuing And Discontinued Operation": 169152000.0,
        "Total Expenses": 1991902000.0,
        "Rent Expense Supplemental": 61252000.0,
        "Total Operating Income As Reported": 214776000.0,
        "Diluted Average Shares": 144125000.0,
        "Basic Average Shares": 143194000.0,
        "Diluted EPS": 1.17,
        "Basic EPS": 1.18,
        "Diluted NI Availto Com Stockholders": 169152000.0,
        "Average Dilution Earnings": NaN,
        "Net Income Common Stockholders": 169152000.0,
        "Net Income": 169152000.0,
        "Minority Interests": -1248000.0,
        "Net Income Including Noncontrolling Interests": 170400000.0,
        "Net Income Continuous Operations": 170400000.0,
        "Tax Provision": 62782000.0,
        "Pretax Income": 233182000.0,
        "Other Income Expense": 3528000.0,
        "Other Non Operating Income Expenses": 3528000.0,
        "Net Non Operating Interest Income Expense": 14878000.0,
        "Interest Expense Non Operating": NaN,
        "Interest Income Non Operating": 14878000.0,
        "Operating Income": 214776000.0,
        "Operating Expense": 69047000.0,
        "Other Operating Expenses": 62268000.0,
        "Selling General And Administration": 6779000.0,
        "Selling And Marketing Expense": 6779000.0,
        "Gross Profit": 283823000.0,
        "Cost Of Revenue": 1922855000.0,
        "Total Revenue": 2206678000.0,
        "Operating Revenue": 2206678000.0
    },
    "2024-06-30": {
        "Tax Effect Of Unusual Items": 0.0,
        "Tax Rate For Calcs": 0.257586,
        "Normalized EBITDA": 238898000.0,
        "Net Income From Continuing Operation Net Minority Interest": 175469000.0,
        "Reconciled Depreciation": 14979000.0,
        "Reconciled Cost Of Revenue": 2140415000.0,
        "EBITDA": 238898000.0,
        "EBIT": 223919000.0,
        "Net Interest Income": 11904000.0,
        "Interest Expense": NaN,
        "Interest Income": 11904000.0,
        "Normalized Income": 175469000.0,
        "Net Income From Continuing And Discontinued Operation": 175469000.0,
        "Total Expenses": 2215082000.0,
        "Rent Expense Supplemental": 59597000.0,
        "Total Operating Income As Reported": 223919000.0,
        "Diluted Average Shares": 141716000.0,
        "Basic Average Shares": 141013000.0,
        "Diluted EPS": 1.24,
        "Basic EPS": 1.24,
        "Diluted NI Availto Com Stockholders": 175469000.0,
        "Average Dilution Earnings": 0.0,
        "Net Income Common Stockholders": 175469000.0,
        "Net Income": 175469000.0,
        "Minority Interests": 318000.0,
        "Net Income Including Noncontrolling Interests": 175151000.0,
        "Net Income Continuous Operations": 175151000.0,
        "Tax Provision": 60770000.0,
        "Pretax Income": 235921000.0,
        "Other Income Expense": 98000.0,
        "Other Non Operating Income Expenses": 98000.0,
        "Net Non Operating Interest Income Expense": 11904000.0,
        "Interest Expense Non Operating": NaN,
        "Interest Income Non Operating": 11904000.0,
        "Operating Income": 223919000.0,
        "Operating Expense": 74667000.0,
        "Other Operating Expenses": 66669000.0,
        "Selling General And Administration": 7998000.0,
        "Selling And Marketing Expense": 7998000.0,
        "Gross Profit": 298586000.0,
        "Cost Of Revenue": 2140415000.0,
        "Total Revenue": 2439001000.0,
        "Operating Revenue": 2439001000.0
    },
    "2024-09-30": {
        "Tax Effect Of Unusual Items": 0.0,
        "Tax Rate For Calcs": 0.264,
        "Normalized EBITDA": 317298000.0,
        "Net Income From Continuing Operation Net Minority Interest": 229574000.0,
        "Reconciled Depreciation": 15774000.0,
        "Reconciled Cost Of Revenue": 2621070000.0,
        "EBITDA": 317298000.0,
        "EBIT": 301524000.0,
        "Net Interest Income": 9917000.0,
        "Interest Expense": NaN,
        "Interest Income": 9917000.0,
        "Normalized Income": 229574000.0,
        "Net Income From Continuing And Discontinued Operation": 229574000.0,
        "Total Expenses": 2698607000.0,
        "Rent Expense Supplemental": 61024000.0,
        "Total Operating Income As Reported": 301524000.0,
        "Diluted Average Shares": 141027000.0,
        "Basic Average Shares": 140417000.0,
        "Diluted EPS": 1.63,
        "Basic EPS": 1.63,
        "Diluted NI Availto Com Stockholders": 229574000.0,
        "Average Dilution Earnings": NaN,
        "Net Income Common Stockholders": 229574000.0,
        "Net Income": 229574000.0,
        "Minority Interests": -352000.0,
        "Net Income Including Noncontrolling Interests": 229926000.0,
        "Net Income Continuous Operations": 229926000.0,
        "Tax Provision": 82488000.0,
        "Pretax Income": 312414000.0,
        "Other Income Expense": 973000.0,
        "Other Non Operating Income Expenses": 973000.0,
        "Net Non Operating Interest Income Expense": 9917000.0,
        "Interest Expense Non Operating": NaN,
        "Interest Income Non Operating": 9917000.0,
        "Operating Income": 301524000.0,
        "Operating Expense": 77537000.0,
        "Other Operating Expenses": 69948000.0,
        "Selling General And Administration": 7589000.0,
        "Selling And Marketing Expense": 7589000.0,
        "Gross Profit": 379061000.0,
        "Cost Of Revenue": 2621070000.0,
        "Total Revenue": 3000131000.0,
        "Operating Revenue": 3000131000.0
    },
    "2024-12-31": {
        "Tax Effect Of Unusual Items": 0.0,
        "Tax Rate For Calcs": 0.24619,
        "Normalized EBITDA": 316280000.0,
        "Net Income From Continuing Operation Net Minority Interest": 235878000.0,
        "Reconciled Depreciation": 15176000.0,
        "Reconciled Cost Of Revenue": 2567135000.0,
        "EBITDA": 316280000.0,
        "EBIT": 301104000.0,
        "Net Interest Income": 10007000.0,
        "Interest Expense": NaN,
        "Interest Income": 10007000.0,
        "Normalized Income": 235878000.0,
        "Net Income From Continuing And Discontinued Operation": 235878000.0,
        "Total Expenses": 2653601000.0,
        "Rent Expense Supplemental": 59140000.0,
        "Total Operating Income As Reported": 301104000.0,
        "Diluted Average Shares": 139992000.0,
        "Basic Average Shares": 139357000.0,
        "Diluted EPS": 1.68,
        "Basic EPS": 1.69,
        "Diluted NI Availto Com Stockholders": 235878000.0,
        "Average Dilution Earnings": NaN,
        "Net Income Common Stockholders": 235878000.0,
        "Net Income": 235878000.0,
        "Minority Interests": -278000.0,
        "Net Income Including Noncontrolling Interests": 236156000.0,
        "Net Income Continuous Operations": 236156000.0,
        "Tax Provision": 77127000.0,
        "Pretax Income": 313283000.0,
        "Other Income Expense": 2172000.0,
        "Other Non Operating Income Expenses": 2172000.0,
        "Net Non Operating Interest Income Expense": 10007000.0,
        "Interest Expense Non Operating": NaN,
        "Interest Income Non Operating": 10007000.0,
        "Operating Income": 301104000.0,
        "Operating Expense": 86466000.0,
        "Other Operating Expenses": 75501000.0,
        "Selling General And Administration": 10965000.0,
        "Selling And Marketing Expense": 10965000.0,
        "Gross Profit": 387570000.0,
        "Cost Of Revenue": 2567135000.0,
        "Total Revenue": 2954705000.0,
        "Operating Revenue": 2954705000.0
    },
    "2025-03-31": {
        "Tax Effect Of Unusual Items": 0.0,
        "Tax Rate For Calcs": 0.26,
        "Normalized EBITDA": 280462000.0,
        "Net Income From Continuing Operation Net Minority Interest": 203795000.0,
        "Reconciled Depreciation": 14604000.0,
        "Reconciled Cost Of Revenue": 2313559000.0,
        "EBITDA": 280462000.0,
        "EBIT": 265858000.0,
        "Net Interest Income": 9184000.0,
        "Interest Expense": NaN,
        "Interest Income": 9184000.0,
        "Normalized Income": 203795000.0,
        "Net Income From Continuing And Discontinued Operation": 203795000.0,
        "Total Expenses": 2400561000.0,
        "Rent Expense Supplemental": 64343000.0,
        "Total Operating Income As Reported": 265858000.0,
        "Diluted Average Shares": 138435000.0,
        "Basic Average Shares": 137833000.0,
        "Diluted EPS": 1.47,
        "Basic EPS": 1.48,
        "Diluted NI Availto Com Stockholders": 203795000.0,
        "Average Dilution Earnings": NaN,
        "Net Income Common Stockholders": 203795000.0,
        "Net Income": 203795000.0,
        "Minority Interests": -304000.0,
        "Net Income Including Noncontrolling Interests": 204099000.0,
        "Net Income Continuous Operations": 204099000.0,
        "Tax Provision": 71782000.0,
        "Pretax Income": 275881000.0,
        "Other Income Expense": 839000.0,
        "Other Non Operating Income Expenses": 839000.0,
        "Net Non Operating Interest Income Expense": 9184000.0,
        "Interest Expense Non Operating": NaN,
        "Interest Income Non Operating": 9184000.0,
        "Operating Income": 265858000.0,
        "Operating Expense": 87002000.0,
        "Other Operating Expenses": 78428000.0,
        "Selling General And Administration": 8574000.0,
        "Selling And Marketing Expense": 8574000.0,
        "Gross Profit": 352860000.0,
        "Cost Of Revenue": 2313559000.0,
        "Total Revenue": 2666419000.0,
        "Operating Revenue": 2666419000.0
    },
    "2025-06-30": {
        "Tax Effect Of Unusual Items": 0.0,
        "Tax Rate For Calcs": 0.28705,
        "Normalized EBITDA": 261583000.0,
        "Net Income From Continuing Operation Net Minority Interest": 183574000.0,
        "Reconciled Depreciation": 13847000.0,
        "Reconciled Cost Of Revenue": 2304281000.0,
        "EBITDA": 261583000.0,
        "EBIT": 247736000.0,
        "Net Interest Income": 9183000.0,
        "Interest Expense": NaN,
        "Interest Income": 9183000.0,
        "Normalized Income": 183574000.0,
        "Net Income From Continuing And Discontinued Operation": 183574000.0,
        "Total Expenses": 2404149000.0,
        "Rent Expense Supplemental": 65741000.0,
        "Total Operating Income As Reported": 247736000.0,
        "Diluted Average Shares": 136631000.0,
        "Basic Average Shares": 136266000.0,
        "Diluted EPS": 1.34,
        "Basic EPS": 1.35,
        "Diluted NI Availto Com Stockholders": 183574000.0,
        "Average Dilution Earnings": NaN,
        "Net Income Common Stockholders": 183574000.0,
        "Net Income": 183574000.0,
        "Minority Interests": -345000.0,
        "Net Income Including Noncontrolling Interests": 183919000.0,
        "Net Income Continuous Operations": 183919000.0,
        "Tax Provision": 74050000.0,
        "Pretax Income": 257969000.0,
        "Other Income Expense": 1050000.0,
        "Other Non Operating Income Expenses": 1050000.0,
        "Net Non Operating Interest Income Expense": 9183000.0,
        "Interest Expense Non Operating": NaN,
        "Interest Income Non Operating": 9183000.0,
        "Operating Income": 247736000.0,
        "Operating Expense": 99868000.0,
        "Other Operating Expenses": 89940000.0,
        "Selling General And Administration": 9928000.0,
        "Selling And Marketing Expense": 9928000.0,
        "Gross Profit": 347604000.0,
        "Cost Of Revenue": 2304281000.0,
        "Total Revenue": 2651885000.0,
        "Operating Revenue": 2651885000.0
    }
}