{
    "2023-03-31": {
        "Tax Effect Of Unusual Items": NaN,
        "Tax Rate For Calcs": NaN,
        "Normalized EBITDA": NaN,
        "Total Unusual Items": NaN,
        "Total Unusual Items Excluding Goodwill": NaN,
        "Net Income From Continuing Operation Net Minority Interest": NaN,
        "Reconciled Depreciation": NaN,
        "Reconciled Cost Of Revenue": NaN,
        "EBITDA": NaN,
        "EBIT": NaN,
        "Net Interest Income": NaN,
        "Interest Expense": NaN,
        "Interest Income": NaN,
        "Normalized Income": NaN,
        "Net Income From Continuing And Discontinued Operation": NaN,
        "Total Expenses": NaN,
        "Total Operating Income As Reported": NaN,
        "Diluted Average Shares": NaN,
        "Basic Average Shares": NaN,
        "Diluted EPS": NaN,
        "Basic EPS": NaN,
        "Diluted NI Availto Com Stockholders": NaN,
        "Net Income Common Stockholders": NaN,
        "Net Income": NaN,
        "Minority Interests": NaN,
        "Net Income Including Noncontrolling Interests": NaN,
        "Net Income Continuous Operations": NaN,
        "Tax Provision": NaN,
        "Pretax Income": NaN,
        "Other Income Expense": NaN,
        "Other Non Operating Income Expenses": NaN,
        "Special Income Charges": NaN,
        "Gain On Sale Of Business": NaN,
        "Other Special Charges": 5000000.0,
        "Impairment Of Capital Assets": NaN,
        "Restructuring And Mergern Acquisition": 0.0,
        "Gain On Sale Of Security": NaN,
        "Net Non Operating Interest Income Expense": NaN,
        "Interest Expense Non Operating": NaN,
        "Interest Income Non Operating": NaN,
        "Operating Income": NaN,
        "Operating Expense": NaN,
        "Depreciation Amortization Depletion Income Statement": NaN,
        "Depreciation And Amortization In Income Statement": NaN,
        "Amortization": NaN,
        "Amortization Of Intangibles Income Statement": NaN,
        "Depreciation Income Statement": NaN,
        "Research And Development": NaN,
        "Selling General And Administration": NaN,
        "Selling And Marketing Expense": NaN,
        "General And Administrative Expense": NaN,
        "Other Gand A": NaN,
        "Salaries And Wages": NaN,
        "Gross Profit": NaN,
        "Cost Of Revenue": NaN,
        "Total Revenue": NaN,
        "Operating Revenue": NaN
    },
    "2022-12-31": {
        "Tax Effect Of Unusual Items": NaN,
        "Tax Rate For Calcs": NaN,
        "Normalized EBITDA": NaN,
        "Total Unusual Items": NaN,
        "Total Unusual Items Excluding Goodwill": NaN,
        "Net Income From Continuing Operation Net Minority Interest": NaN,
        "Reconciled Depreciation": NaN,
        "Reconciled Cost Of Revenue": NaN,
        "EBITDA": NaN,
        "EBIT": NaN,
        "Net Interest Income": NaN,
        "Interest Expense": NaN,
        "Interest Income": NaN,
        "Normalized Income": NaN,
        "Net Income From Continuing And Discontinued Operation": NaN,
        "Total Expenses": NaN,
        "Total Operating Income As Reported": NaN,
        "Diluted Average Shares": NaN,
        "Basic Average Shares": NaN,
        "Diluted EPS": NaN,
        "Basic EPS": NaN,
        "Diluted NI Availto Com Stockholders": NaN,
        "Net Income Common Stockholders": NaN,
        "Otherunder Preferred Stock Dividend": 0.0,
        "Net Income": NaN,
        "Minority Interests": NaN,
        "Net Income Including Noncontrolling Interests": NaN,
        "Net Income Continuous Operations": NaN,
        "Tax Provision": NaN,
        "Pretax Income": NaN,
        "Other Income Expense": NaN,
        "Other Non Operating Income Expenses": NaN,
        "Special Income Charges": NaN,
        "Gain On Sale Of Business": NaN,
        "Other Special Charges": NaN,
        "Impairment Of Capital Assets": 0.0,
        "Restructuring And Mergern Acquisition": 0.0,
        "Gain On Sale Of Security": NaN,
        "Net Non Operating Interest Income Expense": NaN,
        "Interest Expense Non Operating": NaN,
        "Interest Income Non Operating": NaN,
        "Operating Income": NaN,
        "Operating Expense": NaN,
        "Depreciation Amortization Depletion Income Statement": NaN,
        "Depreciation And Amortization In Income Statement": NaN,
        "Amortization": NaN,
        "Amortization Of Intangibles Income Statement": NaN,
        "Depreciation Income Statement": NaN,
        "Research And Development": NaN,
        "Selling General And Administration": NaN,
        "Selling And Marketing Expense": NaN,
        "General And Administrative Expense": NaN,
        "Other Gand A": NaN,
        "Salaries And Wages": NaN,
        "Gross Profit": NaN,
        "Cost Of Revenue": NaN,
        "Total Revenue": NaN,
        "Operating Revenue": NaN
    },
    "2022-09-30": {
        "Tax Effect Of Unusual Items": NaN,
        "Tax Rate For Calcs": NaN,
        "Normalized EBITDA": NaN,
        "Total Unusual Items": NaN,
        "Total Unusual Items Excluding Goodwill": NaN,
        "Net Income From Continuing Operation Net Minority Interest": NaN,
        "Reconciled Depreciation": NaN,
        "Reconciled Cost Of Revenue": NaN,
        "EBITDA": NaN,
        "EBIT": NaN,
        "Net Interest Income": NaN,
        "Interest Expense": NaN,
        "Interest Income": NaN,
        "Normalized Income": NaN,
        "Net Income From Continuing And Discontinued Operation": NaN,
        "Total Expenses": NaN,
        "Total Operating Income As Reported": NaN,
        "Diluted Average Shares": NaN,
        "Basic Average Shares": NaN,
        "Diluted EPS": NaN,
        "Basic EPS": NaN,
        "Diluted NI Availto Com Stockholders": NaN,
        "Net Income Common Stockholders": NaN,
        "Otherunder Preferred Stock Dividend": 0.0,
        "Net Income": NaN,
        "Minority Interests": NaN,
        "Net Income Including Noncontrolling Interests": NaN,
        "Net Income Continuous Operations": NaN,
        "Tax Provision": NaN,
        "Pretax Income": NaN,
        "Other Income Expense": NaN,
        "Other Non Operating Income Expenses": NaN,
        "Special Income Charges": NaN,
        "Gain On Sale Of Business": NaN,
        "Other Special Charges": NaN,
        "Impairment Of Capital Assets": 52000000.0,
        "Restructuring And Mergern Acquisition": 0.0,
        "Gain On Sale Of Security": NaN,
        "Net Non Operating Interest Income Expense": NaN,
        "Interest Expense Non Operating": NaN,
        "Interest Income Non Operating": NaN,
        "Operating Income": NaN,
        "Operating Expense": NaN,
        "Depreciation Amortization Depletion Income Statement": NaN,
        "Depreciation And Amortization In Income Statement": NaN,
        "Amortization": NaN,
        "Amortization Of Intangibles Income Statement": NaN,
        "Depreciation Income Statement": NaN,
        "Research And Development": NaN,
        "Selling General And Administration": NaN,
        "Selling And Marketing Expense": NaN,
        "General And Administrative Expense": NaN,
        "Other Gand A": NaN,
        "Salaries And Wages": NaN,
        "Gross Profit": NaN,
        "Cost Of Revenue": NaN,
        "Total Revenue": NaN,
        "Operating Revenue": NaN
    },
    "2022-06-30": {
        "Tax Effect Of Unusual Items": -22000000.0,
        "Tax Rate For Calcs": 0.4,
        "Normalized EBITDA": 198000000.0,
        "Total Unusual Items": -55000000.0,
        "Total Unusual Items Excluding Goodwill": -55000000.0,
        "Net Income From Continuing Operation Net Minority Interest": -185000000.0,
        "Reconciled Depreciation": 197000000.0,
        "Reconciled Cost Of Revenue": 419000000.0,
        "EBITDA": 143000000.0,
        "EBIT": -54000000.0,
        "Net Interest Income": -63000000.0,
        "Interest Expense": 73000000.0,
        "Interest Income": 10000000.0,
        "Normalized Income": -152000000.0,
        "Net Income From Continuing And Discontinued Operation": -185000000.0,
        "Total Expenses": 2805000000.0,
        "Total Operating Income As Reported": 345000000.0,
        "Diluted Average Shares": 157290000.0,
        "Basic Average Shares": 157290000.0,
        "Diluted EPS": -1.17,
        "Basic EPS": -1.17,
        "Diluted NI Availto Com Stockholders": -185000000.0,
        "Net Income Common Stockholders": -185000000.0,
        "Otherunder Preferred Stock Dividend": 0.0,
        "Net Income": -185000000.0,
        "Minority Interests": 0.0,
        "Net Income Including Noncontrolling Interests": -185000000.0,
        "Net Income Continuous Operations": -185000000.0,
        "Tax Provision": 58000000.0,
        "Pretax Income": -127000000.0,
        "Other Income Expense": -440000000.0,
        "Other Non Operating Income Expenses": -385000000.0,
        "Special Income Charges": -55000000.0,
        "Gain On Sale Of Business": NaN,
        "Other Special Charges": 26000000.0,
        "Impairment Of Capital Assets": 29000000.0,
        "Restructuring And Mergern Acquisition": 0.0,
        "Gain On Sale Of Security": -387000000.0,
        "Net Non Operating Interest Income Expense": -63000000.0,
        "Interest Expense Non Operating": 73000000.0,
        "Interest Income Non Operating": 10000000.0,
        "Operating Income": 376000000.0,
        "Operating Expense": 2386000000.0,
        "Depreciation Amortization Depletion Income Statement": 197000000.0,
        "Depreciation And Amortization In Income Statement": 197000000.0,
        "Amortization": 21000000.0,
        "Amortization Of Intangibles Income Statement": 21000000.0,
        "Depreciation Income Statement": 176000000.0,
        "Research And Development": 284000000.0,
        "Selling General And Administration": 1905000000.0,
        "Selling And Marketing Expense": 1716000000.0,
        "General And Administrative Expense": 189000000.0,
        "Other Gand A": 189000000.0,
        "Salaries And Wages": 149000000.0,
        "Gross Profit": 2762000000.0,
        "Cost Of Revenue": 419000000.0,
        "Total Revenue": 3181000000.0,
        "Operating Revenue": 3181000000.0
    },
    "2023-06-30": {
        "Tax Effect Of Unusual Items": NaN,
        "Tax Rate For Calcs": NaN,
        "Normalized EBITDA": NaN,
        "Total Unusual Items": NaN,
        "Total Unusual Items Excluding Goodwill": NaN,
        "Net Income From Continuing Operation Net Minority Interest": NaN,
        "Reconciled Depreciation": NaN,
        "Reconciled Cost Of Revenue": NaN,
        "EBITDA": NaN,
        "EBIT": NaN,
        "Net Interest Income": NaN,
        "Interest Expense": NaN,
        "Interest Income": NaN,
        "Normalized Income": NaN,
        "Net Income From Continuing And Discontinued Operation": NaN,
        "Total Expenses": NaN,
        "Total Operating Income As Reported": NaN,
        "Diluted Average Shares": NaN,
        "Basic Average Shares": NaN,
        "Diluted EPS": NaN,
        "Basic EPS": NaN,
        "Diluted NI Availto Com Stockholders": NaN,
        "Net Income Common Stockholders": NaN,
        "Net Income": NaN,
        "Minority Interests": NaN,
        "Net Income Including Noncontrolling Interests": NaN,
        "Net Income Continuous Operations": NaN,
        "Tax Provision": NaN,
        "Pretax Income": NaN,
        "Other Income Expense": NaN,
        "Other Non Operating Income Expenses": NaN,
        "Special Income Charges": NaN,
        "Gain On Sale Of Business": NaN,
        "Other Special Charges": NaN,
        "Impairment Of Capital Assets": 0.0,
        "Restructuring And Mergern Acquisition": NaN,
        "Gain On Sale Of Security": NaN,
        "Net Non Operating Interest Income Expense": NaN,
        "Interest Expense Non Operating": NaN,
        "Interest Income Non Operating": NaN,
        "Operating Income": NaN,
        "Operating Expense": NaN,
        "Other Taxes": NaN,
        "Depreciation Amortization Depletion Income Statement": NaN,
        "Depreciation And Amortization In Income Statement": NaN,
        "Amortization": NaN,
        "Amortization Of Intangibles Income Statement": NaN,
        "Depreciation Income Statement": NaN,
        "Research And Development": NaN,
        "Selling General And Administration": NaN,
        "Selling And Marketing Expense": NaN,
        "General And Administrative Expense": NaN,
        "Other Gand A": NaN,
        "Salaries And Wages": NaN,
        "Gross Profit": NaN,
        "Cost Of Revenue": NaN,
        "Total Revenue": NaN,
        "Operating Revenue": NaN
    },
    "2022-03-31": {
        "Diluted EPS": -0.78,
        "Total Revenue": NaN,
        "Gross Profit": NaN,
        "Operating Income": -135,
        "EBIT": 152,
        "Net Income": -122
    },
    "2021-12-31": {
        "Diluted EPS": 2.13,
        "Total Revenue": NaN,
        "Gross Profit": NaN,
        "Operating Income": 163,
        "EBIT": 481,
        "Net Income": 276
    },
    "2021-09-30": {
        "Diluted EPS": 2.26,
        "Total Revenue": NaN,
        "Gross Profit": NaN,
        "Operating Income": 524,
        "EBIT": 841,
        "Net Income": 362
    },
    "2021-06-30": {
        "Diluted EPS": -2.02,
        "Total Revenue": NaN,
        "Gross Profit": NaN,
        "Operating Income": -132,
        "EBIT": 193,
        "Net Income": -301
    },
    "2021-03-31": {
        "Diluted EPS": -4.17,
        "Total Revenue": NaN,
        "Gross Profit": 935,
        "Operating Income": -369,
        "EBIT": -77,
        "Net Income": -606
    },
    "2020-12-31": {
        "Diluted EPS": -2.86,
        "Total Revenue": 920,
        "Gross Profit": 644,
        "Operating Income": -463,
        "EBIT": -199,
        "Net Income": -412
    },
    "2020-09-30": {
        "Diluted EPS": -1.56,
        "Total Revenue": NaN,
        "Gross Profit": NaN,
        "Operating Income": -113,
        "EBIT": 209,
        "Net Income": -221
    },
    "2020-06-30": {
        "Diluted EPS": -5.34,
        "Total Revenue": 566,
        "Gross Profit": 185,
        "Operating Income": -849,
        "EBIT": -533,
        "Net Income": -753
    },
    "2020-03-31": {
        "Diluted EPS": -9.24,
        "Total Revenue": NaN,
        "Gross Profit": NaN,
        "Operating Income": NaN,
        "EBIT": -124,
        "Net Income": NaN
    },
    "2019-12-31": {
        "Diluted EPS": 0.54,
        "Total Revenue": NaN,
        "Gross Profit": NaN,
        "Operating Income": 160,
        "EBIT": 452,
        "Net Income": 76
    },
    "2019-09-30": {
        "Diluted EPS": 2.71,
        "Total Revenue": NaN,
        "Gross Profit": NaN,
        "Operating Income": 609,
        "EBIT": 897,
        "Net Income": 409
    },
    "2019-06-30": {
        "Diluted EPS": 1.21,
        "Total Revenue": NaN,
        "Gross Profit": NaN,
        "Operating Income": 265,
        "EBIT": 552,
        "Net Income": 183
    },
    "2019-03-31": {
        "Diluted EPS": -0.69,
        "Total Revenue": NaN,
        "Gross Profit": NaN,
        "Operating Income": -131,
        "EBIT": 153,
        "Net Income": -103
    },
    "2018-12-31": {
        "Diluted EPS": 0.12,
        "Total Revenue": NaN,
        "Gross Profit": NaN,
        "Operating Income": 96,
        "EBIT": 449,
        "Net Income": 17
    },
    "2018-09-30": {
        "Diluted EPS": 3.43,
        "Total Revenue": NaN,
        "Gross Profit": NaN,
        "Operating Income": 672,
        "EBIT": 968,
        "Net Income": 525
    },
    "2018-06-30": {
        "Diluted EPS": 0.01,
        "Total Revenue": NaN,
        "Gross Profit": NaN,
        "Operating Income": 111,
        "EBIT": 463,
        "Net Income": 1
    },
    "2018-03-31": {
        "Diluted EPS": -0.91,
        "Total Revenue": NaN,
        "Gross Profit": NaN,
        "Operating Income": -165,
        "EBIT": 124,
        "Net Income": -137
    },
    "2017-12-31": {
        "Diluted EPS": 0.4,
        "Total Revenue": NaN,
        "Gross Profit": NaN,
        "Operating Income": 114,
        "EBIT": 395,
        "Net Income": 55
    },
    "2017-09-30": {
        "Diluted EPS": 2.23,
        "Total Revenue": NaN,
        "Gross Profit": NaN,
        "Operating Income": 481,
        "EBIT": 715,
        "Net Income": 352
    },
    "2017-06-30": {
        "Diluted EPS": 0.36,
        "Total Revenue": NaN,
        "Gross Profit": NaN,
        "Operating Income": 103,
        "EBIT": 371,
        "Net Income": 57
    },
    "2017-03-31": {
        "Diluted EPS": -0.57,
        "Total Revenue": NaN,
        "Gross Profit": NaN,
        "Operating Income": -73,
        "EBIT": 182,
        "Net Income": -86
    },
    "2016-12-31": {
        "Diluted EPS": 0.52,
        "Total Revenue": NaN,
        "Gross Profit": NaN,
        "Operating Income": 147,
        "EBIT": 427,
        "Net Income": 80
    },
    "2016-09-30": {
        "Diluted EPS": 1.81,
        "Total Revenue": NaN,
        "Gross Profit": NaN,
        "Operating Income": 386,
        "EBIT": 633,
        "Net Income": 279
    },
    "2016-06-30": {
        "Diluted EPS": 0.21,
        "Total Revenue": NaN,
        "Gross Profit": NaN,
        "Operating Income": 26,
        "EBIT": 326,
        "Net Income": 32
    },
    "2016-03-31": {
        "Diluted EPS": -0.72,
        "Total Revenue": NaN,
        "Gross Profit": NaN,
        "Operating Income": -97,
        "EBIT": 147,
        "Net Income": -109
    },
    "2015-12-31": {
        "Diluted EPS": -0.14,
        "Total Revenue": NaN,
        "Gross Profit": NaN,
        "Operating Income": 29,
        "EBIT": 242,
        "Net Income": -13
    },
    "2015-09-30": {
        "Diluted EPS": 2.12,
        "Total Revenue": NaN,
        "Gross Profit": NaN,
        "Operating Income": 345,
        "EBIT": 527,
        "Net Income": 283
    },
    "2015-06-30": {
        "Diluted EPS": 3.38,
        "Total Revenue": NaN,
        "Gross Profit": NaN,
        "Operating Income": 90,
        "EBIT": 238,
        "Net Income": 450
    },
    "2015-03-31": {
        "Diluted EPS": 0.34,
        "Total Revenue": NaN,
        "Gross Profit": NaN,
        "Operating Income": -51,
        "EBIT": 77,
        "Net Income": 44
    },
    "2014-12-31": {
        "Diluted EPS": 0.49,
        "Total Revenue": NaN,
        "Gross Profit": NaN,
        "Operating Income": 95,
        "EBIT": 204,
        "Net Income": 66
    },
    "2014-09-30": {
        "Diluted EPS": 1.94,
        "Total Revenue": NaN,
        "Gross Profit": NaN,
        "Operating Income": 297,
        "EBIT": 405,
        "Net Income": 257
    },
    "2014-06-30": {
        "Diluted EPS": 0.67,
        "Total Revenue": NaN,
        "Gross Profit": NaN,
        "Operating Income": 129,
        "EBIT": 234,
        "Net Income": 89
    },
    "2014-03-31": {
        "Diluted EPS": -0.11,
        "Total Revenue": NaN,
        "Gross Profit": 906,
        "Operating Income": -3,
        "EBIT": 102,
        "Net Income": -14
    },
    "2013-12-31": {
        "Diluted EPS": 0.71,
        "Total Revenue": NaN,
        "Gross Profit": 903,
        "Operating Income": 139,
        "EBIT": 240,
        "Net Income": 95
    },
    "2013-09-30": {
        "Diluted EPS": 1.22,
        "Total Revenue": NaN,
        "Gross Profit": NaN,
        "Operating Income": 239,
        "EBIT": 328,
        "Net Income": 171
    },
    "2013-06-30": {
        "Diluted EPS": 0.51,
        "Total Revenue": NaN,
        "Gross Profit": 942,
        "Operating Income": 94,
        "EBIT": 180,
        "Net Income": 72
    },
    "2013-03-31": {
        "Diluted EPS": -0.77,
        "Total Revenue": NaN,
        "Gross Profit": 762,
        "Operating Income": -106,
        "EBIT": 31,
        "Net Income": -104
    },
    "2012-12-31": {
        "Diluted EPS": 0.05,
        "Total Revenue": 975,
        "Gross Profit": 750,
        "Operating Income": 2,
        "EBIT": 75,
        "Net Income": 7
    },
    "2012-09-30": {
        "Diluted EPS": 1.21,
        "Total Revenue": NaN,
        "Gross Profit": 955,
        "Operating Income": 227,
        "EBIT": 296,
        "Net Income": 171
    },
    "2012-06-30": {
        "Diluted EPS": 0.76,
        "Total Revenue": NaN,
        "Gross Profit": 810,
        "Operating Income": 154,
        "EBIT": 218,
        "Net Income": 105
    },
    "2012-03-31": {
        "Diluted EPS": -0.02,
        "Total Revenue": 816,
        "Gross Profit": 616,
        "Operating Income": 49,
        "EBIT": 103,
        "Net Income": -3
    },
    "2011-12-31": {
        "Diluted EPS": 0.53,
        "Total Revenue": 787,
        "Gross Profit": 604,
        "Operating Income": 92,
        "EBIT": 156,
        "Net Income": 70
    },
    "2011-09-30": {
        "Diluted EPS": 1.5,
        "Total Revenue": NaN,
        "Gross Profit": 814,
        "Operating Income": 209,
        "EBIT": 264,
        "Net Income": 210
    },
    "2011-06-30": {
        "Diluted EPS": 1.01,
        "Total Revenue": 914,
        "Gross Profit": 718,
        "Operating Income": 144,
        "EBIT": 193,
        "Net Income": 140
    },
    "2011-03-31": {
        "Diluted EPS": 0.37,
        "Total Revenue": 728,
        "Gross Profit": 552,
        "Operating Income": 35,
        "EBIT": 85,
        "Net Income": 52
    },
    "2010-12-31": {
        "Diluted EPS": 0.49,
        "Total Revenue": 494,
        "Gross Profit": 325,
        "Operating Income": -82,
        "EBIT": -60,
        "Net Income": 71
    },
    "2010-09-30": {
        "Diluted EPS": 1.24,
        "Total Revenue": 988,
        "Gross Profit": 798,
        "Operating Income": 277,
        "EBIT": 329,
        "Net Income": 177
    },
    "2010-06-30": {
        "Diluted EPS": 0.8,
        "Total Revenue": 834,
        "Gross Profit": 665,
        "Operating Income": 194,
        "EBIT": 247,
        "Net Income": 114
    },
    "2010-03-31": {
        "Diluted EPS": 0.4,
        "Total Revenue": 718,
        "Gross Profit": 560,
        "Operating Income": 112,
        "EBIT": 166,
        "Net Income": 59
    },
    "2009-12-31": {
        "Diluted EPS": 0.69,
        "Total Revenue": 485,
        "Gross Profit": 344,
        "Operating Income": -33,
        "EBIT": -10,
        "Net Income": 102
    },
    "2009-09-30": {
        "Diluted EPS": 0.8,
        "Total Revenue": 852,
        "Gross Profit": 683,
        "Operating Income": 223,
        "EBIT": 273,
        "Net Income": 117
    },
    "2009-06-30": {
        "Diluted EPS": 0.28,
        "Total Revenue": 770,
        "Gross Profit": 621,
        "Operating Income": 115,
        "EBIT": 162,
        "Net Income": 41
    },
    "2009-03-31": {
        "Diluted EPS": 0.28,
        "Total Revenue": 636,
        "Gross Profit": 492,
        "Operating Income": 93,
        "EBIT": 145,
        "Net Income": 39
    },
    "2023-09-30": {
        "Tax Effect Of Unusual Items": NaN,
        "Tax Rate For Calcs": NaN,
        "Normalized EBITDA": NaN,
        "Total Unusual Items": NaN,
        "Total Unusual Items Excluding Goodwill": NaN,
        "Net Income From Continuing Operation Net Minority Interest": NaN,
        "Reconciled Depreciation": NaN,
        "Reconciled Cost Of Revenue": NaN,
        "EBITDA": NaN,
        "EBIT": NaN,
        "Net Interest Income": NaN,
        "Interest Expense": NaN,
        "Interest Income": NaN,
        "Normalized Income": NaN,
        "Net Income From Continuing And Discontinued Operation": NaN,
        "Total Expenses": NaN,
        "Total Operating Income As Reported": NaN,
        "Diluted Average Shares": NaN,
        "Basic Average Shares": NaN,
        "Diluted EPS": NaN,
        "Basic EPS": NaN,
        "Diluted NI Availto Com Stockholders": NaN,
        "Net Income Common Stockholders": NaN,
        "Net Income": NaN,
        "Minority Interests": NaN,
        "Net Income Including Noncontrolling Interests": NaN,
        "Net Income Continuous Operations": NaN,
        "Tax Provision": NaN,
        "Pretax Income": NaN,
        "Other Income Expense": NaN,
        "Other Non Operating Income Expenses": NaN,
        "Special Income Charges": NaN,
        "Gain On Sale Of Business": NaN,
        "Other Special Charges": NaN,
        "Impairment Of Capital Assets": 312000000.0,
        "Restructuring And Mergern Acquisition": NaN,
        "Gain On Sale Of Security": NaN,
        "Net Non Operating Interest Income Expense": NaN,
        "Interest Expense Non Operating": NaN,
        "Interest Income Non Operating": NaN,
        "Operating Income": NaN,
        "Operating Expense": NaN,
        "Other Taxes": NaN,
        "Depreciation Amortization Depletion Income Statement": NaN,
        "Depreciation And Amortization In Income Statement": NaN,
        "Amortization": NaN,
        "Amortization Of Intangibles Income Statement": NaN,
        "Depreciation Income Statement": NaN,
        "Research And Development": NaN,
        "Selling General And Administration": NaN,
        "Selling And Marketing Expense": NaN,
        "General And Administrative Expense": NaN,
        "Other Gand A": NaN,
        "Salaries And Wages": NaN,
        "Gross Profit": NaN,
        "Cost Of Revenue": NaN,
        "Total Revenue": NaN,
        "Operating Revenue": NaN
    },
    "2023-12-31": {
        "Tax Effect Of Unusual Items": NaN,
        "Tax Rate For Calcs": NaN,
        "Normalized EBITDA": NaN,
        "Total Unusual Items": NaN,
        "Total Unusual Items Excluding Goodwill": NaN,
        "Net Income From Continuing Operation Net Minority Interest": NaN,
        "Reconciled Depreciation": NaN,
        "Reconciled Cost Of Revenue": NaN,
        "EBITDA": NaN,
        "EBIT": NaN,
        "Net Interest Income": NaN,
        "Interest Expense": NaN,
        "Interest Income": NaN,
        "Normalized Income": NaN,
        "Net Income From Continuing And Discontinued Operation": NaN,
        "Total Expenses": NaN,
        "Total Operating Income As Reported": NaN,
        "Diluted Average Shares": NaN,
        "Basic Average Shares": NaN,
        "Diluted EPS": NaN,
        "Basic EPS": NaN,
        "Diluted NI Availto Com Stockholders": NaN,
        "Net Income Common Stockholders": NaN,
        "Net Income": NaN,
        "Minority Interests": NaN,
        "Net Income Including Noncontrolling Interests": NaN,
        "Net Income Continuous Operations": NaN,
        "Tax Provision": NaN,
        "Pretax Income": NaN,
        "Other Income Expense": NaN,
        "Other Non Operating Income Expenses": NaN,
        "Special Income Charges": NaN,
        "Gain On Sale Of Business": NaN,
        "Other Special Charges": NaN,
        "Impairment Of Capital Assets": 114000000.0,
        "Restructuring And Mergern Acquisition": NaN,
        "Gain On Sale Of Security": NaN,
        "Net Non Operating Interest Income Expense": NaN,
        "Interest Expense Non Operating": NaN,
        "Interest Income Non Operating": NaN,
        "Operating Income": NaN,
        "Operating Expense": NaN,
        "Other Taxes": 0.0,
        "Depreciation Amortization Depletion Income Statement": NaN,
        "Depreciation And Amortization In Income Statement": NaN,
        "Amortization": NaN,
        "Amortization Of Intangibles Income Statement": NaN,
        "Depreciation Income Statement": NaN,
        "Research And Development": NaN,
        "Selling General And Administration": NaN,
        "Selling And Marketing Expense": NaN,
        "General And Administrative Expense": NaN,
        "Other Gand A": NaN,
        "Salaries And Wages": NaN,
        "Gross Profit": NaN,
        "Cost Of Revenue": NaN,
        "Total Revenue": NaN,
        "Operating Revenue": NaN
    },
    "2024-03-31": {
        "Tax Effect Of Unusual Items": NaN,
        "Tax Rate For Calcs": NaN,
        "Normalized EBITDA": NaN,
        "Total Unusual Items": NaN,
        "Total Unusual Items Excluding Goodwill": NaN,
        "Net Income From Continuing Operation Net Minority Interest": NaN,
        "Reconciled Depreciation": NaN,
        "Reconciled Cost Of Revenue": NaN,
        "EBITDA": NaN,
        "EBIT": NaN,
        "Net Interest Income": NaN,
        "Interest Expense": NaN,
        "Interest Income": NaN,
        "Normalized Income": NaN,
        "Net Income From Continuing And Discontinued Operation": NaN,
        "Total Expenses": NaN,
        "Total Operating Income As Reported": NaN,
        "Diluted Average Shares": NaN,
        "Basic Average Shares": NaN,
        "Diluted EPS": NaN,
        "Basic EPS": NaN,
        "Diluted NI Availto Com Stockholders": NaN,
        "Net Income Common Stockholders": NaN,
        "Net Income": NaN,
        "Minority Interests": NaN,
        "Net Income Including Noncontrolling Interests": NaN,
        "Net Income Continuous Operations": NaN,
        "Tax Provision": NaN,
        "Pretax Income": NaN,
        "Other Income Expense": NaN,
        "Other Non Operating Income Expenses": NaN,
        "Special Income Charges": NaN,
        "Gain On Sale Of Business": 3000000.0,
        "Other Special Charges": NaN,
        "Impairment Of Capital Assets": NaN,
        "Restructuring And Mergern Acquisition": NaN,
        "Gain On Sale Of Security": NaN,
        "Net Non Operating Interest Income Expense": NaN,
        "Interest Expense Non Operating": NaN,
        "Interest Income Non Operating": NaN,
        "Operating Income": NaN,
        "Operating Expense": NaN,
        "Other Taxes": 0.0,
        "Depreciation Amortization Depletion Income Statement": NaN,
        "Depreciation And Amortization In Income Statement": NaN,
        "Amortization": NaN,
        "Amortization Of Intangibles Income Statement": NaN,
        "Depreciation Income Statement": NaN,
        "Research And Development": NaN,
        "Selling General And Administration": NaN,
        "Selling And Marketing Expense": NaN,
        "General And Administrative Expense": NaN,
        "Other Gand A": NaN,
        "Salaries And Wages": NaN,
        "Gross Profit": NaN,
        "Cost Of Revenue": NaN,
        "Total Revenue": NaN,
        "Operating Revenue": NaN
    },
    "2024-06-30": {
        "Tax Effect Of Unusual Items": NaN,
        "Tax Rate For Calcs": NaN,
        "Normalized EBITDA": NaN,
        "Total Unusual Items": NaN,
        "Total Unusual Items Excluding Goodwill": NaN,
        "Net Income From Continuing Operation Net Minority Interest": NaN,
        "Reconciled Depreciation": NaN,
        "Reconciled Cost Of Revenue": NaN,
        "EBITDA": NaN,
        "EBIT": NaN,
        "Net Interest Income": NaN,
        "Interest Expense": NaN,
        "Interest Income": NaN,
        "Normalized Income": NaN,
        "Net Income From Continuing And Discontinued Operation": NaN,
        "Total Expenses": NaN,
        "Total Operating Income As Reported": NaN,
        "Diluted Average Shares": NaN,
        "Basic Average Shares": NaN,
        "Diluted EPS": NaN,
        "Basic EPS": NaN,
        "Diluted NI Availto Com Stockholders": NaN,
        "Net Income Common Stockholders": NaN,
        "Net Income": NaN,
        "Minority Interests": NaN,
        "Net Income Including Noncontrolling Interests": NaN,
        "Net Income Continuous Operations": NaN,
        "Tax Provision": NaN,
        "Pretax Income": NaN,
        "Other Income Expense": NaN,
        "Other Non Operating Income Expenses": 6000000.0,
        "Special Income Charges": NaN,
        "Gain On Sale Of Business": 0.0,
        "Other Special Charges": 21000000.0,
        "Impairment Of Capital Assets": NaN,
        "Restructuring And Mergern Acquisition": NaN,
        "Gain On Sale Of Security": NaN,
        "Net Non Operating Interest Income Expense": NaN,
        "Interest Expense Non Operating": NaN,
        "Interest Income Non Operating": NaN,
        "Operating Income": NaN,
        "Operating Expense": NaN,
        "Other Taxes": -6000000.0,
        "Depreciation Amortization Depletion Income Statement": NaN,
        "Depreciation And Amortization In Income Statement": NaN,
        "Amortization": NaN,
        "Amortization Of Intangibles Income Statement": NaN,
        "Depreciation Income Statement": NaN,
        "Research And Development": NaN,
        "Selling General And Administration": NaN,
        "Selling And Marketing Expense": NaN,
        "General And Administrative Expense": NaN,
        "Other Gand A": NaN,
        "Salaries And Wages": NaN,
        "Gross Profit": NaN,
        "Cost Of Revenue": NaN,
        "Total Revenue": NaN,
        "Operating Revenue": NaN
    },
    "2024-09-30": {
        "Tax Effect Of Unusual Items": 1736000.0,
        "Tax Rate For Calcs": 0.217,
        "Normalized EBITDA": 1138000000.0,
        "Total Unusual Items": 8000000.0,
        "Total Unusual Items Excluding Goodwill": 8000000.0,
        "Net Income From Continuing Operation Net Minority Interest": 684000000.0,
        "Reconciled Depreciation": 211000000.0,
        "Reconciled Cost Of Revenue": 388000000.0,
        "EBITDA": 1146000000.0,
        "EBIT": 935000000.0,
        "Net Interest Income": 6000000.0,
        "Interest Expense": 61000000.0,
        "Interest Income": 67000000.0,
        "Normalized Income": 677736000.0,
        "Net Income From Continuing And Discontinued Operation": 684000000.0,
        "Total Expenses": 3200000000.0,
        "Total Operating Income As Reported": 762000000.0,
        "Diluted Average Shares": 135732000.0,
        "Basic Average Shares": 129758000.0,
        "Diluted EPS": 5.04,
        "Basic EPS": 5.28,
        "Diluted NI Availto Com Stockholders": 684000000.0,
        "Net Income Common Stockholders": 684000000.0,
        "Net Income": 684000000.0,
        "Minority Interests": 0.0,
        "Net Income Including Noncontrolling Interests": 684000000.0,
        "Net Income Continuous Operations": 684000000.0,
        "Tax Provision": 190000000.0,
        "Pretax Income": 874000000.0,
        "Other Income Expense": 8000000.0,
        "Other Non Operating Income Expenses": -2000000.0,
        "Special Income Charges": -98000000.0,
        "Gain On Sale Of Business": 2000000.0,
        "Other Special Charges": 59000000.0,
        "Impairment Of Capital Assets": 33000000.0,
        "Restructuring And Mergern Acquisition": 6000000.0,
        "Gain On Sale Of Security": 106000000.0,
        "Net Non Operating Interest Income Expense": 6000000.0,
        "Interest Expense Non Operating": 61000000.0,
        "Interest Income Non Operating": 67000000.0,
        "Operating Income": 860000000.0,
        "Operating Expense": 2812000000.0,
        "Other Taxes": 0.0,
        "Depreciation Amortization Depletion Income Statement": 211000000.0,
        "Depreciation And Amortization In Income Statement": 211000000.0,
        "Amortization": 14000000.0,
        "Amortization Of Intangibles Income Statement": 14000000.0,
        "Depreciation Income Statement": 197000000.0,
        "Research And Development": 320000000.0,
        "Selling General And Administration": 2281000000.0,
        "Selling And Marketing Expense": 2052000000.0,
        "General And Administrative Expense": 229000000.0,
        "Other Gand A": 36000000.0,
        "Salaries And Wages": 193000000.0,
        "Gross Profit": 3672000000.0,
        "Cost Of Revenue": 388000000.0,
        "Total Revenue": 4060000000.0,
        "Operating Revenue": 4060000000.0
    },
    "2024-12-31": {
        "Tax Effect Of Unusual Items": -913432.835821,
        "Tax Rate For Calcs": 0.101493,
        "Normalized EBITDA": 618000000.0,
        "Total Unusual Items": -9000000.0,
        "Total Unusual Items Excluding Goodwill": -9000000.0,
        "Net Income From Continuing Operation Net Minority Interest": 299000000.0,
        "Reconciled Depreciation": 212000000.0,
        "Reconciled Cost Of Revenue": 335000000.0,
        "EBITDA": 609000000.0,
        "EBIT": 397000000.0,
        "Net Interest Income": -12000000.0,
        "Interest Expense": 62000000.0,
        "Interest Income": 50000000.0,
        "Normalized Income": 307086567.164179,
        "Net Income From Continuing And Discontinued Operation": 299000000.0,
        "Total Expenses": 2828000000.0,
        "Total Operating Income As Reported": 216000000.0,
        "Diluted Average Shares": 135732000.0,
        "Basic Average Shares": 128569000.0,
        "Diluted EPS": 2.2,
        "Basic EPS": 2.32,
        "Diluted NI Availto Com Stockholders": 299000000.0,
        "Net Income Common Stockholders": 299000000.0,
        "Net Income": 299000000.0,
        "Minority Interests": -2000000.0,
        "Net Income Including Noncontrolling Interests": 301000000.0,
        "Net Income Continuous Operations": 301000000.0,
        "Tax Provision": 34000000.0,
        "Pretax Income": 335000000.0,
        "Other Income Expense": -9000000.0,
        "Other Non Operating Income Expenses": NaN,
        "Special Income Charges": -140000000.0,
        "Gain On Sale Of Business": 0.0,
        "Other Special Charges": 18000000.0,
        "Impairment Of Capital Assets": 114000000.0,
        "Restructuring And Mergern Acquisition": 8000000.0,
        "Gain On Sale Of Security": 131000000.0,
        "Net Non Operating Interest Income Expense": -12000000.0,
        "Interest Expense Non Operating": 62000000.0,
        "Interest Income Non Operating": 50000000.0,
        "Operating Income": 356000000.0,
        "Operating Expense": 2493000000.0,
        "Other Taxes": 0.0,
        "Depreciation Amortization Depletion Income Statement": 212000000.0,
        "Depreciation And Amortization In Income Statement": 212000000.0,
        "Amortization": 13000000.0,
        "Amortization Of Intangibles Income Statement": 13000000.0,
        "Depreciation Income Statement": 199000000.0,
        "Research And Development": 322000000.0,
        "Selling General And Administration": 1959000000.0,
        "Selling And Marketing Expense": 1749000000.0,
        "General And Administrative Expense": 210000000.0,
        "Other Gand A": 57000000.0,
        "Salaries And Wages": 153000000.0,
        "Gross Profit": 2849000000.0,
        "Cost Of Revenue": 335000000.0,
        "Total Revenue": 3184000000.0,
        "Operating Revenue": 3184000000.0
    },
    "2025-03-31": {
        "Tax Effect Of Unusual Items": -15364000.0,
        "Tax Rate For Calcs": 0.092,
        "Normalized EBITDA": 227000000.0,
        "Total Unusual Items": -167000000.0,
        "Total Unusual Items Excluding Goodwill": -167000000.0,
        "Net Income From Continuing Operation Net Minority Interest": -200000000.0,
        "Reconciled Depreciation": 219000000.0,
        "Reconciled Cost Of Revenue": 357000000.0,
        "EBITDA": 60000000.0,
        "EBIT": -159000000.0,
        "Net Interest Income": -4000000.0,
        "Interest Expense": 58000000.0,
        "Interest Income": 54000000.0,
        "Normalized Income": -48364000.0,
        "Net Income From Continuing And Discontinued Operation": -200000000.0,
        "Total Expenses": 3032000000.0,
        "Total Operating Income As Reported": -70000000.0,
        "Diluted Average Shares": 128641000.0,
        "Basic Average Shares": 128641000.0,
        "Diluted EPS": -1.56,
        "Basic EPS": -1.56,
        "Diluted NI Availto Com Stockholders": -200000000.0,
        "Net Income Common Stockholders": -200000000.0,
        "Net Income": -200000000.0,
        "Minority Interests": -3000000.0,
        "Net Income Including Noncontrolling Interests": -197000000.0,
        "Net Income Continuous Operations": -197000000.0,
        "Tax Provision": -20000000.0,
        "Pretax Income": -217000000.0,
        "Other Income Expense": -169000000.0,
        "Other Non Operating Income Expenses": -2000000.0,
        "Special Income Charges": -23000000.0,
        "Gain On Sale Of Business": 3000000.0,
        "Other Special Charges": NaN,
        "Impairment Of Capital Assets": NaN,
        "Restructuring And Mergern Acquisition": 26000000.0,
        "Gain On Sale Of Security": -144000000.0,
        "Net Non Operating Interest Income Expense": -4000000.0,
        "Interest Expense Non Operating": 58000000.0,
        "Interest Income Non Operating": 54000000.0,
        "Operating Income": -44000000.0,
        "Operating Expense": 2675000000.0,
        "Other Taxes": NaN,
        "Depreciation Amortization Depletion Income Statement": 219000000.0,
        "Depreciation And Amortization In Income Statement": 219000000.0,
        "Amortization": 11000000.0,
        "Amortization Of Intangibles Income Statement": 11000000.0,
        "Depreciation Income Statement": 208000000.0,
        "Research And Development": 320000000.0,
        "Selling General And Administration": 2136000000.0,
        "Selling And Marketing Expense": 1956000000.0,
        "General And Administrative Expense": 180000000.0,
        "Other Gand A": 34000000.0,
        "Salaries And Wages": 146000000.0,
        "Gross Profit": 2631000000.0,
        "Cost Of Revenue": 357000000.0,
        "Total Revenue": 2988000000.0,
        "Operating Revenue": 2988000000.0
    },
    "2025-06-30": {
        "Tax Effect Of Unusual Items": -28680000.0,
        "Tax Rate For Calcs": 0.239,
        "Normalized EBITDA": 824000000.0,
        "Total Unusual Items": -120000000.0,
        "Total Unusual Items Excluding Goodwill": -120000000.0,
        "Net Income From Continuing Operation Net Minority Interest": 330000000.0,
        "Reconciled Depreciation": 223000000.0,
        "Reconciled Cost Of Revenue": 377000000.0,
        "EBITDA": 704000000.0,
        "EBIT": 481000000.0,
        "Net Interest Income": 16000000.0,
        "Interest Expense": 58000000.0,
        "Interest Income": 74000000.0,
        "Normalized Income": 421320000.0,
        "Net Income From Continuing And Discontinued Operation": 330000000.0,
        "Total Expenses": 3255000000.0,
        "Total Operating Income As Reported": 485000000.0,
        "Diluted Average Shares": 132809000.0,
        "Basic Average Shares": 126453000.0,
        "Diluted EPS": 2.48,
        "Basic EPS": 2.61,
        "Diluted NI Availto Com Stockholders": 330000000.0,
        "Net Income Common Stockholders": 330000000.0,
        "Net Income": 330000000.0,
        "Minority Interests": 8000000.0,
        "Net Income Including Noncontrolling Interests": 322000000.0,
        "Net Income Continuous Operations": 322000000.0,
        "Tax Provision": 101000000.0,
        "Pretax Income": 423000000.0,
        "Other Income Expense": -124000000.0,
        "Other Non Operating Income Expenses": -4000000.0,
        "Special Income Charges": -46000000.0,
        "Gain On Sale Of Business": NaN,
        "Other Special Charges": 2000000.0,
        "Impairment Of Capital Assets": NaN,
        "Restructuring And Mergern Acquisition": 44000000.0,
        "Gain On Sale Of Security": -74000000.0,
        "Net Non Operating Interest Income Expense": 16000000.0,
        "Interest Expense Non Operating": 58000000.0,
        "Interest Income Non Operating": 74000000.0,
        "Operating Income": 531000000.0,
        "Operating Expense": 2878000000.0,
        "Other Taxes": NaN,
        "Depreciation Amortization Depletion Income Statement": 223000000.0,
        "Depreciation And Amortization In Income Statement": 223000000.0,
        "Amortization": 11000000.0,
        "Amortization Of Intangibles Income Statement": 11000000.0,
        "Depreciation Income Statement": 212000000.0,
        "Research And Development": 325000000.0,
        "Selling General And Administration": 2330000000.0,
        "Selling And Marketing Expense": 2133000000.0,
        "General And Administrative Expense": 197000000.0,
        "Other Gand A": 46000000.0,
        "Salaries And Wages": 151000000.0,
        "Gross Profit": 3409000000.0,
        "Cost Of Revenue": 377000000.0,
        "Total Revenue": 3786000000.0,
        "Operating Revenue": 3786000000.0
    },
    "2025-09-30": {
        "Tax Effect Of Unusual Items": 147000.0,
        "Tax Rate For Calcs": 0.147,
        "Normalized EBITDA": 1417000000.0,
        "Total Unusual Items": 1000000.0,
        "Total Unusual Items Excluding Goodwill": 1000000.0,
        "Net Income From Continuing Operation Net Minority Interest": 959000000.0,
        "Reconciled Depreciation": 225000000.0,
        "Reconciled Cost Of Revenue": 376000000.0,
        "EBITDA": 1418000000.0,
        "EBIT": 1193000000.0,
        "Net Interest Income": 7000000.0,
        "Interest Expense": 62000000.0,
        "Interest Income": 69000000.0,
        "Normalized Income": 958147000.0,
        "Net Income From Continuing And Discontinued Operation": 959000000.0,
        "Total Expenses": 3284000000.0,
        "Total Operating Income As Reported": 1036000000.0,
        "Diluted Average Shares": 131014000.0,
        "Basic Average Shares": 123699000.0,
        "Diluted EPS": 7.33,
        "Basic EPS": 7.76,
        "Diluted NI Availto Com Stockholders": 959000000.0,
        "Net Income Common Stockholders": 959000000.0,
        "Net Income": 959000000.0,
        "Minority Interests": -5000000.0,
        "Net Income Including Noncontrolling Interests": 964000000.0,
        "Net Income Continuous Operations": 964000000.0,
        "Tax Provision": 167000000.0,
        "Pretax Income": 1131000000.0,
        "Other Income Expense": -4000000.0,
        "Other Non Operating Income Expenses": -5000000.0,
        "Special Income Charges": -92000000.0,
        "Gain On Sale Of Business": NaN,
        "Other Special Charges": 86000000.0,
        "Impairment Of Capital Assets": 0.0,
        "Restructuring And Mergern Acquisition": 6000000.0,
        "Gain On Sale Of Security": 93000000.0,
        "Net Non Operating Interest Income Expense": 7000000.0,
        "Interest Expense Non Operating": 62000000.0,
        "Interest Income Non Operating": 69000000.0,
        "Operating Income": 1128000000.0,
        "Operating Expense": 2908000000.0,
        "Other Taxes": NaN,
        "Depreciation Amortization Depletion Income Statement": 225000000.0,
        "Depreciation And Amortization In Income Statement": 225000000.0,
        "Amortization": 10000000.0,
        "Amortization Of Intangibles Income Statement": 10000000.0,
        "Depreciation Income Statement": 215000000.0,
        "Research And Development": 310000000.0,
        "Selling General And Administration": 2373000000.0,
        "Selling And Marketing Expense": 2187000000.0,
        "General And Administrative Expense": 186000000.0,
        "Other Gand A": 46000000.0,
        "Salaries And Wages": 140000000.0,
        "Gross Profit": 4036000000.0,
        "Cost Of Revenue": 376000000.0,
        "Total Revenue": 4412000000.0,
        "Operating Revenue": 4412000000.0
    }
}