{
    "2023-06-30": {
        "Tax Effect Of Unusual Items": NaN,
        "Tax Rate For Calcs": NaN,
        "Normalized EBITDA": NaN,
        "Total Unusual Items": NaN,
        "Total Unusual Items Excluding Goodwill": NaN,
        "Net Income From Continuing Operation Net Minority Interest": NaN,
        "Reconciled Depreciation": NaN,
        "Reconciled Cost Of Revenue": NaN,
        "EBITDA": NaN,
        "EBIT": NaN,
        "Net Interest Income": NaN,
        "Interest Expense": NaN,
        "Interest Income": NaN,
        "Normalized Income": NaN,
        "Net Income From Continuing And Discontinued Operation": NaN,
        "Total Expenses": NaN,
        "Rent Expense Supplemental": NaN,
        "Total Operating Income As Reported": NaN,
        "Diluted Average Shares": 162233045.0,
        "Basic Average Shares": 162233045.0,
        "Diluted EPS": -38.08,
        "Basic EPS": -38.08,
        "Diluted NI Availto Com Stockholders": NaN,
        "Net Income Common Stockholders": NaN,
        "Otherunder Preferred Stock Dividend": 0.0,
        "Net Income": NaN,
        "Minority Interests": NaN,
        "Net Income Including Noncontrolling Interests": NaN,
        "Net Income Continuous Operations": NaN,
        "Tax Provision": NaN,
        "Pretax Income": NaN,
        "Other Income Expense": NaN,
        "Special Income Charges": NaN,
        "Gain On Sale Of Ppe": NaN,
        "Other Special Charges": NaN,
        "Write Off": -42000000.0,
        "Impairment Of Capital Assets": 3860000000.0,
        "Restructuring And Mergern Acquisition": NaN,
        "Earnings From Equity Interest": NaN,
        "Gain On Sale Of Security": NaN,
        "Net Non Operating Interest Income Expense": NaN,
        "Total Other Finance Cost": NaN,
        "Interest Expense Non Operating": NaN,
        "Interest Income Non Operating": NaN,
        "Operating Income": NaN,
        "Operating Expense": NaN,
        "Other Operating Expenses": NaN,
        "Other Taxes": NaN,
        "Provision For Doubtful Accounts": NaN,
        "Depreciation Amortization Depletion Income Statement": NaN,
        "Depreciation And Amortization In Income Statement": NaN,
        "Depreciation Income Statement": 141235000000.0,
        "Selling General And Administration": NaN,
        "Selling And Marketing Expense": NaN,
        "General And Administrative Expense": NaN,
        "Other Gand A": NaN,
        "Insurance And Claims": NaN,
        "Rent And Landing Fees": NaN,
        "Salaries And Wages": NaN,
        "Gross Profit": NaN,
        "Cost Of Revenue": NaN,
        "Total Revenue": NaN,
        "Operating Revenue": NaN
    },
    "2023-03-31": {
        "Tax Effect Of Unusual Items": NaN,
        "Tax Rate For Calcs": NaN,
        "Normalized EBITDA": NaN,
        "Total Unusual Items": NaN,
        "Total Unusual Items Excluding Goodwill": NaN,
        "Net Income From Continuing Operation Net Minority Interest": NaN,
        "Reconciled Depreciation": NaN,
        "Reconciled Cost Of Revenue": NaN,
        "EBITDA": NaN,
        "EBIT": NaN,
        "Net Interest Income": NaN,
        "Interest Expense": NaN,
        "Interest Income": NaN,
        "Normalized Income": NaN,
        "Net Income From Continuing And Discontinued Operation": NaN,
        "Total Expenses": NaN,
        "Rent Expense Supplemental": NaN,
        "Total Operating Income As Reported": NaN,
        "Diluted Average Shares": NaN,
        "Basic Average Shares": NaN,
        "Diluted EPS": NaN,
        "Basic EPS": NaN,
        "Diluted NI Availto Com Stockholders": NaN,
        "Net Income Common Stockholders": NaN,
        "Otherunder Preferred Stock Dividend": 0.0,
        "Net Income": NaN,
        "Minority Interests": NaN,
        "Net Income Including Noncontrolling Interests": NaN,
        "Net Income Continuous Operations": NaN,
        "Tax Provision": NaN,
        "Pretax Income": NaN,
        "Other Income Expense": NaN,
        "Special Income Charges": NaN,
        "Gain On Sale Of Ppe": NaN,
        "Other Special Charges": NaN,
        "Write Off": NaN,
        "Impairment Of Capital Assets": NaN,
        "Restructuring And Mergern Acquisition": NaN,
        "Earnings From Equity Interest": NaN,
        "Gain On Sale Of Security": NaN,
        "Net Non Operating Interest Income Expense": NaN,
        "Total Other Finance Cost": NaN,
        "Interest Expense Non Operating": NaN,
        "Interest Income Non Operating": NaN,
        "Operating Income": NaN,
        "Operating Expense": NaN,
        "Other Operating Expenses": NaN,
        "Other Taxes": NaN,
        "Provision For Doubtful Accounts": NaN,
        "Depreciation Amortization Depletion Income Statement": NaN,
        "Depreciation And Amortization In Income Statement": NaN,
        "Depreciation Income Statement": 142192000000.0,
        "Selling General And Administration": NaN,
        "Selling And Marketing Expense": NaN,
        "General And Administrative Expense": NaN,
        "Other Gand A": NaN,
        "Insurance And Claims": NaN,
        "Rent And Landing Fees": NaN,
        "Salaries And Wages": NaN,
        "Gross Profit": NaN,
        "Cost Of Revenue": NaN,
        "Total Revenue": NaN,
        "Operating Revenue": NaN
    },
    "2022-12-31": {
        "Tax Effect Of Unusual Items": NaN,
        "Tax Rate For Calcs": NaN,
        "Normalized EBITDA": NaN,
        "Total Unusual Items": NaN,
        "Total Unusual Items Excluding Goodwill": NaN,
        "Net Income From Continuing Operation Net Minority Interest": NaN,
        "Reconciled Depreciation": NaN,
        "Reconciled Cost Of Revenue": NaN,
        "EBITDA": NaN,
        "EBIT": NaN,
        "Net Interest Income": NaN,
        "Interest Expense": NaN,
        "Interest Income": NaN,
        "Normalized Income": NaN,
        "Net Income From Continuing And Discontinued Operation": NaN,
        "Total Expenses": NaN,
        "Rent Expense Supplemental": NaN,
        "Total Operating Income As Reported": NaN,
        "Diluted Average Shares": NaN,
        "Basic Average Shares": NaN,
        "Diluted EPS": NaN,
        "Basic EPS": NaN,
        "Diluted NI Availto Com Stockholders": NaN,
        "Net Income Common Stockholders": NaN,
        "Otherunder Preferred Stock Dividend": 0.0,
        "Net Income": NaN,
        "Minority Interests": NaN,
        "Net Income Including Noncontrolling Interests": NaN,
        "Net Income Discontinuous Operations": 0.0,
        "Net Income Continuous Operations": NaN,
        "Tax Provision": NaN,
        "Pretax Income": NaN,
        "Other Income Expense": NaN,
        "Special Income Charges": NaN,
        "Gain On Sale Of Ppe": NaN,
        "Other Special Charges": NaN,
        "Write Off": 8490000000.0,
        "Impairment Of Capital Assets": NaN,
        "Restructuring And Mergern Acquisition": NaN,
        "Earnings From Equity Interest": NaN,
        "Gain On Sale Of Security": NaN,
        "Net Non Operating Interest Income Expense": NaN,
        "Total Other Finance Cost": NaN,
        "Interest Expense Non Operating": NaN,
        "Interest Income Non Operating": NaN,
        "Operating Income": NaN,
        "Operating Expense": NaN,
        "Other Operating Expenses": NaN,
        "Other Taxes": NaN,
        "Provision For Doubtful Accounts": NaN,
        "Depreciation Amortization Depletion Income Statement": NaN,
        "Depreciation And Amortization In Income Statement": NaN,
        "Depreciation Income Statement": 136191000000.0,
        "Selling General And Administration": NaN,
        "Selling And Marketing Expense": NaN,
        "General And Administrative Expense": NaN,
        "Other Gand A": NaN,
        "Insurance And Claims": NaN,
        "Rent And Landing Fees": NaN,
        "Salaries And Wages": NaN,
        "Gross Profit": NaN,
        "Cost Of Revenue": NaN,
        "Total Revenue": NaN,
        "Operating Revenue": NaN
    },
    "2022-09-30": {
        "Tax Effect Of Unusual Items": NaN,
        "Tax Rate For Calcs": NaN,
        "Normalized EBITDA": NaN,
        "Total Unusual Items": NaN,
        "Total Unusual Items Excluding Goodwill": NaN,
        "Net Income From Continuing Operation Net Minority Interest": NaN,
        "Reconciled Depreciation": NaN,
        "Reconciled Cost Of Revenue": NaN,
        "EBITDA": NaN,
        "EBIT": NaN,
        "Net Interest Income": NaN,
        "Interest Expense": NaN,
        "Interest Income": NaN,
        "Normalized Income": NaN,
        "Net Income From Continuing And Discontinued Operation": NaN,
        "Total Expenses": NaN,
        "Rent Expense Supplemental": NaN,
        "Total Operating Income As Reported": NaN,
        "Diluted Average Shares": 162233045.0,
        "Basic Average Shares": 162233045.0,
        "Diluted EPS": 307.84,
        "Basic EPS": 307.84,
        "Diluted NI Availto Com Stockholders": NaN,
        "Net Income Common Stockholders": NaN,
        "Otherunder Preferred Stock Dividend": 0.0,
        "Net Income": NaN,
        "Minority Interests": NaN,
        "Net Income Including Noncontrolling Interests": NaN,
        "Net Income Discontinuous Operations": 0.0,
        "Net Income Continuous Operations": NaN,
        "Tax Provision": NaN,
        "Pretax Income": NaN,
        "Other Income Expense": NaN,
        "Other Non Operating Income Expenses": 52000000.0,
        "Special Income Charges": NaN,
        "Gain On Sale Of Ppe": NaN,
        "Other Special Charges": NaN,
        "Write Off": 1594000000.0,
        "Impairment Of Capital Assets": 724000000.0,
        "Restructuring And Mergern Acquisition": NaN,
        "Earnings From Equity Interest": NaN,
        "Gain On Sale Of Security": NaN,
        "Net Non Operating Interest Income Expense": NaN,
        "Total Other Finance Cost": NaN,
        "Interest Expense Non Operating": NaN,
        "Interest Income Non Operating": NaN,
        "Operating Income": NaN,
        "Operating Expense": NaN,
        "Other Operating Expenses": NaN,
        "Other Taxes": NaN,
        "Provision For Doubtful Accounts": NaN,
        "Depreciation Amortization Depletion Income Statement": NaN,
        "Depreciation And Amortization In Income Statement": NaN,
        "Depreciation Income Statement": 129340000000.0,
        "Research And Development": 534000000.0,
        "Selling General And Administration": NaN,
        "Selling And Marketing Expense": NaN,
        "General And Administrative Expense": NaN,
        "Other Gand A": NaN,
        "Insurance And Claims": NaN,
        "Rent And Landing Fees": NaN,
        "Salaries And Wages": NaN,
        "Gross Profit": NaN,
        "Cost Of Revenue": NaN,
        "Total Revenue": NaN,
        "Operating Revenue": NaN
    },
    "2022-06-30": {
        "Tax Effect Of Unusual Items": 17011021795.726032,
        "Tax Rate For Calcs": 0.308657,
        "Normalized EBITDA": 288638000000.0,
        "Total Unusual Items": 55113000000.0,
        "Total Unusual Items Excluding Goodwill": 55113000000.0,
        "Net Income From Continuing Operation Net Minority Interest": 62264000000.0,
        "Reconciled Depreciation": 143611000000.0,
        "Reconciled Cost Of Revenue": 3530343000000.0,
        "EBITDA": 343751000000.0,
        "EBIT": 200140000000.0,
        "Net Interest Income": -111068000000.0,
        "Interest Expense": 54561000000.0,
        "Interest Income": 5142000000.0,
        "Normalized Income": 24162021795.726032,
        "Net Income From Continuing And Discontinued Operation": 62264000000.0,
        "Total Expenses": 4469053000000.0,
        "Rent Expense Supplemental": 14073000000.0,
        "Total Operating Income As Reported": 237260000000.0,
        "Diluted Average Shares": 162233045.0,
        "Basic Average Shares": 162233045.0,
        "Diluted EPS": 383.76,
        "Basic EPS": 383.76,
        "Diluted NI Availto Com Stockholders": 62264000000.0,
        "Net Income Common Stockholders": 62264000000.0,
        "Otherunder Preferred Stock Dividend": 0.0,
        "Net Income": 62264000000.0,
        "Minority Interests": -38381000000.0,
        "Net Income Including Noncontrolling Interests": 100645000000.0,
        "Net Income Discontinuous Operations": 0.0,
        "Net Income Continuous Operations": 100645000000.0,
        "Tax Provision": 44934000000.0,
        "Pretax Income": 145579000000.0,
        "Other Non Operating Income Expenses": 43000000.0,
        "Special Income Charges": 20306000000.0,
        "Other Special Charges": -28913000000.0,
        "Write Off": 2132000000.0,
        "Impairment Of Capital Assets": -36000000.0,
        "Restructuring And Mergern Acquisition": 6511000000.0,
        "Net Non Operating Interest Income Expense": -111068000000.0,
        "Total Other Finance Cost": 61649000000.0,
        "Interest Expense Non Operating": 54561000000.0,
        "Interest Income Non Operating": 5142000000.0,
        "Operating Income": 248162000000.0,
        "Operating Expense": 938710000000.0,
        "Other Operating Expenses": 132729000000.0,
        "Depreciation And Amortization In Income Statement": 119179000000.0,
        "Depreciation Income Statement": 119179000000.0,
        "Research And Development": 345000000.0,
        "Selling General And Administration": 293626000000.0,
        "Selling And Marketing Expense": 245421000000.0,
        "General And Administrative Expense": 48205000000.0,
        "Rent And Landing Fees": 14073000000.0,
        "Gross Profit": 1186872000000.0,
        "Cost Of Revenue": 3530343000000.0,
        "Total Revenue": 4717215000000.0,
        "Operating Revenue": 4717215000000.0
    },
    "2023-09-30": {
        "Tax Effect Of Unusual Items": 3978800000.0,
        "Tax Rate For Calcs": 0.35,
        "Normalized EBITDA": 258193000000.0,
        "Total Unusual Items": 11368000000.0,
        "Total Unusual Items Excluding Goodwill": 11368000000.0,
        "Net Income From Continuing Operation Net Minority Interest": -31685000000.0,
        "Reconciled Depreciation": 159830000000.0,
        "Reconciled Cost Of Revenue": 3831413000000.0,
        "EBITDA": 269561000000.0,
        "EBIT": 109731000000.0,
        "Net Interest Income": -124109000000.0,
        "Interest Expense": 107541000000.0,
        "Interest Income": 9499000000.0,
        "Normalized Income": -39074200000.0,
        "Net Income From Continuing And Discontinued Operation": -31685000000.0,
        "Total Expenses": 4992122000000.0,
        "Rent Expense Supplemental": 14416000000.0,
        "Total Operating Income As Reported": 136517000000.0,
        "Diluted Average Shares": 162233045.0,
        "Basic Average Shares": 162233045.0,
        "Diluted EPS": -195.28,
        "Basic EPS": -195.28,
        "Diluted NI Availto Com Stockholders": -31685000000.0,
        "Net Income Common Stockholders": -31685000000.0,
        "Otherunder Preferred Stock Dividend": NaN,
        "Net Income": -31685000000.0,
        "Minority Interests": -38872000000.0,
        "Net Income Including Noncontrolling Interests": 7187000000.0,
        "Net Income Continuous Operations": 7187000000.0,
        "Tax Provision": -4997000000.0,
        "Pretax Income": 2190000000.0,
        "Other Income Expense": -13056000000.0,
        "Special Income Charges": -2838000000.0,
        "Gain On Sale Of Ppe": 228000000.0,
        "Other Special Charges": -3196000000.0,
        "Write Off": -31000000.0,
        "Impairment Of Capital Assets": 1166000000.0,
        "Restructuring And Mergern Acquisition": 5127000000.0,
        "Earnings From Equity Interest": -24424000000.0,
        "Gain On Sale Of Security": 14206000000.0,
        "Net Non Operating Interest Income Expense": -124109000000.0,
        "Total Other Finance Cost": 26067000000.0,
        "Interest Expense Non Operating": 107541000000.0,
        "Interest Income Non Operating": 9499000000.0,
        "Operating Income": 139355000000.0,
        "Operating Expense": 1140515000000.0,
        "Other Operating Expenses": 86271000000.0,
        "Other Taxes": 75631000000.0,
        "Provision For Doubtful Accounts": 1772000000.0,
        "Depreciation Amortization Depletion Income Statement": 139636000000.0,
        "Depreciation And Amortization In Income Statement": 139636000000.0,
        "Depreciation Income Statement": NaN,
        "Selling General And Administration": 837205000000.0,
        "Selling And Marketing Expense": 39899000000.0,
        "General And Administrative Expense": 797306000000.0,
        "Other Gand A": 312548000000.0,
        "Insurance And Claims": 12269000000.0,
        "Rent And Landing Fees": 13048000000.0,
        "Salaries And Wages": 459441000000.0,
        "Gross Profit": 1279870000000.0,
        "Cost Of Revenue": 3851607000000.0,
        "Total Revenue": 5131477000000.0,
        "Operating Revenue": 5115661000000.0
    },
    "2023-12-31": {
        "Tax Effect Of Unusual Items": -4263736967.92474,
        "Tax Rate For Calcs": 0.069513,
        "Normalized EBITDA": 487901000000.0,
        "Total Unusual Items": -61337000000.0,
        "Total Unusual Items Excluding Goodwill": -61337000000.0,
        "Net Income From Continuing Operation Net Minority Interest": 118749000000.0,
        "Reconciled Depreciation": 161056000000.0,
        "Reconciled Cost Of Revenue": 4012162000000.0,
        "EBITDA": 426564000000.0,
        "EBIT": 265508000000.0,
        "Net Interest Income": -131299000000.0,
        "Interest Expense": 78105000000.0,
        "Interest Income": 11911000000.0,
        "Normalized Income": 175822263032.07526,
        "Net Income From Continuing And Discontinued Operation": 118749000000.0,
        "Total Expenses": 4995407000000.0,
        "Rent Expense Supplemental": 67664000000.0,
        "Total Operating Income As Reported": 333558000000.0,
        "Diluted Average Shares": NaN,
        "Basic Average Shares": NaN,
        "Diluted EPS": NaN,
        "Basic EPS": NaN,
        "Diluted NI Availto Com Stockholders": 118749000000.0,
        "Net Income Common Stockholders": 118749000000.0,
        "Otherunder Preferred Stock Dividend": NaN,
        "Net Income": 118749000000.0,
        "Minority Interests": -55627000000.0,
        "Net Income Including Noncontrolling Interests": 174376000000.0,
        "Net Income Continuous Operations": 174376000000.0,
        "Tax Provision": 13027000000.0,
        "Pretax Income": 187403000000.0,
        "Other Income Expense": -101227000000.0,
        "Special Income Charges": -48344000000.0,
        "Gain On Sale Of Ppe": 24807000000.0,
        "Other Special Charges": -7773000000.0,
        "Write Off": NaN,
        "Impairment Of Capital Assets": 3561000000.0,
        "Restructuring And Mergern Acquisition": 67432000000.0,
        "Earnings From Equity Interest": -39890000000.0,
        "Gain On Sale Of Security": -12993000000.0,
        "Net Non Operating Interest Income Expense": -131299000000.0,
        "Total Other Finance Cost": 65105000000.0,
        "Interest Expense Non Operating": 78105000000.0,
        "Interest Income Non Operating": 11911000000.0,
        "Operating Income": 419929000000.0,
        "Operating Expense": 953897000000.0,
        "Other Operating Expenses": 86039000000.0,
        "Other Taxes": 67387000000.0,
        "Provision For Doubtful Accounts": 19220000000.0,
        "Depreciation Amortization Depletion Income Statement": 131708000000.0,
        "Depreciation And Amortization In Income Statement": 131708000000.0,
        "Depreciation Income Statement": NaN,
        "Selling General And Administration": 649543000000.0,
        "Selling And Marketing Expense": 40479000000.0,
        "General And Administrative Expense": 609064000000.0,
        "Other Gand A": 213840000000.0,
        "Insurance And Claims": 15356000000.0,
        "Rent And Landing Fees": 67664000000.0,
        "Salaries And Wages": 312204000000.0,
        "Gross Profit": 1373826000000.0,
        "Cost Of Revenue": 4041510000000.0,
        "Total Revenue": 5415336000000.0,
        "Operating Revenue": 5373646000000.0
    },
    "2024-03-31": {
        "Tax Effect Of Unusual Items": -3765038775.937958,
        "Tax Rate For Calcs": 0.163697,
        "Normalized EBITDA": 268500000000.0,
        "Total Unusual Items": -23000000000.0,
        "Total Unusual Items Excluding Goodwill": -23000000000.0,
        "Net Income From Continuing Operation Net Minority Interest": -37863000000.0,
        "Reconciled Depreciation": 166858000000.0,
        "Reconciled Cost Of Revenue": 3934123000000.0,
        "EBITDA": 245500000000.0,
        "EBIT": 78642000000.0,
        "Net Interest Income": -85553000000.0,
        "Interest Expense": 88184000000.0,
        "Interest Income": 11917000000.0,
        "Normalized Income": -18628038775.937958,
        "Net Income From Continuing And Discontinued Operation": -37863000000.0,
        "Total Expenses": 5154069000000.0,
        "Rent Expense Supplemental": 18617000000.0,
        "Total Operating Income As Reported": 95228000000.0,
        "Diluted Average Shares": 162233045.0,
        "Basic Average Shares": 162233045.0,
        "Diluted EPS": -233.36,
        "Basic EPS": -233.36,
        "Diluted NI Availto Com Stockholders": -37863000000.0,
        "Net Income Common Stockholders": -37863000000.0,
        "Otherunder Preferred Stock Dividend": NaN,
        "Net Income": -37863000000.0,
        "Minority Interests": -29883000000.0,
        "Net Income Including Noncontrolling Interests": -7980000000.0,
        "Net Income Continuous Operations": -7980000000.0,
        "Tax Provision": -1562000000.0,
        "Pretax Income": -9542000000.0,
        "Other Income Expense": -45060000000.0,
        "Special Income Charges": -25842000000.0,
        "Gain On Sale Of Ppe": -2044000000.0,
        "Other Special Charges": -1395000000.0,
        "Write Off": 45000000.0,
        "Impairment Of Capital Assets": NaN,
        "Restructuring And Mergern Acquisition": 25148000000.0,
        "Earnings From Equity Interest": -22060000000.0,
        "Gain On Sale Of Security": 2842000000.0,
        "Net Non Operating Interest Income Expense": -85553000000.0,
        "Total Other Finance Cost": 9286000000.0,
        "Interest Expense Non Operating": 88184000000.0,
        "Interest Income Non Operating": 11917000000.0,
        "Operating Income": 121070000000.0,
        "Operating Expense": 1200883000000.0,
        "Other Operating Expenses": 70958000000.0,
        "Other Taxes": 144726000000.0,
        "Provision For Doubtful Accounts": 3184000000.0,
        "Depreciation Amortization Depletion Income Statement": 147795000000.0,
        "Depreciation And Amortization In Income Statement": 147795000000.0,
        "Depreciation Income Statement": NaN,
        "Selling General And Administration": 834220000000.0,
        "Selling And Marketing Expense": 35119000000.0,
        "General And Administrative Expense": 799101000000.0,
        "Other Gand A": 331569000000.0,
        "Insurance And Claims": 13489000000.0,
        "Rent And Landing Fees": 18617000000.0,
        "Salaries And Wages": 435426000000.0,
        "Gross Profit": 1321953000000.0,
        "Cost Of Revenue": 3953186000000.0,
        "Total Revenue": 5275139000000.0,
        "Operating Revenue": 5242285000000.0
    },
    "2024-06-30": {
        "Tax Effect Of Unusual Items": -5344850000.0,
        "Tax Rate For Calcs": 0.35,
        "Normalized EBITDA": 318563000000.0,
        "Total Unusual Items": -15271000000.0,
        "Total Unusual Items Excluding Goodwill": -15271000000.0,
        "Net Income From Continuing Operation Net Minority Interest": -18735000000.0,
        "Reconciled Depreciation": 167969000000.0,
        "Reconciled Cost Of Revenue": 3756847000000.0,
        "EBITDA": 303292000000.0,
        "EBIT": 135323000000.0,
        "Net Interest Income": -150233000000.0,
        "Interest Expense": 128550000000.0,
        "Interest Income": 6408000000.0,
        "Normalized Income": -8808850000.0,
        "Net Income From Continuing And Discontinued Operation": -18735000000.0,
        "Total Expenses": 4876278000000.0,
        "Rent Expense Supplemental": 14078000000.0,
        "Total Operating Income As Reported": 148163000000.0,
        "Diluted Average Shares": 162233045.0,
        "Basic Average Shares": 162233045.0,
        "Diluted EPS": -115.52,
        "Basic EPS": -115.52,
        "Diluted NI Availto Com Stockholders": -18735000000.0,
        "Net Income Common Stockholders": -18735000000.0,
        "Otherunder Preferred Stock Dividend": NaN,
        "Net Income": -18735000000.0,
        "Minority Interests": -53939000000.0,
        "Net Income Including Noncontrolling Interests": 35204000000.0,
        "Net Income Continuous Operations": 35204000000.0,
        "Tax Provision": -28431000000.0,
        "Pretax Income": 6773000000.0,
        "Other Income Expense": -41633000000.0,
        "Special Income Charges": -12529000000.0,
        "Gain On Sale Of Ppe": 2526000000.0,
        "Other Special Charges": -1546000000.0,
        "Write Off": 21000000.0,
        "Impairment Of Capital Assets": 2619000000.0,
        "Restructuring And Mergern Acquisition": 13961000000.0,
        "Earnings From Equity Interest": -26362000000.0,
        "Gain On Sale Of Security": -2742000000.0,
        "Net Non Operating Interest Income Expense": -150233000000.0,
        "Total Other Finance Cost": 28091000000.0,
        "Interest Expense Non Operating": 128550000000.0,
        "Interest Income Non Operating": 6408000000.0,
        "Operating Income": 198639000000.0,
        "Operating Expense": 1101065000000.0,
        "Other Operating Expenses": 64371000000.0,
        "Other Taxes": 83166000000.0,
        "Provision For Doubtful Accounts": 3180000000.0,
        "Depreciation Amortization Depletion Income Statement": 149603000000.0,
        "Depreciation And Amortization In Income Statement": 149603000000.0,
        "Depreciation Income Statement": NaN,
        "Selling General And Administration": 800745000000.0,
        "Selling And Marketing Expense": 38878000000.0,
        "General And Administrative Expense": 761867000000.0,
        "Other Gand A": 295925000000.0,
        "Insurance And Claims": 12314000000.0,
        "Rent And Landing Fees": 12836000000.0,
        "Salaries And Wages": 440792000000.0,
        "Gross Profit": 1299704000000.0,
        "Cost Of Revenue": 3775213000000.0,
        "Total Revenue": 5074917000000.0,
        "Operating Revenue": 5068080000000.0
    },
    "2024-09-30": {
        "Tax Effect Of Unusual Items": -14596050000.0,
        "Tax Rate For Calcs": 0.35,
        "Normalized EBITDA": 310822000000.0,
        "Total Unusual Items": -41703000000.0,
        "Total Unusual Items Excluding Goodwill": -41703000000.0,
        "Net Income From Continuing Operation Net Minority Interest": -34733000000.0,
        "Reconciled Depreciation": 167783000000.0,
        "Reconciled Cost Of Revenue": 3934850000000.0,
        "EBITDA": 269119000000.0,
        "EBIT": 101336000000.0,
        "Net Interest Income": -99725000000.0,
        "Interest Expense": 99265000000.0,
        "Interest Income": 5692000000.0,
        "Normalized Income": -7626050000.0,
        "Net Income From Continuing And Discontinued Operation": -34733000000.0,
        "Total Expenses": 5080730000000.0,
        "Rent Expense Supplemental": 14360000000.0,
        "Total Operating Income As Reported": 135034000000.0,
        "Diluted Average Shares": 162233045.0,
        "Basic Average Shares": 162233045.0,
        "Diluted EPS": -214.08,
        "Basic EPS": -214.08,
        "Diluted NI Availto Com Stockholders": -34733000000.0,
        "Net Income Common Stockholders": -34733000000.0,
        "Otherunder Preferred Stock Dividend": NaN,
        "Net Income": -34733000000.0,
        "Minority Interests": -42086000000.0,
        "Net Income Including Noncontrolling Interests": 7353000000.0,
        "Net Income Continuous Operations": 7353000000.0,
        "Tax Provision": -5282000000.0,
        "Pretax Income": 2071000000.0,
        "Other Income Expense": -59903000000.0,
        "Special Income Charges": -26665000000.0,
        "Gain On Sale Of Ppe": 852000000.0,
        "Other Special Charges": -3657000000.0,
        "Write Off": -116000000.0,
        "Impairment Of Capital Assets": 755000000.0,
        "Restructuring And Mergern Acquisition": 30535000000.0,
        "Earnings From Equity Interest": -18200000000.0,
        "Gain On Sale Of Security": -15038000000.0,
        "Net Non Operating Interest Income Expense": -99725000000.0,
        "Total Other Finance Cost": 6152000000.0,
        "Interest Expense Non Operating": 99265000000.0,
        "Interest Income Non Operating": 5692000000.0,
        "Operating Income": 161699000000.0,
        "Operating Expense": 1124682000000.0,
        "Other Operating Expenses": 65019000000.0,
        "Other Taxes": 81565000000.0,
        "Provision For Doubtful Accounts": 5152000000.0,
        "Depreciation Amortization Depletion Income Statement": 146585000000.0,
        "Depreciation And Amortization In Income Statement": 146585000000.0,
        "Depreciation Income Statement": NaN,
        "Selling General And Administration": 826361000000.0,
        "Selling And Marketing Expense": 39335000000.0,
        "General And Administrative Expense": 787026000000.0,
        "Other Gand A": 325685000000.0,
        "Insurance And Claims": 10678000000.0,
        "Rent And Landing Fees": 13067000000.0,
        "Salaries And Wages": 437596000000.0,
        "Gross Profit": 1286381000000.0,
        "Cost Of Revenue": 3956048000000.0,
        "Total Revenue": 5242429000000.0,
        "Operating Revenue": 5230768000000.0
    }
}