{
    "2023-03-31": {
        "Tax Effect Of Unusual Items": NaN,
        "Tax Rate For Calcs": NaN,
        "Normalized EBITDA": NaN,
        "Total Unusual Items": NaN,
        "Total Unusual Items Excluding Goodwill": NaN,
        "Net Income From Continuing Operation Net Minority Interest": NaN,
        "Reconciled Depreciation": NaN,
        "Reconciled Cost Of Revenue": NaN,
        "EBITDA": NaN,
        "EBIT": NaN,
        "Net Interest Income": NaN,
        "Interest Expense": NaN,
        "Interest Income": NaN,
        "Normalized Income": NaN,
        "Net Income From Continuing And Discontinued Operation": NaN,
        "Total Expenses": NaN,
        "Total Operating Income As Reported": NaN,
        "Diluted Average Shares": NaN,
        "Basic Average Shares": NaN,
        "Diluted EPS": NaN,
        "Basic EPS": NaN,
        "Diluted NI Availto Com Stockholders": NaN,
        "Net Income Common Stockholders": NaN,
        "Net Income": NaN,
        "Net Income Including Noncontrolling Interests": NaN,
        "Net Income Continuous Operations": NaN,
        "Pretax Income": NaN,
        "Other Income Expense": NaN,
        "Other Non Operating Income Expenses": NaN,
        "Special Income Charges": NaN,
        "Write Off": 0.0,
        "Restructuring And Mergern Acquisition": NaN,
        "Net Non Operating Interest Income Expense": NaN,
        "Interest Expense Non Operating": NaN,
        "Interest Income Non Operating": NaN,
        "Operating Income": NaN,
        "Operating Expense": NaN,
        "Other Operating Expenses": NaN,
        "Research And Development": NaN,
        "Selling General And Administration": NaN,
        "Selling And Marketing Expense": NaN,
        "General And Administrative Expense": NaN,
        "Other Gand A": NaN,
        "Insurance And Claims": NaN,
        "Salaries And Wages": NaN,
        "Gross Profit": NaN,
        "Cost Of Revenue": NaN,
        "Total Revenue": NaN,
        "Operating Revenue": NaN
    },
    "2022-12-31": {
        "Tax Effect Of Unusual Items": NaN,
        "Tax Rate For Calcs": NaN,
        "Normalized EBITDA": NaN,
        "Total Unusual Items": 0.0,
        "Total Unusual Items Excluding Goodwill": 0.0,
        "Net Income From Continuing Operation Net Minority Interest": NaN,
        "Reconciled Depreciation": NaN,
        "Reconciled Cost Of Revenue": NaN,
        "EBITDA": NaN,
        "EBIT": NaN,
        "Net Interest Income": NaN,
        "Interest Expense": NaN,
        "Interest Income": NaN,
        "Normalized Income": NaN,
        "Net Income From Continuing And Discontinued Operation": NaN,
        "Total Expenses": NaN,
        "Total Operating Income As Reported": NaN,
        "Diluted Average Shares": NaN,
        "Basic Average Shares": NaN,
        "Diluted EPS": NaN,
        "Basic EPS": NaN,
        "Diluted NI Availto Com Stockholders": NaN,
        "Net Income Common Stockholders": NaN,
        "Net Income": NaN,
        "Net Income Including Noncontrolling Interests": NaN,
        "Net Income Continuous Operations": NaN,
        "Pretax Income": NaN,
        "Other Income Expense": NaN,
        "Other Non Operating Income Expenses": NaN,
        "Special Income Charges": 0.0,
        "Write Off": NaN,
        "Restructuring And Mergern Acquisition": NaN,
        "Net Non Operating Interest Income Expense": NaN,
        "Interest Expense Non Operating": NaN,
        "Interest Income Non Operating": NaN,
        "Operating Income": NaN,
        "Operating Expense": NaN,
        "Other Operating Expenses": NaN,
        "Research And Development": NaN,
        "Selling General And Administration": NaN,
        "Selling And Marketing Expense": NaN,
        "General And Administrative Expense": NaN,
        "Other Gand A": NaN,
        "Insurance And Claims": NaN,
        "Salaries And Wages": NaN,
        "Gross Profit": NaN,
        "Cost Of Revenue": NaN,
        "Total Revenue": NaN,
        "Operating Revenue": NaN
    },
    "2022-09-30": {
        "Tax Effect Of Unusual Items": NaN,
        "Tax Rate For Calcs": NaN,
        "Normalized EBITDA": NaN,
        "Total Unusual Items": 0.0,
        "Total Unusual Items Excluding Goodwill": 0.0,
        "Net Income From Continuing Operation Net Minority Interest": NaN,
        "Reconciled Depreciation": NaN,
        "Reconciled Cost Of Revenue": NaN,
        "EBITDA": NaN,
        "EBIT": NaN,
        "Net Interest Income": NaN,
        "Interest Expense": NaN,
        "Interest Income": NaN,
        "Normalized Income": NaN,
        "Net Income From Continuing And Discontinued Operation": NaN,
        "Total Expenses": NaN,
        "Total Operating Income As Reported": NaN,
        "Diluted Average Shares": NaN,
        "Basic Average Shares": NaN,
        "Diluted EPS": NaN,
        "Basic EPS": NaN,
        "Diluted NI Availto Com Stockholders": NaN,
        "Net Income Common Stockholders": NaN,
        "Net Income": NaN,
        "Net Income Including Noncontrolling Interests": NaN,
        "Net Income Continuous Operations": NaN,
        "Pretax Income": NaN,
        "Other Income Expense": NaN,
        "Other Non Operating Income Expenses": NaN,
        "Special Income Charges": 0.0,
        "Write Off": NaN,
        "Net Non Operating Interest Income Expense": NaN,
        "Interest Expense Non Operating": NaN,
        "Interest Income Non Operating": NaN,
        "Operating Income": NaN,
        "Operating Expense": NaN,
        "Other Operating Expenses": NaN,
        "Research And Development": NaN,
        "Selling General And Administration": NaN,
        "Selling And Marketing Expense": NaN,
        "General And Administrative Expense": NaN,
        "Other Gand A": NaN,
        "Insurance And Claims": NaN,
        "Salaries And Wages": NaN,
        "Gross Profit": NaN,
        "Cost Of Revenue": NaN,
        "Total Revenue": NaN,
        "Operating Revenue": NaN
    },
    "2022-06-30": {
        "Tax Effect Of Unusual Items": 0.0,
        "Tax Rate For Calcs": 0.0,
        "Normalized EBITDA": -7085664.0,
        "Total Unusual Items": NaN,
        "Total Unusual Items Excluding Goodwill": NaN,
        "Net Income From Continuing Operation Net Minority Interest": -7239100.0,
        "Reconciled Depreciation": 70469.0,
        "Reconciled Cost Of Revenue": 0.0,
        "EBITDA": -7085664.0,
        "EBIT": -7085664.0,
        "Net Interest Income": -151020.0,
        "Interest Expense": 153436.0,
        "Interest Income": 2416.0,
        "Normalized Income": -7239100.0,
        "Net Income From Continuing And Discontinued Operation": -7239100.0,
        "Total Expenses": 7121456.0,
        "Total Operating Income As Reported": -7121456.0,
        "Diluted Average Shares": 33644867.0,
        "Basic Average Shares": 33644867.0,
        "Diluted EPS": -0.22,
        "Basic EPS": -0.22,
        "Diluted NI Availto Com Stockholders": -7239100.0,
        "Net Income Common Stockholders": -7239100.0,
        "Net Income": -7239100.0,
        "Net Income Including Noncontrolling Interests": -7239100.0,
        "Net Income Continuous Operations": -7239100.0,
        "Pretax Income": -7239100.0,
        "Other Income Expense": 33376.0,
        "Other Non Operating Income Expenses": 33376.0,
        "Special Income Charges": NaN,
        "Net Non Operating Interest Income Expense": -151020.0,
        "Interest Expense Non Operating": 153436.0,
        "Interest Income Non Operating": 2416.0,
        "Operating Income": -7121456.0,
        "Operating Expense": 7121456.0,
        "Research And Development": 3586866.0,
        "Selling General And Administration": 3534590.0,
        "Selling And Marketing Expense": 318198.0,
        "General And Administrative Expense": 3534590.0,
        "Other Gand A": 3534590.0,
        "Insurance And Claims": 268571.0,
        "Salaries And Wages": 1520274.0,
        "Gross Profit": 0.0,
        "Cost Of Revenue": 0.0,
        "Total Revenue": 0.0,
        "Operating Revenue": 0.0
    },
    "2022-03-31": {
        "Diluted EPS": -0.24,
        "Total Revenue": NaN,
        "Gross Profit": NaN,
        "Operating Income": -7,
        "EBIT": -7,
        "Net Income": -7
    },
    "2021-12-31": {
        "Diluted EPS": 0.12,
        "Total Revenue": 10,
        "Gross Profit": 10,
        "Operating Income": 3,
        "EBIT": 3,
        "Net Income": 3
    },
    "2021-09-30": {
        "Diluted EPS": -0.21,
        "Total Revenue": NaN,
        "Gross Profit": NaN,
        "Operating Income": -6,
        "EBIT": -6,
        "Net Income": -6
    },
    "2021-06-30": {
        "Diluted EPS": -0.19,
        "Total Revenue": 2,
        "Gross Profit": 1,
        "Operating Income": -5,
        "EBIT": -5,
        "Net Income": -5
    },
    "2021-03-31": {
        "Diluted EPS": -0.21,
        "Total Revenue": 2,
        "Gross Profit": 1,
        "Operating Income": -5,
        "EBIT": -5,
        "Net Income": -5
    },
    "2020-12-31": {
        "Diluted EPS": -0.15,
        "Total Revenue": NaN,
        "Gross Profit": NaN,
        "Operating Income": -6,
        "EBIT": -6,
        "Net Income": -4
    },
    "2020-09-30": {
        "Diluted EPS": -0.23,
        "Total Revenue": NaN,
        "Gross Profit": NaN,
        "Operating Income": -5,
        "EBIT": -5,
        "Net Income": -5
    },
    "2020-06-30": {
        "Diluted EPS": -0.25,
        "Total Revenue": NaN,
        "Gross Profit": NaN,
        "Operating Income": -5,
        "EBIT": -5,
        "Net Income": -5
    },
    "2020-03-31": {
        "Diluted EPS": -0.31,
        "Total Revenue": NaN,
        "Gross Profit": NaN,
        "Operating Income": -5,
        "EBIT": -5,
        "Net Income": -5
    },
    "2019-12-31": {
        "Diluted EPS": -0.24,
        "Total Revenue": NaN,
        "Gross Profit": NaN,
        "Operating Income": -5,
        "EBIT": -5,
        "Net Income": -5
    },
    "2019-09-30": {
        "Diluted EPS": -0.29,
        "Total Revenue": NaN,
        "Gross Profit": NaN,
        "Operating Income": -5,
        "EBIT": -5,
        "Net Income": -5
    },
    "2019-06-30": {
        "Diluted EPS": -0.44,
        "Total Revenue": NaN,
        "Gross Profit": NaN,
        "Operating Income": -5,
        "EBIT": -5,
        "Net Income": -5
    },
    "2019-03-31": {
        "Diluted EPS": -0.5,
        "Total Revenue": NaN,
        "Gross Profit": NaN,
        "Operating Income": -6,
        "EBIT": -6,
        "Net Income": -6
    },
    "2018-12-31": {
        "Diluted EPS": -0.61,
        "Total Revenue": NaN,
        "Gross Profit": NaN,
        "Operating Income": -6,
        "EBIT": -6,
        "Net Income": -6
    },
    "2018-09-30": {
        "Diluted EPS": -0.43,
        "Total Revenue": NaN,
        "Gross Profit": NaN,
        "Operating Income": -4,
        "EBIT": -4,
        "Net Income": -4
    },
    "2018-06-30": {
        "Diluted EPS": -0.33,
        "Total Revenue": NaN,
        "Gross Profit": NaN,
        "Operating Income": -3,
        "EBIT": -3,
        "Net Income": -3
    },
    "2018-03-31": {
        "Diluted EPS": -0.45,
        "Total Revenue": NaN,
        "Gross Profit": NaN,
        "Operating Income": -3,
        "EBIT": -3,
        "Net Income": -3
    },
    "2017-12-31": {
        "Diluted EPS": -1.17,
        "Total Revenue": NaN,
        "Gross Profit": NaN,
        "Operating Income": -2,
        "EBIT": -2,
        "Net Income": -2
    },
    "2017-09-30": {
        "Diluted EPS": -0.1,
        "Total Revenue": NaN,
        "Gross Profit": NaN,
        "Operating Income": -1,
        "EBIT": -1,
        "Net Income": -1
    },
    "2017-06-30": {
        "Diluted EPS": -0.43,
        "Total Revenue": NaN,
        "Gross Profit": NaN,
        "Operating Income": -1,
        "EBIT": -1,
        "Net Income": -1
    },
    "2017-03-31": {
        "Diluted EPS": -0.49,
        "Total Revenue": NaN,
        "Gross Profit": NaN,
        "Operating Income": -1,
        "EBIT": -1,
        "Net Income": -1
    },
    "2016-12-31": {
        "Diluted EPS": 0.0,
        "Total Revenue": NaN,
        "Gross Profit": NaN,
        "Operating Income": NaN,
        "EBIT": NaN,
        "Net Income": NaN
    },
    "2016-09-30": {
        "Diluted EPS": 0.0,
        "Total Revenue": NaN,
        "Gross Profit": NaN,
        "Operating Income": NaN,
        "EBIT": NaN,
        "Net Income": NaN
    },
    "2015-12-31": {
        "Diluted EPS": 0.0,
        "Total Revenue": NaN,
        "Gross Profit": NaN,
        "Operating Income": NaN,
        "EBIT": NaN,
        "Net Income": NaN
    },
    "2023-06-30": {
        "Tax Effect Of Unusual Items": NaN,
        "Tax Rate For Calcs": NaN,
        "Normalized EBITDA": NaN,
        "Total Unusual Items": 0.0,
        "Total Unusual Items Excluding Goodwill": 0.0,
        "Net Income From Continuing Operation Net Minority Interest": NaN,
        "Reconciled Depreciation": NaN,
        "Reconciled Cost Of Revenue": NaN,
        "EBITDA": NaN,
        "EBIT": NaN,
        "Net Interest Income": NaN,
        "Interest Expense": NaN,
        "Interest Income": NaN,
        "Normalized Income": NaN,
        "Net Income From Continuing And Discontinued Operation": NaN,
        "Total Expenses": NaN,
        "Total Operating Income As Reported": NaN,
        "Diluted Average Shares": 38093826.0,
        "Basic Average Shares": 38093826.0,
        "Diluted EPS": -0.16,
        "Basic EPS": -0.16,
        "Diluted NI Availto Com Stockholders": NaN,
        "Net Income Common Stockholders": NaN,
        "Net Income": NaN,
        "Net Income Including Noncontrolling Interests": NaN,
        "Net Income Continuous Operations": NaN,
        "Pretax Income": NaN,
        "Other Income Expense": NaN,
        "Other Non Operating Income Expenses": NaN,
        "Special Income Charges": 0.0,
        "Write Off": NaN,
        "Restructuring And Mergern Acquisition": 0.0,
        "Net Non Operating Interest Income Expense": NaN,
        "Interest Expense Non Operating": NaN,
        "Interest Income Non Operating": NaN,
        "Operating Income": NaN,
        "Operating Expense": NaN,
        "Other Operating Expenses": NaN,
        "Research And Development": NaN,
        "Selling General And Administration": NaN,
        "Selling And Marketing Expense": NaN,
        "General And Administrative Expense": NaN,
        "Other Gand A": NaN,
        "Insurance And Claims": NaN,
        "Salaries And Wages": NaN,
        "Gross Profit": NaN,
        "Cost Of Revenue": NaN,
        "Total Revenue": NaN,
        "Operating Revenue": NaN
    },
    "2023-09-30": {
        "Tax Effect Of Unusual Items": NaN,
        "Tax Rate For Calcs": NaN,
        "Normalized EBITDA": NaN,
        "Total Unusual Items": NaN,
        "Total Unusual Items Excluding Goodwill": NaN,
        "Net Income From Continuing Operation Net Minority Interest": NaN,
        "Reconciled Depreciation": NaN,
        "Reconciled Cost Of Revenue": NaN,
        "EBITDA": NaN,
        "EBIT": NaN,
        "Net Interest Income": NaN,
        "Interest Expense": NaN,
        "Interest Income": NaN,
        "Normalized Income": NaN,
        "Net Income From Continuing And Discontinued Operation": NaN,
        "Total Expenses": NaN,
        "Total Operating Income As Reported": NaN,
        "Diluted Average Shares": 501746.0,
        "Basic Average Shares": 501746.0,
        "Diluted EPS": -14.4,
        "Basic EPS": -14.4,
        "Diluted NI Availto Com Stockholders": NaN,
        "Net Income Common Stockholders": NaN,
        "Net Income": NaN,
        "Net Income Including Noncontrolling Interests": NaN,
        "Net Income Continuous Operations": NaN,
        "Pretax Income": NaN,
        "Other Income Expense": NaN,
        "Other Non Operating Income Expenses": NaN,
        "Special Income Charges": NaN,
        "Other Special Charges": NaN,
        "Write Off": NaN,
        "Restructuring And Mergern Acquisition": 0.0,
        "Net Non Operating Interest Income Expense": NaN,
        "Interest Expense Non Operating": NaN,
        "Interest Income Non Operating": NaN,
        "Operating Income": NaN,
        "Operating Expense": NaN,
        "Other Operating Expenses": NaN,
        "Research And Development": NaN,
        "Selling General And Administration": NaN,
        "Selling And Marketing Expense": NaN,
        "General And Administrative Expense": NaN,
        "Other Gand A": NaN,
        "Insurance And Claims": NaN,
        "Salaries And Wages": NaN,
        "Gross Profit": NaN,
        "Cost Of Revenue": NaN,
        "Total Revenue": NaN,
        "Operating Revenue": NaN
    },
    "2023-12-31": {
        "Tax Effect Of Unusual Items": 0.0,
        "Tax Rate For Calcs": 0.0,
        "Normalized EBITDA": -7008991.0,
        "Total Unusual Items": NaN,
        "Total Unusual Items Excluding Goodwill": NaN,
        "Net Income From Continuing Operation Net Minority Interest": -7967137.0,
        "Reconciled Depreciation": 277524.0,
        "Reconciled Cost Of Revenue": 2589.0,
        "EBITDA": -7008991.0,
        "EBIT": -7286515.0,
        "Net Interest Income": -481955.0,
        "Interest Expense": 680623.0,
        "Interest Income": 198668.0,
        "Normalized Income": -7967137.0,
        "Net Income From Continuing And Discontinued Operation": -7967137.0,
        "Total Expenses": 7469144.0,
        "Total Operating Income As Reported": -7466554.0,
        "Diluted Average Shares": NaN,
        "Basic Average Shares": NaN,
        "Diluted EPS": NaN,
        "Basic EPS": NaN,
        "Diluted NI Availto Com Stockholders": -7967137.0,
        "Net Income Common Stockholders": -7967137.0,
        "Net Income": -7967137.0,
        "Net Income Including Noncontrolling Interests": -7967138.0,
        "Net Income Continuous Operations": -7967138.0,
        "Pretax Income": -7967138.0,
        "Other Income Expense": -18628.0,
        "Other Non Operating Income Expenses": -18628.0,
        "Special Income Charges": NaN,
        "Write Off": NaN,
        "Restructuring And Mergern Acquisition": NaN,
        "Net Non Operating Interest Income Expense": -481955.0,
        "Interest Expense Non Operating": 680623.0,
        "Interest Income Non Operating": 198668.0,
        "Operating Income": -7466555.0,
        "Operating Expense": 7466555.0,
        "Other Operating Expenses": NaN,
        "Research And Development": 4064708.0,
        "Selling General And Administration": 3401847.0,
        "Selling And Marketing Expense": 496533.0,
        "General And Administrative Expense": 2905314.0,
        "Other Gand A": 1182179.0,
        "Insurance And Claims": 224645.0,
        "Salaries And Wages": 1498490.0,
        "Gross Profit": 0.0,
        "Cost Of Revenue": 2589.0,
        "Total Revenue": 2589.0,
        "Operating Revenue": 2589.0
    },
    "2024-03-31": {
        "Tax Effect Of Unusual Items": 0.0,
        "Tax Rate For Calcs": 0.0,
        "Normalized EBITDA": -9995715.0,
        "Total Unusual Items": 0.0,
        "Total Unusual Items Excluding Goodwill": 0.0,
        "Net Income From Continuing Operation Net Minority Interest": -10922101.0,
        "Reconciled Depreciation": 247728.0,
        "Reconciled Cost Of Revenue": 203027.0,
        "EBITDA": -9995715.0,
        "EBIT": -10243443.0,
        "Net Interest Income": -557719.0,
        "Interest Expense": 678658.0,
        "Interest Income": 120939.0,
        "Normalized Income": -10922101.0,
        "Net Income From Continuing And Discontinued Operation": -10922101.0,
        "Total Expenses": 10271817.0,
        "Total Operating Income As Reported": -10266824.0,
        "Diluted Average Shares": 582584.0,
        "Basic Average Shares": 582584.0,
        "Diluted EPS": -18.75,
        "Basic EPS": -18.75,
        "Diluted NI Availto Com Stockholders": -10922101.0,
        "Net Income Common Stockholders": -10922101.0,
        "Net Income": -10922101.0,
        "Net Income Including Noncontrolling Interests": -10922101.0,
        "Net Income Continuous Operations": -10922101.0,
        "Pretax Income": -10922101.0,
        "Other Income Expense": -97558.0,
        "Other Non Operating Income Expenses": -97558.0,
        "Special Income Charges": 0.0,
        "Other Special Charges": NaN,
        "Write Off": 198034.0,
        "Restructuring And Mergern Acquisition": NaN,
        "Net Non Operating Interest Income Expense": -557719.0,
        "Interest Expense Non Operating": 678658.0,
        "Interest Income Non Operating": 120939.0,
        "Operating Income": -10266824.0,
        "Operating Expense": 10068790.0,
        "Other Operating Expenses": 2000000.0,
        "Research And Development": 4431601.0,
        "Selling General And Administration": 3637189.0,
        "Selling And Marketing Expense": 186228.0,
        "General And Administrative Expense": 3450961.0,
        "Other Gand A": 1294138.0,
        "Insurance And Claims": 219134.0,
        "Salaries And Wages": 1937689.0,
        "Gross Profit": -198034.0,
        "Cost Of Revenue": 203027.0,
        "Total Revenue": 4993.0,
        "Operating Revenue": 4993.0
    },
    "2024-06-30": {
        "Tax Effect Of Unusual Items": 0.0,
        "Tax Rate For Calcs": 0.0,
        "Normalized EBITDA": -11325102.0,
        "Total Unusual Items": 1240800.0,
        "Total Unusual Items Excluding Goodwill": 1240800.0,
        "Net Income From Continuing Operation Net Minority Interest": -11053699.0,
        "Reconciled Depreciation": 295396.0,
        "Reconciled Cost Of Revenue": 490361.0,
        "EBITDA": -10084302.0,
        "EBIT": -10379698.0,
        "Net Interest Income": -609135.0,
        "Interest Expense": 674001.0,
        "Interest Income": 64866.0,
        "Normalized Income": -12294499.0,
        "Net Income From Continuing And Discontinued Operation": -11053699.0,
        "Total Expenses": 11710969.0,
        "Total Operating Income As Reported": -11688344.0,
        "Diluted Average Shares": 664022.0,
        "Basic Average Shares": 664022.0,
        "Diluted EPS": -16.8,
        "Basic EPS": -16.8,
        "Diluted NI Availto Com Stockholders": -11053699.0,
        "Net Income Common Stockholders": -11053699.0,
        "Net Income": -11053699.0,
        "Net Income Including Noncontrolling Interests": -11053699.0,
        "Net Income Continuous Operations": -11053699.0,
        "Pretax Income": -11053699.0,
        "Other Income Expense": 1243780.0,
        "Other Non Operating Income Expenses": 2980.0,
        "Special Income Charges": 1240800.0,
        "Other Special Charges": NaN,
        "Write Off": NaN,
        "Restructuring And Mergern Acquisition": -1240800.0,
        "Net Non Operating Interest Income Expense": -609135.0,
        "Interest Expense Non Operating": 674001.0,
        "Interest Income Non Operating": 64866.0,
        "Operating Income": -11688344.0,
        "Operating Expense": 11220608.0,
        "Other Operating Expenses": 2864600.0,
        "Research And Development": 4597173.0,
        "Selling General And Administration": 3758835.0,
        "Selling And Marketing Expense": 263340.0,
        "General And Administrative Expense": 3495495.0,
        "Other Gand A": 1376389.0,
        "Insurance And Claims": 210582.0,
        "Salaries And Wages": 1908524.0,
        "Gross Profit": -467736.0,
        "Cost Of Revenue": 490361.0,
        "Total Revenue": 22625.0,
        "Operating Revenue": 22625.0
    },
    "2024-09-30": {
        "Tax Effect Of Unusual Items": 0.0,
        "Tax Rate For Calcs": 0.0,
        "Normalized EBITDA": -6998263.0,
        "Total Unusual Items": 0.0,
        "Total Unusual Items Excluding Goodwill": 0.0,
        "Net Income From Continuing Operation Net Minority Interest": -7887853.0,
        "Reconciled Depreciation": 287481.0,
        "Reconciled Cost Of Revenue": 132522.0,
        "EBITDA": -6998263.0,
        "EBIT": -7285744.0,
        "Net Interest Income": -557110.0,
        "Interest Expense": 602109.0,
        "Interest Income": 44999.0,
        "Normalized Income": -7887853.0,
        "Net Income From Continuing And Discontinued Operation": -7887853.0,
        "Total Expenses": 7333552.0,
        "Total Operating Income As Reported": -7331927.0,
        "Diluted Average Shares": 869479.0,
        "Basic Average Shares": 869479.0,
        "Diluted EPS": -8.8,
        "Basic EPS": -8.8,
        "Diluted NI Availto Com Stockholders": -7887853.0,
        "Net Income Common Stockholders": -7887853.0,
        "Net Income": -7887853.0,
        "Net Income Including Noncontrolling Interests": -7887853.0,
        "Net Income Continuous Operations": -7887853.0,
        "Pretax Income": -7887853.0,
        "Other Income Expense": 1184.0,
        "Other Non Operating Income Expenses": 1184.0,
        "Special Income Charges": 0.0,
        "Other Special Charges": NaN,
        "Write Off": NaN,
        "Restructuring And Mergern Acquisition": 0.0,
        "Net Non Operating Interest Income Expense": -557110.0,
        "Interest Expense Non Operating": 602109.0,
        "Interest Income Non Operating": 44999.0,
        "Operating Income": -7331927.0,
        "Operating Expense": 7201030.0,
        "Other Operating Expenses": NaN,
        "Research And Development": 3471939.0,
        "Selling General And Administration": 3729091.0,
        "Selling And Marketing Expense": 169377.0,
        "General And Administrative Expense": 3559714.0,
        "Other Gand A": 1365676.0,
        "Insurance And Claims": 212783.0,
        "Salaries And Wages": 1981255.0,
        "Gross Profit": -130897.0,
        "Cost Of Revenue": 132522.0,
        "Total Revenue": 1625.0,
        "Operating Revenue": 1625.0
    },
    "2024-12-31": {
        "Tax Effect Of Unusual Items": 0.0,
        "Tax Rate For Calcs": 0.0,
        "Normalized EBITDA": -7919376.0,
        "Total Unusual Items": -11207897.0,
        "Total Unusual Items Excluding Goodwill": -11207897.0,
        "Net Income From Continuing Operation Net Minority Interest": -19954780.0,
        "Reconciled Depreciation": 297844.0,
        "Reconciled Cost Of Revenue": 3101318.0,
        "EBITDA": -19127273.0,
        "EBIT": -19425117.0,
        "Net Interest Income": -506443.0,
        "Interest Expense": 529663.0,
        "Interest Income": 23220.0,
        "Normalized Income": -8746883.0,
        "Net Income From Continuing And Discontinued Operation": -19954780.0,
        "Total Expenses": 8271326.0,
        "Total Operating Income As Reported": -19451130.0,
        "Diluted Average Shares": NaN,
        "Basic Average Shares": NaN,
        "Diluted EPS": NaN,
        "Basic EPS": NaN,
        "Diluted NI Availto Com Stockholders": -19954780.0,
        "Net Income Common Stockholders": -19954780.0,
        "Net Income": -19954780.0,
        "Net Income Including Noncontrolling Interests": -19954780.0,
        "Net Income Continuous Operations": -19954780.0,
        "Pretax Income": -19954780.0,
        "Other Income Expense": -11205104.0,
        "Other Non Operating Income Expenses": 2793.0,
        "Special Income Charges": -11207897.0,
        "Other Special Charges": NaN,
        "Write Off": NaN,
        "Restructuring And Mergern Acquisition": 0.0,
        "Net Non Operating Interest Income Expense": -506443.0,
        "Interest Expense Non Operating": 529663.0,
        "Interest Income Non Operating": 23220.0,
        "Operating Income": -8243233.0,
        "Operating Expense": 5170008.0,
        "Other Operating Expenses": 0.0,
        "Research And Development": 1962009.0,
        "Selling General And Administration": 3207999.0,
        "Selling And Marketing Expense": 128403.0,
        "General And Administrative Expense": 3079596.0,
        "Other Gand A": 1979270.0,
        "Insurance And Claims": 210935.0,
        "Salaries And Wages": 889391.0,
        "Gross Profit": -3073225.0,
        "Cost Of Revenue": 3101318.0,
        "Total Revenue": 28093.0,
        "Operating Revenue": 28093.0
    },
    "2025-03-31": {
        "Tax Effect Of Unusual Items": 0.0,
        "Tax Rate For Calcs": 0.0,
        "Normalized EBITDA": -2991657.0,
        "Total Unusual Items": 89623.0,
        "Total Unusual Items Excluding Goodwill": 89623.0,
        "Net Income From Continuing Operation Net Minority Interest": -3483533.0,
        "Reconciled Depreciation": 0.0,
        "Reconciled Cost Of Revenue": 48.0,
        "EBITDA": -2902034.0,
        "EBIT": -2902034.0,
        "Net Interest Income": -546150.0,
        "Interest Expense": 581499.0,
        "Interest Income": 35349.0,
        "Normalized Income": -3573156.0,
        "Net Income From Continuing And Discontinued Operation": -3483533.0,
        "Total Expenses": 3045413.0,
        "Total Operating Income As Reported": -3030693.0,
        "Diluted Average Shares": 2188938.0,
        "Basic Average Shares": 2188938.0,
        "Diluted EPS": -1.59,
        "Basic EPS": -1.59,
        "Diluted NI Availto Com Stockholders": -3483533.0,
        "Net Income Common Stockholders": -3483533.0,
        "Net Income": -3483533.0,
        "Net Income Including Noncontrolling Interests": -3483533.0,
        "Net Income Continuous Operations": -3483533.0,
        "Pretax Income": -3483533.0,
        "Other Income Expense": 93310.0,
        "Other Non Operating Income Expenses": 3687.0,
        "Special Income Charges": 89623.0,
        "Other Special Charges": -89623.0,
        "Write Off": NaN,
        "Restructuring And Mergern Acquisition": NaN,
        "Net Non Operating Interest Income Expense": -546150.0,
        "Interest Expense Non Operating": 581499.0,
        "Interest Income Non Operating": 35349.0,
        "Operating Income": -3030693.0,
        "Operating Expense": 3045365.0,
        "Other Operating Expenses": NaN,
        "Research And Development": 673043.0,
        "Selling General And Administration": 2372322.0,
        "Selling And Marketing Expense": 22021.0,
        "General And Administrative Expense": 2350301.0,
        "Other Gand A": 1331413.0,
        "Insurance And Claims": 214457.0,
        "Salaries And Wages": 804431.0,
        "Gross Profit": 14672.0,
        "Cost Of Revenue": 48.0,
        "Total Revenue": 14720.0,
        "Operating Revenue": 14720.0
    }
}