{
    "2023-03-31": {
        "Tax Effect Of Unusual Items": NaN,
        "Tax Rate For Calcs": NaN,
        "Normalized EBITDA": NaN,
        "Total Unusual Items": NaN,
        "Total Unusual Items Excluding Goodwill": NaN,
        "Net Income From Continuing Operation Net Minority Interest": NaN,
        "Reconciled Depreciation": NaN,
        "Reconciled Cost Of Revenue": NaN,
        "EBITDA": NaN,
        "EBIT": NaN,
        "Net Interest Income": NaN,
        "Interest Expense": NaN,
        "Interest Income": NaN,
        "Normalized Income": NaN,
        "Net Income From Continuing And Discontinued Operation": NaN,
        "Total Expenses": NaN,
        "Total Operating Income As Reported": NaN,
        "Diluted Average Shares": NaN,
        "Basic Average Shares": NaN,
        "Diluted EPS": NaN,
        "Basic EPS": NaN,
        "Diluted NI Availto Com Stockholders": NaN,
        "Net Income Common Stockholders": NaN,
        "Net Income": NaN,
        "Net Income Including Noncontrolling Interests": NaN,
        "Net Income Continuous Operations": NaN,
        "Pretax Income": NaN,
        "Other Income Expense": NaN,
        "Special Income Charges": NaN,
        "Other Special Charges": NaN,
        "Net Non Operating Interest Income Expense": NaN,
        "Interest Expense Non Operating": NaN,
        "Interest Income Non Operating": NaN,
        "Operating Income": NaN,
        "Operating Expense": NaN,
        "Depreciation Amortization Depletion Income Statement": 0.0,
        "Depreciation And Amortization In Income Statement": 0.0,
        "Amortization": 0.0,
        "Amortization Of Intangibles Income Statement": 0.0,
        "Research And Development": NaN,
        "Selling General And Administration": NaN,
        "Selling And Marketing Expense": NaN,
        "General And Administrative Expense": NaN,
        "Other Gand A": NaN,
        "Gross Profit": NaN,
        "Cost Of Revenue": NaN,
        "Total Revenue": NaN,
        "Operating Revenue": NaN
    },
    "2022-12-31": {
        "Tax Effect Of Unusual Items": NaN,
        "Tax Rate For Calcs": NaN,
        "Normalized EBITDA": NaN,
        "Total Unusual Items": NaN,
        "Total Unusual Items Excluding Goodwill": NaN,
        "Net Income From Continuing Operation Net Minority Interest": NaN,
        "Reconciled Depreciation": NaN,
        "Reconciled Cost Of Revenue": NaN,
        "EBITDA": NaN,
        "EBIT": NaN,
        "Net Interest Income": NaN,
        "Interest Expense": NaN,
        "Interest Income": NaN,
        "Normalized Income": NaN,
        "Net Income From Continuing And Discontinued Operation": NaN,
        "Total Expenses": NaN,
        "Total Operating Income As Reported": NaN,
        "Diluted Average Shares": NaN,
        "Basic Average Shares": NaN,
        "Diluted EPS": NaN,
        "Basic EPS": NaN,
        "Diluted NI Availto Com Stockholders": NaN,
        "Net Income Common Stockholders": NaN,
        "Net Income": NaN,
        "Net Income Including Noncontrolling Interests": NaN,
        "Net Income Continuous Operations": NaN,
        "Pretax Income": NaN,
        "Other Income Expense": -20699000.0,
        "Special Income Charges": NaN,
        "Other Special Charges": 0.0,
        "Net Non Operating Interest Income Expense": NaN,
        "Interest Expense Non Operating": NaN,
        "Interest Income Non Operating": NaN,
        "Operating Income": NaN,
        "Operating Expense": NaN,
        "Depreciation Amortization Depletion Income Statement": 205000.0,
        "Depreciation And Amortization In Income Statement": 205000.0,
        "Amortization": 205000.0,
        "Amortization Of Intangibles Income Statement": 205000.0,
        "Research And Development": NaN,
        "Selling General And Administration": NaN,
        "Selling And Marketing Expense": NaN,
        "General And Administrative Expense": NaN,
        "Other Gand A": NaN,
        "Gross Profit": NaN,
        "Cost Of Revenue": NaN,
        "Total Revenue": NaN,
        "Operating Revenue": NaN
    },
    "2022-09-30": {
        "Tax Effect Of Unusual Items": 0.0,
        "Tax Rate For Calcs": 0.0,
        "Normalized EBITDA": -17143000.0,
        "Total Unusual Items": 0.0,
        "Total Unusual Items Excluding Goodwill": 0.0,
        "Net Income From Continuing Operation Net Minority Interest": -18420000.0,
        "Reconciled Depreciation": 615000.0,
        "Reconciled Cost Of Revenue": 1405000.0,
        "EBITDA": -17143000.0,
        "EBIT": -17758000.0,
        "Net Interest Income": -22000.0,
        "Interest Expense": 662000.0,
        "Interest Income": 640000.0,
        "Normalized Income": -18420000.0,
        "Net Income From Continuing And Discontinued Operation": -18420000.0,
        "Total Expenses": 28410000.0,
        "Total Operating Income As Reported": -18398000.0,
        "Diluted Average Shares": 37338000.0,
        "Basic Average Shares": 37338000.0,
        "Diluted EPS": -0.49,
        "Basic EPS": -0.49,
        "Diluted NI Availto Com Stockholders": -18420000.0,
        "Net Income Common Stockholders": -18420000.0,
        "Net Income": -18420000.0,
        "Net Income Including Noncontrolling Interests": -18420000.0,
        "Net Income Continuous Operations": -18420000.0,
        "Pretax Income": -18420000.0,
        "Other Income Expense": NaN,
        "Special Income Charges": 0.0,
        "Other Special Charges": NaN,
        "Impairment Of Capital Assets": NaN,
        "Net Non Operating Interest Income Expense": -22000.0,
        "Interest Expense Non Operating": 662000.0,
        "Interest Income Non Operating": 640000.0,
        "Operating Income": -18398000.0,
        "Operating Expense": 27005000.0,
        "Depreciation Amortization Depletion Income Statement": 615000.0,
        "Depreciation And Amortization In Income Statement": 615000.0,
        "Amortization": 615000.0,
        "Amortization Of Intangibles Income Statement": 615000.0,
        "Research And Development": 11162000.0,
        "Selling General And Administration": 15228000.0,
        "Selling And Marketing Expense": 6016000.0,
        "General And Administrative Expense": 9212000.0,
        "Other Gand A": 9212000.0,
        "Gross Profit": 8607000.0,
        "Cost Of Revenue": 1405000.0,
        "Total Revenue": 10012000.0,
        "Operating Revenue": 10012000.0
    },
    "2022-06-30": {
        "Tax Effect Of Unusual Items": 0.0,
        "Tax Rate For Calcs": 0.0,
        "Normalized EBITDA": -18239000.0,
        "Total Unusual Items": 0.0,
        "Total Unusual Items Excluding Goodwill": 0.0,
        "Net Income From Continuing Operation Net Minority Interest": -19406000.0,
        "Reconciled Depreciation": 615000.0,
        "Reconciled Cost Of Revenue": 1734000.0,
        "EBITDA": -18239000.0,
        "EBIT": -18854000.0,
        "Net Interest Income": -190000.0,
        "Interest Expense": 552000.0,
        "Interest Income": 362000.0,
        "Normalized Income": -19406000.0,
        "Net Income From Continuing And Discontinued Operation": -19406000.0,
        "Total Expenses": 30781000.0,
        "Total Operating Income As Reported": -19216000.0,
        "Diluted Average Shares": 37322000.0,
        "Basic Average Shares": 37322000.0,
        "Diluted EPS": -0.52,
        "Basic EPS": -0.52,
        "Diluted NI Availto Com Stockholders": -19406000.0,
        "Net Income Common Stockholders": -19406000.0,
        "Net Income": -19406000.0,
        "Net Income Including Noncontrolling Interests": -19406000.0,
        "Net Income Continuous Operations": -19406000.0,
        "Pretax Income": -19406000.0,
        "Other Income Expense": NaN,
        "Special Income Charges": 0.0,
        "Other Special Charges": NaN,
        "Impairment Of Capital Assets": NaN,
        "Net Non Operating Interest Income Expense": -190000.0,
        "Interest Expense Non Operating": 552000.0,
        "Interest Income Non Operating": 362000.0,
        "Operating Income": -19216000.0,
        "Operating Expense": 29047000.0,
        "Depreciation Amortization Depletion Income Statement": 615000.0,
        "Depreciation And Amortization In Income Statement": 615000.0,
        "Amortization": 615000.0,
        "Amortization Of Intangibles Income Statement": 615000.0,
        "Research And Development": 12992000.0,
        "Selling General And Administration": 15440000.0,
        "Selling And Marketing Expense": 6883000.0,
        "General And Administrative Expense": 8557000.0,
        "Other Gand A": 8557000.0,
        "Gross Profit": 9831000.0,
        "Cost Of Revenue": 1734000.0,
        "Total Revenue": 11565000.0,
        "Operating Revenue": 11565000.0
    },
    "2022-03-31": {
        "Diluted EPS": -0.56,
        "Total Revenue": 9,
        "Gross Profit": 8,
        "Operating Income": -18,
        "EBIT": -17,
        "Net Income": -21
    },
    "2021-12-31": {
        "Diluted EPS": -0.6,
        "Total Revenue": 12,
        "Gross Profit": 9,
        "Operating Income": -18,
        "EBIT": -17,
        "Net Income": -19
    },
    "2021-09-30": {
        "Diluted EPS": -0.58,
        "Total Revenue": 9,
        "Gross Profit": 7,
        "Operating Income": -15,
        "EBIT": -14,
        "Net Income": -17
    },
    "2021-06-30": {
        "Diluted EPS": -0.35,
        "Total Revenue": 9,
        "Gross Profit": 7,
        "Operating Income": -11,
        "EBIT": -10,
        "Net Income": -10
    },
    "2021-03-31": {
        "Diluted EPS": -0.5,
        "Total Revenue": 7,
        "Gross Profit": 6,
        "Operating Income": -11,
        "EBIT": -10,
        "Net Income": -12
    },
    "2020-12-31": {
        "Diluted EPS": -1.06,
        "Total Revenue": 7,
        "Gross Profit": 5,
        "Operating Income": -13,
        "EBIT": -12,
        "Net Income": -15
    },
    "2020-09-30": {
        "Diluted EPS": -0.3,
        "Total Revenue": 16,
        "Gross Profit": 14,
        "Operating Income": -2,
        "EBIT": -1,
        "Net Income": -4
    },
    "2020-06-30": {
        "Diluted EPS": -1.04,
        "Total Revenue": 4,
        "Gross Profit": 4,
        "Operating Income": -11,
        "EBIT": -10,
        "Net Income": -13
    },
    "2020-03-31": {
        "Diluted EPS": -1.14,
        "Total Revenue": 7,
        "Gross Profit": 7,
        "Operating Income": -11,
        "EBIT": -11,
        "Net Income": -13
    },
    "2019-12-31": {
        "Diluted EPS": -0.84,
        "Total Revenue": 9,
        "Gross Profit": 7,
        "Operating Income": -9,
        "EBIT": -8,
        "Net Income": -10
    },
    "2019-09-30": {
        "Diluted EPS": -1.5,
        "Total Revenue": 3,
        "Gross Profit": 2,
        "Operating Income": -14,
        "EBIT": -13,
        "Net Income": -16
    },
    "2019-06-30": {
        "Diluted EPS": -1.1,
        "Total Revenue": 7,
        "Gross Profit": 7,
        "Operating Income": -10,
        "EBIT": -9,
        "Net Income": -11
    },
    "2019-03-31": {
        "Diluted EPS": -2.0,
        "Total Revenue": 2,
        "Gross Profit": 2,
        "Operating Income": -15,
        "EBIT": -14,
        "Net Income": -19
    },
    "2018-12-31": {
        "Diluted EPS": 0.0,
        "Total Revenue": NaN,
        "Gross Profit": NaN,
        "Operating Income": NaN,
        "EBIT": NaN,
        "Net Income": NaN
    },
    "2018-09-30": {
        "Diluted EPS": -4.4,
        "Total Revenue": 0,
        "Gross Profit": 0,
        "Operating Income": -14,
        "EBIT": -13,
        "Net Income": -33
    },
    "2018-06-30": {
        "Diluted EPS": -6.2,
        "Total Revenue": 1,
        "Gross Profit": 1,
        "Operating Income": -10,
        "EBIT": -9,
        "Net Income": -34
    },
    "2018-03-31": {
        "Diluted EPS": -1.5,
        "Total Revenue": 1,
        "Gross Profit": 1,
        "Operating Income": -5,
        "EBIT": -5,
        "Net Income": -7
    },
    "2017-12-31": {
        "Diluted EPS": -1.3,
        "Total Revenue": 1,
        "Gross Profit": 1,
        "Operating Income": 1,
        "EBIT": 1,
        "Net Income": -6
    },
    "2017-09-30": {
        "Diluted EPS": -1.5,
        "Total Revenue": 0,
        "Gross Profit": 0,
        "Operating Income": -6,
        "EBIT": -6,
        "Net Income": -6
    },
    "2017-06-30": {
        "Diluted EPS": 0.0,
        "Total Revenue": NaN,
        "Gross Profit": NaN,
        "Operating Income": NaN,
        "EBIT": NaN,
        "Net Income": NaN
    },
    "2017-03-31": {
        "Diluted EPS": -1.5,
        "Total Revenue": 1,
        "Gross Profit": 1,
        "Operating Income": -5,
        "EBIT": -10,
        "Net Income": -5
    },
    "2016-12-31": {
        "Diluted EPS": 0.0,
        "Total Revenue": 6,
        "Gross Profit": 6,
        "Operating Income": 6,
        "EBIT": 1,
        "Net Income": 0
    },
    "2016-09-30": {
        "Diluted EPS": -2.1,
        "Total Revenue": 0,
        "Gross Profit": 0,
        "Operating Income": -7,
        "EBIT": -7,
        "Net Income": -7
    },
    "2016-06-30": {
        "Diluted EPS": 0.0,
        "Total Revenue": NaN,
        "Gross Profit": NaN,
        "Operating Income": NaN,
        "EBIT": NaN,
        "Net Income": NaN
    },
    "2016-03-31": {
        "Diluted EPS": -1.5,
        "Total Revenue": 0,
        "Gross Profit": 0,
        "Operating Income": -5,
        "EBIT": -4,
        "Net Income": -5
    },
    "2015-12-31": {
        "Diluted EPS": -1.8,
        "Total Revenue": 1,
        "Gross Profit": 1,
        "Operating Income": 1,
        "EBIT": 1,
        "Net Income": -5
    },
    "2015-09-30": {
        "Diluted EPS": -1.7,
        "Total Revenue": 0,
        "Gross Profit": 0,
        "Operating Income": -5,
        "EBIT": -5,
        "Net Income": -5
    },
    "2015-06-30": {
        "Diluted EPS": 0.0,
        "Total Revenue": NaN,
        "Gross Profit": NaN,
        "Operating Income": NaN,
        "EBIT": NaN,
        "Net Income": NaN
    },
    "2015-03-31": {
        "Diluted EPS": -1.7,
        "Total Revenue": 0,
        "Gross Profit": 0,
        "Operating Income": -5,
        "EBIT": -4,
        "Net Income": -5
    },
    "2014-12-31": {
        "Diluted EPS": -1.4,
        "Total Revenue": 1,
        "Gross Profit": 1,
        "Operating Income": 1,
        "EBIT": 1,
        "Net Income": -4
    },
    "2014-09-30": {
        "Diluted EPS": 6.7,
        "Total Revenue": 25,
        "Gross Profit": 25,
        "Operating Income": 21,
        "EBIT": 21,
        "Net Income": 21
    },
    "2014-06-30": {
        "Diluted EPS": 0.0,
        "Total Revenue": NaN,
        "Gross Profit": NaN,
        "Operating Income": NaN,
        "EBIT": NaN,
        "Net Income": NaN
    },
    "2014-03-31": {
        "Diluted EPS": -0.8,
        "Total Revenue": 2,
        "Gross Profit": 2,
        "Operating Income": -2,
        "EBIT": -2,
        "Net Income": -2
    },
    "2013-12-31": {
        "Diluted EPS": -1.3,
        "Total Revenue": 1,
        "Gross Profit": 1,
        "Operating Income": 1,
        "EBIT": 1,
        "Net Income": -4
    },
    "2013-09-30": {
        "Diluted EPS": -1.4,
        "Total Revenue": 1,
        "Gross Profit": 1,
        "Operating Income": -4,
        "EBIT": -4,
        "Net Income": -4
    },
    "2013-06-30": {
        "Diluted EPS": 0.0,
        "Total Revenue": NaN,
        "Gross Profit": NaN,
        "Operating Income": NaN,
        "EBIT": NaN,
        "Net Income": NaN
    },
    "2013-03-31": {
        "Diluted EPS": -1.2,
        "Total Revenue": 1,
        "Gross Profit": 1,
        "Operating Income": -3,
        "EBIT": -2,
        "Net Income": -3
    },
    "2012-12-31": {
        "Diluted EPS": -1.1,
        "Total Revenue": 1,
        "Gross Profit": 1,
        "Operating Income": 1,
        "EBIT": 1,
        "Net Income": -3
    },
    "2012-09-30": {
        "Diluted EPS": -1.1,
        "Total Revenue": 1,
        "Gross Profit": 1,
        "Operating Income": -3,
        "EBIT": -3,
        "Net Income": -3
    },
    "2012-06-30": {
        "Diluted EPS": 0.0,
        "Total Revenue": NaN,
        "Gross Profit": NaN,
        "Operating Income": NaN,
        "EBIT": NaN,
        "Net Income": NaN
    },
    "2012-03-31": {
        "Diluted EPS": -1.3,
        "Total Revenue": 1,
        "Gross Profit": 1,
        "Operating Income": -3,
        "EBIT": 14,
        "Net Income": -3
    },
    "2011-12-31": {
        "Diluted EPS": -8.4,
        "Total Revenue": 1,
        "Gross Profit": 1,
        "Operating Income": 1,
        "EBIT": 16,
        "Net Income": -17
    },
    "2011-09-30": {
        "Diluted EPS": -1.2,
        "Total Revenue": 2,
        "Gross Profit": 2,
        "Operating Income": -3,
        "EBIT": -3,
        "Net Income": -2
    },
    "2011-06-30": {
        "Diluted EPS": 0.0,
        "Total Revenue": NaN,
        "Gross Profit": NaN,
        "Operating Income": NaN,
        "EBIT": NaN,
        "Net Income": NaN
    },
    "2011-03-31": {
        "Diluted EPS": -1.3,
        "Total Revenue": 0,
        "Gross Profit": 0,
        "Operating Income": -3,
        "EBIT": -1,
        "Net Income": -3
    },
    "2010-12-31": {
        "Diluted EPS": -1.5,
        "Total Revenue": 0,
        "Gross Profit": 0,
        "Operating Income": 0,
        "EBIT": 1,
        "Net Income": -3
    },
    "2010-09-30": {
        "Diluted EPS": -1.7,
        "Total Revenue": 0,
        "Gross Profit": 0,
        "Operating Income": -3,
        "EBIT": -3,
        "Net Income": -3
    },
    "2010-06-30": {
        "Diluted EPS": 0.0,
        "Total Revenue": NaN,
        "Gross Profit": NaN,
        "Operating Income": NaN,
        "EBIT": NaN,
        "Net Income": NaN
    },
    "2010-03-31": {
        "Diluted EPS": -1.5,
        "Total Revenue": 1,
        "Gross Profit": 1,
        "Operating Income": -3,
        "EBIT": 0,
        "Net Income": -3
    },
    "2009-12-31": {
        "Diluted EPS": 0.0,
        "Total Revenue": 3,
        "Gross Profit": 3,
        "Operating Income": 3,
        "EBIT": 5,
        "Net Income": 0
    },
    "2009-09-30": {
        "Diluted EPS": -0.9,
        "Total Revenue": 3,
        "Gross Profit": 3,
        "Operating Income": 0,
        "EBIT": 0,
        "Net Income": -2
    },
    "2009-06-30": {
        "Diluted EPS": 0.0,
        "Total Revenue": NaN,
        "Gross Profit": NaN,
        "Operating Income": NaN,
        "EBIT": NaN,
        "Net Income": NaN
    },
    "2009-03-31": {
        "Diluted EPS": -0.3,
        "Total Revenue": 3,
        "Gross Profit": 3,
        "Operating Income": -1,
        "EBIT": 2,
        "Net Income": -1
    },
    "2023-06-30": {
        "Tax Effect Of Unusual Items": NaN,
        "Tax Rate For Calcs": NaN,
        "Normalized EBITDA": NaN,
        "Total Unusual Items": NaN,
        "Total Unusual Items Excluding Goodwill": NaN,
        "Net Income From Continuing Operation Net Minority Interest": NaN,
        "Reconciled Depreciation": NaN,
        "Reconciled Cost Of Revenue": NaN,
        "EBITDA": NaN,
        "EBIT": NaN,
        "Net Interest Income": NaN,
        "Interest Expense": NaN,
        "Interest Income": NaN,
        "Normalized Income": NaN,
        "Net Income From Continuing And Discontinued Operation": NaN,
        "Total Expenses": NaN,
        "Total Operating Income As Reported": NaN,
        "Diluted Average Shares": 37576000.0,
        "Basic Average Shares": 37576000.0,
        "Diluted EPS": -0.61,
        "Basic EPS": -0.61,
        "Diluted NI Availto Com Stockholders": NaN,
        "Net Income Common Stockholders": NaN,
        "Net Income": NaN,
        "Net Income Including Noncontrolling Interests": NaN,
        "Net Income Continuous Operations": NaN,
        "Pretax Income": NaN,
        "Other Income Expense": -1347000.0,
        "Special Income Charges": NaN,
        "Other Special Charges": 1347000.0,
        "Net Non Operating Interest Income Expense": NaN,
        "Interest Expense Non Operating": NaN,
        "Interest Income Non Operating": NaN,
        "Operating Income": NaN,
        "Operating Expense": NaN,
        "Depreciation Amortization Depletion Income Statement": 0.0,
        "Depreciation And Amortization In Income Statement": 0.0,
        "Amortization": 0.0,
        "Amortization Of Intangibles Income Statement": 0.0,
        "Research And Development": NaN,
        "Selling General And Administration": NaN,
        "Selling And Marketing Expense": NaN,
        "General And Administrative Expense": NaN,
        "Other Gand A": NaN,
        "Gross Profit": NaN,
        "Cost Of Revenue": NaN,
        "Total Revenue": NaN,
        "Operating Revenue": NaN
    },
    "2023-09-30": {
        "Tax Effect Of Unusual Items": NaN,
        "Tax Rate For Calcs": NaN,
        "Normalized EBITDA": NaN,
        "Total Unusual Items": 0.0,
        "Total Unusual Items Excluding Goodwill": 0.0,
        "Net Income From Continuing Operation Net Minority Interest": NaN,
        "Reconciled Depreciation": NaN,
        "Reconciled Cost Of Revenue": NaN,
        "EBITDA": NaN,
        "EBIT": NaN,
        "Net Interest Income": NaN,
        "Interest Expense": NaN,
        "Interest Income": NaN,
        "Normalized Income": NaN,
        "Net Income From Continuing And Discontinued Operation": NaN,
        "Total Expenses": NaN,
        "Total Operating Income As Reported": NaN,
        "Diluted Average Shares": NaN,
        "Basic Average Shares": NaN,
        "Diluted EPS": NaN,
        "Basic EPS": NaN,
        "Diluted NI Availto Com Stockholders": NaN,
        "Net Income Common Stockholders": NaN,
        "Net Income": NaN,
        "Net Income Including Noncontrolling Interests": NaN,
        "Net Income Continuous Operations": NaN,
        "Pretax Income": NaN,
        "Other Income Expense": NaN,
        "Special Income Charges": 0.0,
        "Other Special Charges": NaN,
        "Net Non Operating Interest Income Expense": NaN,
        "Interest Expense Non Operating": NaN,
        "Interest Income Non Operating": NaN,
        "Operating Income": NaN,
        "Operating Expense": NaN,
        "Depreciation Amortization Depletion Income Statement": 0.0,
        "Depreciation And Amortization In Income Statement": 0.0,
        "Amortization": 0.0,
        "Amortization Of Intangibles Income Statement": 0.0,
        "Research And Development": NaN,
        "Selling General And Administration": NaN,
        "Selling And Marketing Expense": NaN,
        "General And Administrative Expense": NaN,
        "Other Gand A": NaN,
        "Gross Profit": NaN,
        "Cost Of Revenue": NaN,
        "Total Revenue": NaN,
        "Operating Revenue": NaN
    },
    "2023-12-31": {
        "Tax Effect Of Unusual Items": NaN,
        "Tax Rate For Calcs": NaN,
        "Normalized EBITDA": NaN,
        "Total Unusual Items": 0.0,
        "Total Unusual Items Excluding Goodwill": 0.0,
        "Net Income From Continuing Operation Net Minority Interest": NaN,
        "Reconciled Depreciation": NaN,
        "Reconciled Cost Of Revenue": NaN,
        "EBITDA": NaN,
        "EBIT": NaN,
        "Net Interest Income": NaN,
        "Interest Expense": 0.0,
        "Interest Income": NaN,
        "Normalized Income": NaN,
        "Net Income From Continuing And Discontinued Operation": NaN,
        "Total Expenses": NaN,
        "Total Operating Income As Reported": NaN,
        "Diluted Average Shares": NaN,
        "Basic Average Shares": NaN,
        "Diluted EPS": NaN,
        "Basic EPS": NaN,
        "Diluted NI Availto Com Stockholders": NaN,
        "Net Income Common Stockholders": NaN,
        "Net Income": NaN,
        "Net Income Including Noncontrolling Interests": NaN,
        "Net Income Continuous Operations": NaN,
        "Tax Provision": NaN,
        "Pretax Income": NaN,
        "Other Income Expense": 0.0,
        "Special Income Charges": 0.0,
        "Other Special Charges": 0.0,
        "Net Non Operating Interest Income Expense": NaN,
        "Interest Expense Non Operating": 0.0,
        "Interest Income Non Operating": NaN,
        "Operating Income": NaN,
        "Operating Expense": NaN,
        "Depreciation Amortization Depletion Income Statement": 0.0,
        "Depreciation And Amortization In Income Statement": 0.0,
        "Amortization": 0.0,
        "Amortization Of Intangibles Income Statement": 0.0,
        "Research And Development": NaN,
        "Selling General And Administration": NaN,
        "Selling And Marketing Expense": NaN,
        "General And Administrative Expense": NaN,
        "Other Gand A": NaN,
        "Gross Profit": NaN,
        "Cost Of Revenue": NaN,
        "Total Revenue": NaN,
        "Operating Revenue": NaN
    },
    "2024-03-31": {
        "Tax Effect Of Unusual Items": NaN,
        "Tax Rate For Calcs": NaN,
        "Normalized EBITDA": NaN,
        "Total Unusual Items": NaN,
        "Total Unusual Items Excluding Goodwill": NaN,
        "Net Income From Continuing Operation Net Minority Interest": NaN,
        "Reconciled Depreciation": NaN,
        "Reconciled Cost Of Revenue": NaN,
        "EBITDA": NaN,
        "EBIT": NaN,
        "Net Interest Income": NaN,
        "Interest Expense": 0.0,
        "Interest Income": NaN,
        "Normalized Income": NaN,
        "Net Income From Continuing And Discontinued Operation": NaN,
        "Total Expenses": NaN,
        "Total Operating Income As Reported": NaN,
        "Diluted Average Shares": NaN,
        "Basic Average Shares": NaN,
        "Diluted EPS": NaN,
        "Basic EPS": NaN,
        "Diluted NI Availto Com Stockholders": NaN,
        "Net Income Common Stockholders": NaN,
        "Net Income": NaN,
        "Net Income Including Noncontrolling Interests": NaN,
        "Net Income Continuous Operations": NaN,
        "Tax Provision": NaN,
        "Pretax Income": NaN,
        "Special Income Charges": NaN,
        "Net Non Operating Interest Income Expense": NaN,
        "Interest Expense Non Operating": 0.0,
        "Interest Income Non Operating": NaN,
        "Operating Income": NaN,
        "Operating Expense": NaN,
        "Research And Development": NaN,
        "Selling General And Administration": NaN,
        "Selling And Marketing Expense": NaN,
        "General And Administrative Expense": NaN,
        "Other Gand A": NaN,
        "Gross Profit": NaN,
        "Cost Of Revenue": NaN,
        "Total Revenue": NaN,
        "Operating Revenue": NaN
    },
    "2024-06-30": {
        "Tax Effect Of Unusual Items": 0.0,
        "Tax Rate For Calcs": 0.0,
        "Normalized EBITDA": -34184000.0,
        "Total Unusual Items": 0.0,
        "Total Unusual Items Excluding Goodwill": 0.0,
        "Net Income From Continuing Operation Net Minority Interest": -30826000.0,
        "Reconciled Depreciation": 362000.0,
        "Reconciled Cost Of Revenue": 1401000.0,
        "EBITDA": -34184000.0,
        "EBIT": -34546000.0,
        "Net Interest Income": 3720000.0,
        "Interest Expense": 0.0,
        "Interest Income": 3720000.0,
        "Normalized Income": -30826000.0,
        "Net Income From Continuing And Discontinued Operation": -30826000.0,
        "Total Expenses": 44023000.0,
        "Total Operating Income As Reported": -34546000.0,
        "Diluted Average Shares": 53206000.0,
        "Basic Average Shares": 53206000.0,
        "Diluted EPS": -0.58,
        "Basic EPS": -0.58,
        "Diluted NI Availto Com Stockholders": -30826000.0,
        "Net Income Common Stockholders": -30826000.0,
        "Net Income": -30826000.0,
        "Net Income Including Noncontrolling Interests": -30826000.0,
        "Net Income Continuous Operations": -30826000.0,
        "Tax Provision": 0.0,
        "Pretax Income": -30826000.0,
        "Special Income Charges": 0.0,
        "Net Non Operating Interest Income Expense": 3720000.0,
        "Interest Expense Non Operating": 0.0,
        "Interest Income Non Operating": 3720000.0,
        "Operating Income": -34546000.0,
        "Operating Expense": 42622000.0,
        "Research And Development": 29822000.0,
        "Selling General And Administration": 12800000.0,
        "Selling And Marketing Expense": 50000.0,
        "General And Administrative Expense": 12750000.0,
        "Other Gand A": 12750000.0,
        "Gross Profit": 8076000.0,
        "Cost Of Revenue": 1401000.0,
        "Total Revenue": 9477000.0,
        "Operating Revenue": 9477000.0
    },
    "2024-09-30": {
        "Tax Effect Of Unusual Items": 0.0,
        "Tax Rate For Calcs": 0.0,
        "Normalized EBITDA": -28953000.0,
        "Total Unusual Items": 0.0,
        "Total Unusual Items Excluding Goodwill": 0.0,
        "Net Income From Continuing Operation Net Minority Interest": -29361000.0,
        "Reconciled Depreciation": 408000.0,
        "Reconciled Cost Of Revenue": 736000.0,
        "EBITDA": -28953000.0,
        "EBIT": -29361000.0,
        "Net Interest Income": 3387000.0,
        "Interest Expense": 0.0,
        "Interest Income": 3387000.0,
        "Normalized Income": -29361000.0,
        "Net Income From Continuing And Discontinued Operation": -29361000.0,
        "Total Expenses": 43272000.0,
        "Total Operating Income As Reported": -32748000.0,
        "Diluted Average Shares": 54449000.0,
        "Basic Average Shares": 54449000.0,
        "Diluted EPS": -0.54,
        "Basic EPS": -0.54,
        "Diluted NI Availto Com Stockholders": -29361000.0,
        "Net Income Common Stockholders": -29361000.0,
        "Net Income": -29361000.0,
        "Net Income Including Noncontrolling Interests": -29361000.0,
        "Net Income Continuous Operations": -29361000.0,
        "Tax Provision": NaN,
        "Pretax Income": -29361000.0,
        "Special Income Charges": 0.0,
        "Net Non Operating Interest Income Expense": 3387000.0,
        "Interest Expense Non Operating": 0.0,
        "Interest Income Non Operating": 3387000.0,
        "Operating Income": -32748000.0,
        "Operating Expense": 42536000.0,
        "Research And Development": 29542000.0,
        "Selling General And Administration": 12994000.0,
        "Selling And Marketing Expense": 24000.0,
        "General And Administrative Expense": 12970000.0,
        "Other Gand A": 12970000.0,
        "Gross Profit": 9788000.0,
        "Cost Of Revenue": 736000.0,
        "Total Revenue": 10524000.0,
        "Operating Revenue": 10524000.0
    },
    "2024-12-31": {
        "Tax Effect Of Unusual Items": 0.0,
        "Tax Rate For Calcs": 0.0,
        "Normalized EBITDA": -40828000.0,
        "Total Unusual Items": 0.0,
        "Total Unusual Items Excluding Goodwill": 0.0,
        "Net Income From Continuing Operation Net Minority Interest": -41399000.0,
        "Reconciled Depreciation": 467000.0,
        "Reconciled Cost Of Revenue": 816000.0,
        "EBITDA": -40828000.0,
        "EBIT": -41295000.0,
        "Net Interest Income": 3930000.0,
        "Interest Expense": 14000.0,
        "Interest Income": 3944000.0,
        "Normalized Income": -41399000.0,
        "Net Income From Continuing And Discontinued Operation": -41399000.0,
        "Total Expenses": 56827000.0,
        "Total Operating Income As Reported": -45239000.0,
        "Diluted Average Shares": 64556000.0,
        "Basic Average Shares": 64556000.0,
        "Diluted EPS": -0.64,
        "Basic EPS": -0.64,
        "Diluted NI Availto Com Stockholders": -41399000.0,
        "Net Income Common Stockholders": -41399000.0,
        "Net Income": -41399000.0,
        "Net Income Including Noncontrolling Interests": -41399000.0,
        "Net Income Continuous Operations": -41399000.0,
        "Tax Provision": NaN,
        "Pretax Income": -41309000.0,
        "Special Income Charges": 0.0,
        "Net Non Operating Interest Income Expense": 3930000.0,
        "Interest Expense Non Operating": 14000.0,
        "Interest Income Non Operating": 3944000.0,
        "Operating Income": -45239000.0,
        "Operating Expense": 56011000.0,
        "Research And Development": 43372000.0,
        "Selling General And Administration": 12639000.0,
        "Selling And Marketing Expense": 51000.0,
        "General And Administrative Expense": 12588000.0,
        "Other Gand A": 12588000.0,
        "Gross Profit": 10772000.0,
        "Cost Of Revenue": 816000.0,
        "Total Revenue": 11588000.0,
        "Operating Revenue": 11588000.0
    },
    "2025-03-31": {
        "Tax Effect Of Unusual Items": 0.0,
        "Tax Rate For Calcs": 0.0,
        "Normalized EBITDA": -48340000.0,
        "Total Unusual Items": NaN,
        "Total Unusual Items Excluding Goodwill": NaN,
        "Net Income From Continuing Operation Net Minority Interest": -45195000.0,
        "Reconciled Depreciation": 497000.0,
        "Reconciled Cost Of Revenue": 805000.0,
        "EBITDA": -48340000.0,
        "EBIT": -48837000.0,
        "Net Interest Income": 3642000.0,
        "Interest Expense": NaN,
        "Interest Income": 3642000.0,
        "Normalized Income": -45195000.0,
        "Net Income From Continuing And Discontinued Operation": -45195000.0,
        "Total Expenses": 73290000.0,
        "Total Operating Income As Reported": -48837000.0,
        "Diluted Average Shares": 69767000.0,
        "Basic Average Shares": 69767000.0,
        "Diluted EPS": -0.65,
        "Basic EPS": -0.65,
        "Diluted NI Availto Com Stockholders": -45195000.0,
        "Net Income Common Stockholders": -45195000.0,
        "Net Income": -45195000.0,
        "Net Income Including Noncontrolling Interests": -45195000.0,
        "Net Income Continuous Operations": -45195000.0,
        "Tax Provision": NaN,
        "Pretax Income": -45195000.0,
        "Special Income Charges": NaN,
        "Net Non Operating Interest Income Expense": 3642000.0,
        "Interest Expense Non Operating": NaN,
        "Interest Income Non Operating": 3642000.0,
        "Operating Income": -48837000.0,
        "Operating Expense": 72485000.0,
        "Research And Development": 58574000.0,
        "Selling General And Administration": 13911000.0,
        "Selling And Marketing Expense": 35000.0,
        "General And Administrative Expense": 13876000.0,
        "Other Gand A": 13876000.0,
        "Gross Profit": 23648000.0,
        "Cost Of Revenue": 805000.0,
        "Total Revenue": 24453000.0,
        "Operating Revenue": 24453000.0
    },
    "2025-06-30": {
        "Tax Effect Of Unusual Items": 0.0,
        "Tax Rate For Calcs": 0.21,
        "Normalized EBITDA": -61689000.0,
        "Total Unusual Items": NaN,
        "Total Unusual Items Excluding Goodwill": NaN,
        "Net Income From Continuing Operation Net Minority Interest": -59426000.0,
        "Reconciled Depreciation": 538000.0,
        "Reconciled Cost Of Revenue": 165000.0,
        "EBITDA": -61689000.0,
        "EBIT": -62227000.0,
        "Net Interest Income": 2894000.0,
        "Interest Expense": NaN,
        "Interest Income": 2894000.0,
        "Normalized Income": -59426000.0,
        "Net Income From Continuing And Discontinued Operation": -59426000.0,
        "Total Expenses": 67560000.0,
        "Total Operating Income As Reported": -62227000.0,
        "Diluted Average Shares": 69926000.0,
        "Basic Average Shares": 69926000.0,
        "Diluted EPS": -0.85,
        "Basic EPS": -0.85,
        "Diluted NI Availto Com Stockholders": -59426000.0,
        "Net Income Common Stockholders": -59426000.0,
        "Net Income": -59426000.0,
        "Net Income Including Noncontrolling Interests": -59426000.0,
        "Net Income Continuous Operations": -59426000.0,
        "Tax Provision": 93000.0,
        "Pretax Income": -59333000.0,
        "Special Income Charges": NaN,
        "Net Non Operating Interest Income Expense": 2894000.0,
        "Interest Expense Non Operating": NaN,
        "Interest Income Non Operating": 2894000.0,
        "Operating Income": -62227000.0,
        "Operating Expense": 67395000.0,
        "Research And Development": 55498000.0,
        "Selling General And Administration": 11897000.0,
        "Selling And Marketing Expense": 35000.0,
        "General And Administrative Expense": 11862000.0,
        "Other Gand A": 11862000.0,
        "Gross Profit": 5168000.0,
        "Cost Of Revenue": 165000.0,
        "Total Revenue": 5333000.0,
        "Operating Revenue": 5333000.0
    }
}