{
    "2023-06-30": {
        "Tax Effect Of Unusual Items": NaN,
        "Tax Rate For Calcs": NaN,
        "Normalized EBITDA": NaN,
        "Total Unusual Items": NaN,
        "Total Unusual Items Excluding Goodwill": NaN,
        "Net Income From Continuing Operation Net Minority Interest": NaN,
        "Reconciled Depreciation": NaN,
        "Reconciled Cost Of Revenue": NaN,
        "EBITDA": NaN,
        "EBIT": NaN,
        "Net Interest Income": NaN,
        "Interest Expense": NaN,
        "Interest Income": NaN,
        "Normalized Income": NaN,
        "Net Income From Continuing And Discontinued Operation": NaN,
        "Total Expenses": NaN,
        "Total Operating Income As Reported": NaN,
        "Diluted Average Shares": 4041000000.0,
        "Basic Average Shares": 4003000000.0,
        "Diluted EPS": 0.47,
        "Basic EPS": 0.48,
        "Diluted NI Availto Com Stockholders": NaN,
        "Net Income Common Stockholders": NaN,
        "Net Income": NaN,
        "Minority Interests": NaN,
        "Net Income Including Noncontrolling Interests": NaN,
        "Net Income Continuous Operations": NaN,
        "Tax Provision": NaN,
        "Pretax Income": NaN,
        "Other Income Expense": NaN,
        "Other Non Operating Income Expenses": NaN,
        "Special Income Charges": NaN,
        "Earnings From Equity Interest": NaN,
        "Gain On Sale Of Security": NaN,
        "Net Non Operating Interest Income Expense": NaN,
        "Interest Expense Non Operating": NaN,
        "Interest Income Non Operating": NaN,
        "Operating Income": NaN,
        "Operating Expense": NaN,
        "Selling General And Administration": NaN,
        "Gross Profit": NaN,
        "Cost Of Revenue": NaN,
        "Total Revenue": NaN,
        "Operating Revenue": NaN
    },
    "2023-03-31": {
        "Tax Effect Of Unusual Items": NaN,
        "Tax Rate For Calcs": NaN,
        "Normalized EBITDA": NaN,
        "Total Unusual Items": NaN,
        "Total Unusual Items Excluding Goodwill": NaN,
        "Net Income From Continuing Operation Net Minority Interest": NaN,
        "Reconciled Depreciation": NaN,
        "Reconciled Cost Of Revenue": NaN,
        "EBITDA": NaN,
        "EBIT": NaN,
        "Net Interest Income": NaN,
        "Interest Expense": NaN,
        "Interest Income": NaN,
        "Normalized Income": NaN,
        "Net Income From Continuing And Discontinued Operation": NaN,
        "Total Expenses": NaN,
        "Total Operating Income As Reported": NaN,
        "Diluted Average Shares": 4029000000.0,
        "Basic Average Shares": 3990000000.0,
        "Diluted EPS": 0.44,
        "Basic EPS": 0.44,
        "Diluted NI Availto Com Stockholders": NaN,
        "Net Income Common Stockholders": NaN,
        "Net Income": NaN,
        "Minority Interests": NaN,
        "Net Income Including Noncontrolling Interests": NaN,
        "Net Income Continuous Operations": NaN,
        "Tax Provision": NaN,
        "Pretax Income": NaN,
        "Other Income Expense": NaN,
        "Other Non Operating Income Expenses": NaN,
        "Special Income Charges": NaN,
        "Earnings From Equity Interest": NaN,
        "Gain On Sale Of Security": NaN,
        "Net Non Operating Interest Income Expense": NaN,
        "Interest Expense Non Operating": NaN,
        "Interest Income Non Operating": NaN,
        "Operating Income": NaN,
        "Operating Expense": NaN,
        "Selling General And Administration": NaN,
        "Gross Profit": NaN,
        "Cost Of Revenue": NaN,
        "Total Revenue": NaN,
        "Operating Revenue": NaN
    },
    "2022-12-31": {
        "Tax Effect Of Unusual Items": NaN,
        "Tax Rate For Calcs": NaN,
        "Normalized EBITDA": NaN,
        "Total Unusual Items": NaN,
        "Total Unusual Items Excluding Goodwill": NaN,
        "Net Income From Continuing Operation Net Minority Interest": NaN,
        "Reconciled Depreciation": NaN,
        "Reconciled Cost Of Revenue": NaN,
        "EBITDA": NaN,
        "EBIT": NaN,
        "Net Interest Income": NaN,
        "Interest Expense": NaN,
        "Interest Income": NaN,
        "Normalized Income": NaN,
        "Net Income From Continuing And Discontinued Operation": NaN,
        "Total Expenses": NaN,
        "Total Operating Income As Reported": NaN,
        "Diluted Average Shares": NaN,
        "Basic Average Shares": NaN,
        "Diluted EPS": NaN,
        "Basic EPS": NaN,
        "Diluted NI Availto Com Stockholders": NaN,
        "Net Income Common Stockholders": NaN,
        "Net Income": NaN,
        "Minority Interests": NaN,
        "Net Income Including Noncontrolling Interests": NaN,
        "Net Income Continuous Operations": NaN,
        "Tax Provision": NaN,
        "Pretax Income": NaN,
        "Other Income Expense": NaN,
        "Other Non Operating Income Expenses": NaN,
        "Special Income Charges": 0.0,
        "Other Special Charges": 0.0,
        "Earnings From Equity Interest": NaN,
        "Gain On Sale Of Security": NaN,
        "Net Non Operating Interest Income Expense": NaN,
        "Interest Expense Non Operating": NaN,
        "Interest Income Non Operating": NaN,
        "Operating Income": NaN,
        "Operating Expense": NaN,
        "Selling General And Administration": NaN,
        "Gross Profit": NaN,
        "Cost Of Revenue": NaN,
        "Total Revenue": NaN,
        "Operating Revenue": NaN
    },
    "2022-09-30": {
        "Tax Effect Of Unusual Items": NaN,
        "Tax Rate For Calcs": NaN,
        "Normalized EBITDA": NaN,
        "Total Unusual Items": NaN,
        "Total Unusual Items Excluding Goodwill": NaN,
        "Net Income From Continuing Operation Net Minority Interest": NaN,
        "Reconciled Depreciation": NaN,
        "Reconciled Cost Of Revenue": NaN,
        "EBITDA": NaN,
        "EBIT": NaN,
        "Net Interest Income": NaN,
        "Interest Expense": NaN,
        "Interest Income": NaN,
        "Normalized Income": NaN,
        "Net Income From Continuing And Discontinued Operation": NaN,
        "Total Expenses": NaN,
        "Total Operating Income As Reported": NaN,
        "Diluted Average Shares": 4021000000.0,
        "Basic Average Shares": 4021000000.0,
        "Diluted EPS": -0.21,
        "Basic EPS": -0.21,
        "Diluted NI Availto Com Stockholders": NaN,
        "Net Income Common Stockholders": NaN,
        "Net Income": NaN,
        "Minority Interests": NaN,
        "Net Income Including Noncontrolling Interests": NaN,
        "Net Income Continuous Operations": NaN,
        "Tax Provision": NaN,
        "Pretax Income": NaN,
        "Other Income Expense": NaN,
        "Other Non Operating Income Expenses": NaN,
        "Special Income Charges": -135000000.0,
        "Other Special Charges": 135000000.0,
        "Earnings From Equity Interest": NaN,
        "Gain On Sale Of Security": NaN,
        "Net Non Operating Interest Income Expense": NaN,
        "Interest Expense Non Operating": NaN,
        "Interest Income Non Operating": NaN,
        "Operating Income": NaN,
        "Operating Expense": NaN,
        "Selling General And Administration": NaN,
        "Gross Profit": NaN,
        "Cost Of Revenue": NaN,
        "Total Revenue": NaN,
        "Operating Revenue": NaN
    },
    "2022-06-30": {
        "Tax Effect Of Unusual Items": -486360000.0,
        "Tax Rate For Calcs": 0.193,
        "Normalized EBITDA": 6614000000.0,
        "Total Unusual Items": -2520000000.0,
        "Total Unusual Items Excluding Goodwill": -2520000000.0,
        "Net Income From Continuing Operation Net Minority Interest": 667000000.0,
        "Reconciled Depreciation": 1619000000.0,
        "Reconciled Cost Of Revenue": 33191000000.0,
        "EBITDA": 4094000000.0,
        "EBIT": 2475000000.0,
        "Net Interest Income": -1593000000.0,
        "Interest Expense": 1684000000.0,
        "Interest Income": 91000000.0,
        "Normalized Income": 2700640000.0,
        "Net Income From Continuing And Discontinued Operation": 667000000.0,
        "Total Expenses": 35950000000.0,
        "Total Operating Income As Reported": 2868000000.0,
        "Diluted Average Shares": 4052000000.0,
        "Basic Average Shares": 4021000000.0,
        "Diluted EPS": 0.16,
        "Basic EPS": 0.17,
        "Diluted NI Availto Com Stockholders": 667000000.0,
        "Net Income Common Stockholders": 667000000.0,
        "Net Income": 667000000.0,
        "Minority Interests": 29000000.0,
        "Net Income Including Noncontrolling Interests": 638000000.0,
        "Net Income Continuous Operations": 638000000.0,
        "Tax Provision": 153000000.0,
        "Pretax Income": 791000000.0,
        "Other Income Expense": -1856000000.0,
        "Other Non Operating Income Expenses": 627000000.0,
        "Special Income Charges": NaN,
        "Other Special Charges": NaN,
        "Earnings From Equity Interest": 37000000.0,
        "Gain On Sale Of Security": -2520000000.0,
        "Net Non Operating Interest Income Expense": -1593000000.0,
        "Interest Expense Non Operating": 1684000000.0,
        "Interest Income Non Operating": 91000000.0,
        "Operating Income": 4240000000.0,
        "Operating Expense": 2759000000.0,
        "Selling General And Administration": 2759000000.0,
        "Gross Profit": 6999000000.0,
        "Cost Of Revenue": 33191000000.0,
        "Total Revenue": 40190000000.0,
        "Operating Revenue": 40190000000.0
    },
    "2023-09-30": {
        "Tax Effect Of Unusual Items": NaN,
        "Tax Rate For Calcs": NaN,
        "Normalized EBITDA": NaN,
        "Total Unusual Items": NaN,
        "Total Unusual Items Excluding Goodwill": NaN,
        "Net Income From Continuing Operation Net Minority Interest": NaN,
        "Reconciled Depreciation": NaN,
        "Reconciled Cost Of Revenue": NaN,
        "EBITDA": NaN,
        "EBIT": NaN,
        "Net Interest Income": NaN,
        "Interest Expense": NaN,
        "Interest Income": NaN,
        "Normalized Income": NaN,
        "Net Income From Continuing And Discontinued Operation": NaN,
        "Total Expenses": NaN,
        "Total Operating Income As Reported": NaN,
        "Diluted Average Shares": 4050000000.0,
        "Basic Average Shares": 4004000000.0,
        "Diluted EPS": 0.3,
        "Basic EPS": 0.3,
        "Diluted NI Availto Com Stockholders": NaN,
        "Net Income Common Stockholders": NaN,
        "Net Income": NaN,
        "Minority Interests": NaN,
        "Net Income Including Noncontrolling Interests": NaN,
        "Net Income Continuous Operations": NaN,
        "Tax Provision": NaN,
        "Pretax Income": NaN,
        "Other Income Expense": NaN,
        "Other Non Operating Income Expenses": NaN,
        "Special Income Charges": 0.0,
        "Earnings From Equity Interest": NaN,
        "Gain On Sale Of Security": NaN,
        "Net Non Operating Interest Income Expense": NaN,
        "Interest Expense Non Operating": NaN,
        "Interest Income Non Operating": NaN,
        "Operating Income": NaN,
        "Operating Expense": NaN,
        "Selling General And Administration": NaN,
        "Gross Profit": NaN,
        "Cost Of Revenue": NaN,
        "Total Revenue": NaN,
        "Operating Revenue": NaN
    },
    "2023-12-31": {
        "Tax Effect Of Unusual Items": NaN,
        "Tax Rate For Calcs": NaN,
        "Normalized EBITDA": NaN,
        "Total Unusual Items": NaN,
        "Total Unusual Items Excluding Goodwill": NaN,
        "Net Income From Continuing Operation Net Minority Interest": NaN,
        "Reconciled Depreciation": NaN,
        "Reconciled Cost Of Revenue": NaN,
        "EBITDA": NaN,
        "EBIT": NaN,
        "Net Interest Income": NaN,
        "Interest Expense": NaN,
        "Interest Income": NaN,
        "Normalized Income": NaN,
        "Net Income From Continuing And Discontinued Operation": NaN,
        "Total Expenses": NaN,
        "Total Operating Income As Reported": NaN,
        "Diluted Average Shares": NaN,
        "Basic Average Shares": NaN,
        "Diluted EPS": NaN,
        "Basic EPS": NaN,
        "Diluted NI Availto Com Stockholders": NaN,
        "Net Income Common Stockholders": NaN,
        "Net Income": NaN,
        "Minority Interests": NaN,
        "Net Income Including Noncontrolling Interests": NaN,
        "Net Income Continuous Operations": NaN,
        "Tax Provision": NaN,
        "Pretax Income": NaN,
        "Other Income Expense": NaN,
        "Other Non Operating Income Expenses": NaN,
        "Special Income Charges": 0.0,
        "Earnings From Equity Interest": NaN,
        "Gain On Sale Of Security": NaN,
        "Net Non Operating Interest Income Expense": NaN,
        "Interest Expense Non Operating": NaN,
        "Interest Income Non Operating": NaN,
        "Operating Income": NaN,
        "Operating Expense": NaN,
        "Selling General And Administration": NaN,
        "Gross Profit": NaN,
        "Cost Of Revenue": NaN,
        "Total Revenue": NaN,
        "Operating Revenue": NaN
    },
    "2024-03-31": {
        "Tax Effect Of Unusual Items": -4988000.0,
        "Tax Rate For Calcs": 0.172,
        "Normalized EBITDA": 3438000000.0,
        "Total Unusual Items": -29000000.0,
        "Total Unusual Items Excluding Goodwill": -29000000.0,
        "Net Income From Continuing Operation Net Minority Interest": 1332000000.0,
        "Reconciled Depreciation": 1505000000.0,
        "Reconciled Cost Of Revenue": 39176000000.0,
        "EBITDA": 3409000000.0,
        "EBIT": 1904000000.0,
        "Net Interest Income": 118000000.0,
        "Interest Expense": 292000000.0,
        "Interest Income": 410000000.0,
        "Normalized Income": 1356012000.0,
        "Net Income From Continuing And Discontinued Operation": 1332000000.0,
        "Total Expenses": 41552000000.0,
        "Total Operating Income As Reported": 1225000000.0,
        "Diluted Average Shares": 4023000000.0,
        "Basic Average Shares": 3979000000.0,
        "Diluted EPS": 0.33,
        "Basic EPS": 0.33,
        "Diluted NI Availto Com Stockholders": 1332000000.0,
        "Net Income Common Stockholders": 1332000000.0,
        "Net Income": 1332000000.0,
        "Minority Interests": -2000000.0,
        "Net Income Including Noncontrolling Interests": 1334000000.0,
        "Net Income Continuous Operations": 1334000000.0,
        "Tax Provision": 278000000.0,
        "Pretax Income": 1612000000.0,
        "Other Income Expense": 269000000.0,
        "Other Non Operating Income Expenses": 124000000.0,
        "Special Income Charges": NaN,
        "Earnings From Equity Interest": 174000000.0,
        "Gain On Sale Of Security": -29000000.0,
        "Net Non Operating Interest Income Expense": 118000000.0,
        "Interest Expense Non Operating": 292000000.0,
        "Interest Income Non Operating": 410000000.0,
        "Operating Income": 1225000000.0,
        "Operating Expense": 2376000000.0,
        "Selling General And Administration": 2376000000.0,
        "Gross Profit": 3601000000.0,
        "Cost Of Revenue": 39176000000.0,
        "Total Revenue": 42777000000.0,
        "Operating Revenue": 42777000000.0
    },
    "2024-06-30": {
        "Tax Effect Of Unusual Items": 5208000.0,
        "Tax Rate For Calcs": 0.248,
        "Normalized EBITDA": 4214000000.0,
        "Total Unusual Items": 21000000.0,
        "Total Unusual Items Excluding Goodwill": 21000000.0,
        "Net Income From Continuing Operation Net Minority Interest": 1831000000.0,
        "Reconciled Depreciation": 1518000000.0,
        "Reconciled Cost Of Revenue": 43247000000.0,
        "EBITDA": 4235000000.0,
        "EBIT": 2717000000.0,
        "Net Interest Income": 88000000.0,
        "Interest Expense": 279000000.0,
        "Interest Income": 367000000.0,
        "Normalized Income": 1815208000.0,
        "Net Income From Continuing And Discontinued Operation": 1831000000.0,
        "Total Expenses": 45925000000.0,
        "Total Operating Income As Reported": 1883000000.0,
        "Diluted Average Shares": 4022000000.0,
        "Basic Average Shares": 3985000000.0,
        "Diluted EPS": 0.46,
        "Basic EPS": 0.46,
        "Diluted NI Availto Com Stockholders": 1831000000.0,
        "Net Income Common Stockholders": 1831000000.0,
        "Net Income": 1831000000.0,
        "Minority Interests": -2000000.0,
        "Net Income Including Noncontrolling Interests": 1833000000.0,
        "Net Income Continuous Operations": 1833000000.0,
        "Tax Provision": 605000000.0,
        "Pretax Income": 2438000000.0,
        "Other Income Expense": 467000000.0,
        "Other Non Operating Income Expenses": 232000000.0,
        "Special Income Charges": NaN,
        "Earnings From Equity Interest": 214000000.0,
        "Gain On Sale Of Security": 21000000.0,
        "Net Non Operating Interest Income Expense": 88000000.0,
        "Interest Expense Non Operating": 279000000.0,
        "Interest Income Non Operating": 367000000.0,
        "Operating Income": 1883000000.0,
        "Operating Expense": 2678000000.0,
        "Selling General And Administration": 2678000000.0,
        "Gross Profit": 4561000000.0,
        "Cost Of Revenue": 43247000000.0,
        "Total Revenue": 47808000000.0,
        "Operating Revenue": 47808000000.0
    },
    "2024-09-30": {
        "Tax Effect Of Unusual Items": -3570000.0,
        "Tax Rate For Calcs": 0.21,
        "Normalized EBITDA": 2553000000.0,
        "Total Unusual Items": -17000000.0,
        "Total Unusual Items Excluding Goodwill": -17000000.0,
        "Net Income From Continuing Operation Net Minority Interest": 892000000.0,
        "Reconciled Depreciation": 1394000000.0,
        "Reconciled Cost Of Revenue": 42860000000.0,
        "EBITDA": 2536000000.0,
        "EBIT": 1142000000.0,
        "Net Interest Income": 94000000.0,
        "Interest Expense": 273000000.0,
        "Interest Income": 367000000.0,
        "Normalized Income": 905430000.0,
        "Net Income From Continuing And Discontinued Operation": 892000000.0,
        "Total Expenses": 45316000000.0,
        "Total Operating Income As Reported": 880000000.0,
        "Diluted Average Shares": 4018000000.0,
        "Basic Average Shares": 3976000000.0,
        "Diluted EPS": 0.22,
        "Basic EPS": 0.22,
        "Diluted NI Availto Com Stockholders": 892000000.0,
        "Net Income Common Stockholders": 892000000.0,
        "Net Income": 892000000.0,
        "Minority Interests": -4000000.0,
        "Net Income Including Noncontrolling Interests": 896000000.0,
        "Net Income Continuous Operations": 896000000.0,
        "Tax Provision": -27000000.0,
        "Pretax Income": 869000000.0,
        "Other Income Expense": -105000000.0,
        "Other Non Operating Income Expenses": -301000000.0,
        "Special Income Charges": NaN,
        "Earnings From Equity Interest": 213000000.0,
        "Gain On Sale Of Security": -17000000.0,
        "Net Non Operating Interest Income Expense": 94000000.0,
        "Interest Expense Non Operating": 273000000.0,
        "Interest Income Non Operating": 367000000.0,
        "Operating Income": 880000000.0,
        "Operating Expense": 2456000000.0,
        "Selling General And Administration": 2456000000.0,
        "Gross Profit": 3336000000.0,
        "Cost Of Revenue": 42860000000.0,
        "Total Revenue": 46196000000.0,
        "Operating Revenue": 46196000000.0
    },
    "2024-12-31": {
        "Tax Effect Of Unusual Items": -3548401.037165,
        "Tax Rate For Calcs": 0.208729,
        "Normalized EBITDA": 4073000000.0,
        "Total Unusual Items": -17000000.0,
        "Total Unusual Items Excluding Goodwill": -17000000.0,
        "Net Income From Continuing Operation Net Minority Interest": 1824000000.0,
        "Reconciled Depreciation": 1450000000.0,
        "Reconciled Cost Of Revenue": 44203000000.0,
        "EBITDA": 4056000000.0,
        "EBIT": 2606000000.0,
        "Net Interest Income": 104000000.0,
        "Interest Expense": 292000000.0,
        "Interest Income": 396000000.0,
        "Normalized Income": 1837451598.962835,
        "Net Income From Continuing And Discontinued Operation": 1824000000.0,
        "Total Expenses": 46980000000.0,
        "Total Operating Income As Reported": 1231000000.0,
        "Diluted Average Shares": NaN,
        "Basic Average Shares": NaN,
        "Diluted EPS": NaN,
        "Basic EPS": NaN,
        "Diluted NI Availto Com Stockholders": 1824000000.0,
        "Net Income Common Stockholders": 1824000000.0,
        "Net Income": 1824000000.0,
        "Minority Interests": -7000000.0,
        "Net Income Including Noncontrolling Interests": 1831000000.0,
        "Net Income Continuous Operations": 1831000000.0,
        "Tax Provision": 483000000.0,
        "Pretax Income": 2314000000.0,
        "Other Income Expense": 979000000.0,
        "Other Non Operating Income Expenses": 841000000.0,
        "Special Income Charges": NaN,
        "Earnings From Equity Interest": 155000000.0,
        "Gain On Sale Of Security": -17000000.0,
        "Net Non Operating Interest Income Expense": 104000000.0,
        "Interest Expense Non Operating": 292000000.0,
        "Interest Income Non Operating": 396000000.0,
        "Operating Income": 1231000000.0,
        "Operating Expense": 2777000000.0,
        "Selling General And Administration": 2777000000.0,
        "Gross Profit": 4008000000.0,
        "Cost Of Revenue": 44203000000.0,
        "Total Revenue": 48211000000.0,
        "Operating Revenue": 48211000000.0
    },
    "2025-03-31": {
        "Tax Effect Of Unusual Items": 7616000.0,
        "Tax Rate For Calcs": 0.238,
        "Normalized EBITDA": 2278000000.0,
        "Total Unusual Items": 32000000.0,
        "Total Unusual Items Excluding Goodwill": 32000000.0,
        "Net Income From Continuing Operation Net Minority Interest": 471000000.0,
        "Reconciled Depreciation": 1384000000.0,
        "Reconciled Cost Of Revenue": 37909000000.0,
        "EBITDA": 2310000000.0,
        "EBIT": 926000000.0,
        "Net Interest Income": 46000000.0,
        "Interest Expense": 305000000.0,
        "Interest Income": 351000000.0,
        "Normalized Income": 446616000.0,
        "Net Income From Continuing And Discontinued Operation": 471000000.0,
        "Total Expenses": 40340000000.0,
        "Total Operating Income As Reported": 319000000.0,
        "Diluted Average Shares": 4011000000.0,
        "Basic Average Shares": 3968000000.0,
        "Diluted EPS": 0.12,
        "Basic EPS": 0.12,
        "Diluted NI Availto Com Stockholders": 471000000.0,
        "Net Income Common Stockholders": 471000000.0,
        "Net Income": 471000000.0,
        "Minority Interests": -2000000.0,
        "Net Income Including Noncontrolling Interests": 473000000.0,
        "Net Income Continuous Operations": 473000000.0,
        "Tax Provision": 148000000.0,
        "Pretax Income": 621000000.0,
        "Other Income Expense": 256000000.0,
        "Other Non Operating Income Expenses": 123000000.0,
        "Special Income Charges": NaN,
        "Earnings From Equity Interest": 101000000.0,
        "Gain On Sale Of Security": 32000000.0,
        "Net Non Operating Interest Income Expense": 46000000.0,
        "Interest Expense Non Operating": 305000000.0,
        "Interest Income Non Operating": 351000000.0,
        "Operating Income": 319000000.0,
        "Operating Expense": 2431000000.0,
        "Selling General And Administration": 2431000000.0,
        "Gross Profit": 2750000000.0,
        "Cost Of Revenue": 37909000000.0,
        "Total Revenue": 40659000000.0,
        "Operating Revenue": 40659000000.0
    }
}