{
    "2023-03-31": {
        "Tax Effect Of Unusual Items": -33390.0,
        "Tax Rate For Calcs": 0.21,
        "Normalized EBITDA": 7818000.0,
        "Total Unusual Items": -159000.0,
        "Total Unusual Items Excluding Goodwill": -159000.0,
        "Net Income From Continuing Operation Net Minority Interest": -32126000.0,
        "Reconciled Depreciation": 7116000.0,
        "Reconciled Cost Of Revenue": 59087000.0,
        "EBITDA": 7659000.0,
        "EBIT": 543000.0,
        "Net Interest Income": -30133000.0,
        "Interest Expense": 30133000.0,
        "Normalized Income": -32000390.0,
        "Net Income From Continuing And Discontinued Operation": -32126000.0,
        "Total Expenses": 105145000.0,
        "Total Operating Income As Reported": 387000.0,
        "Diluted Average Shares": 16487119.0,
        "Basic Average Shares": 16487119.0,
        "Diluted EPS": -2.05,
        "Basic EPS": -2.05,
        "Diluted NI Availto Com Stockholders": -33881000.0,
        "Net Income Common Stockholders": -33881000.0,
        "Preferred Stock Dividends": 1755000.0,
        "Net Income": -32126000.0,
        "Net Income Including Noncontrolling Interests": -32126000.0,
        "Net Income Continuous Operations": -32126000.0,
        "Tax Provision": 2536000.0,
        "Pretax Income": -29590000.0,
        "Other Income Expense": -3000.0,
        "Other Non Operating Income Expenses": 156000.0,
        "Special Income Charges": -159000.0,
        "Gain On Sale Of Business": NaN,
        "Other Special Charges": NaN,
        "Restructuring And Mergern Acquisition": 159000.0,
        "Net Non Operating Interest Income Expense": -30133000.0,
        "Interest Expense Non Operating": 30133000.0,
        "Operating Income": 546000.0,
        "Operating Expense": 46058000.0,
        "Depreciation Amortization Depletion Income Statement": 7116000.0,
        "Depreciation And Amortization In Income Statement": 7116000.0,
        "Selling General And Administration": 38942000.0,
        "Selling And Marketing Expense": 10527000.0,
        "General And Administrative Expense": 28415000.0,
        "Other Gand A": 28415000.0,
        "Gross Profit": 46604000.0,
        "Cost Of Revenue": 59087000.0,
        "Total Revenue": 105691000.0,
        "Operating Revenue": 104404000.0
    },
    "2022-12-31": {
        "Tax Effect Of Unusual Items": NaN,
        "Tax Rate For Calcs": NaN,
        "Normalized EBITDA": NaN,
        "Total Unusual Items": NaN,
        "Total Unusual Items Excluding Goodwill": NaN,
        "Net Income From Continuing Operation Net Minority Interest": NaN,
        "Reconciled Depreciation": NaN,
        "Reconciled Cost Of Revenue": NaN,
        "EBITDA": NaN,
        "EBIT": NaN,
        "Net Interest Income": NaN,
        "Interest Expense": NaN,
        "Normalized Income": NaN,
        "Net Income From Continuing And Discontinued Operation": NaN,
        "Total Expenses": NaN,
        "Total Operating Income As Reported": NaN,
        "Diluted Average Shares": NaN,
        "Basic Average Shares": NaN,
        "Diluted EPS": NaN,
        "Basic EPS": NaN,
        "Diluted NI Availto Com Stockholders": NaN,
        "Net Income Common Stockholders": NaN,
        "Preferred Stock Dividends": NaN,
        "Net Income": NaN,
        "Net Income Including Noncontrolling Interests": NaN,
        "Net Income Continuous Operations": NaN,
        "Tax Provision": NaN,
        "Pretax Income": NaN,
        "Other Income Expense": NaN,
        "Other Non Operating Income Expenses": NaN,
        "Special Income Charges": NaN,
        "Gain On Sale Of Business": 0.0,
        "Other Special Charges": NaN,
        "Restructuring And Mergern Acquisition": NaN,
        "Net Non Operating Interest Income Expense": NaN,
        "Interest Expense Non Operating": NaN,
        "Operating Income": NaN,
        "Operating Expense": NaN,
        "Depreciation Amortization Depletion Income Statement": NaN,
        "Depreciation And Amortization In Income Statement": NaN,
        "Selling General And Administration": NaN,
        "Selling And Marketing Expense": NaN,
        "General And Administrative Expense": NaN,
        "Other Gand A": NaN,
        "Gross Profit": NaN,
        "Cost Of Revenue": NaN,
        "Total Revenue": NaN,
        "Operating Revenue": NaN
    },
    "2022-09-30": {
        "Tax Effect Of Unusual Items": NaN,
        "Tax Rate For Calcs": NaN,
        "Normalized EBITDA": NaN,
        "Total Unusual Items": NaN,
        "Total Unusual Items Excluding Goodwill": NaN,
        "Net Income From Continuing Operation Net Minority Interest": NaN,
        "Reconciled Depreciation": NaN,
        "Reconciled Cost Of Revenue": NaN,
        "EBITDA": NaN,
        "EBIT": NaN,
        "Net Interest Income": NaN,
        "Interest Expense": NaN,
        "Normalized Income": NaN,
        "Net Income From Continuing And Discontinued Operation": NaN,
        "Total Expenses": NaN,
        "Total Operating Income As Reported": NaN,
        "Diluted Average Shares": NaN,
        "Basic Average Shares": NaN,
        "Diluted EPS": NaN,
        "Basic EPS": NaN,
        "Diluted NI Availto Com Stockholders": NaN,
        "Net Income Common Stockholders": NaN,
        "Preferred Stock Dividends": NaN,
        "Net Income": NaN,
        "Minority Interests": 0.0,
        "Net Income Including Noncontrolling Interests": NaN,
        "Net Income Continuous Operations": NaN,
        "Tax Provision": NaN,
        "Pretax Income": NaN,
        "Other Income Expense": NaN,
        "Other Non Operating Income Expenses": NaN,
        "Special Income Charges": NaN,
        "Gain On Sale Of Business": 0.0,
        "Other Special Charges": NaN,
        "Restructuring And Mergern Acquisition": NaN,
        "Net Non Operating Interest Income Expense": NaN,
        "Interest Expense Non Operating": NaN,
        "Operating Income": NaN,
        "Operating Expense": NaN,
        "Depreciation Amortization Depletion Income Statement": NaN,
        "Depreciation And Amortization In Income Statement": NaN,
        "Selling General And Administration": NaN,
        "Selling And Marketing Expense": NaN,
        "General And Administrative Expense": NaN,
        "Other Gand A": NaN,
        "Gross Profit": NaN,
        "Cost Of Revenue": NaN,
        "Total Revenue": NaN,
        "Operating Revenue": NaN
    },
    "2022-06-30": {
        "Tax Effect Of Unusual Items": -4050.0,
        "Tax Rate For Calcs": 0.03,
        "Normalized EBITDA": 22120000.0,
        "Total Unusual Items": -135000.0,
        "Total Unusual Items Excluding Goodwill": -135000.0,
        "Net Income From Continuing Operation Net Minority Interest": -8188000.0,
        "Reconciled Depreciation": 4084000.0,
        "Reconciled Cost Of Revenue": 64569000.0,
        "EBITDA": 21985000.0,
        "EBIT": 15274000.0,
        "Net Interest Income": -23713000.0,
        "Interest Expense": 23713000.0,
        "Interest Income": NaN,
        "Normalized Income": -8057050.0,
        "Net Income From Continuing And Discontinued Operation": -8188000.0,
        "Total Expenses": 89494000.0,
        "Total Operating Income As Reported": 13203000.0,
        "Diluted Average Shares": 16405108.0,
        "Basic Average Shares": 16405108.0,
        "Diluted EPS": -0.6,
        "Basic EPS": -0.6,
        "Diluted NI Availto Com Stockholders": -8188000.0,
        "Net Income Common Stockholders": -8188000.0,
        "Preferred Stock Dividends": NaN,
        "Net Income": -8188000.0,
        "Minority Interests": 0.0,
        "Net Income Including Noncontrolling Interests": -8188000.0,
        "Net Income Continuous Operations": -8188000.0,
        "Tax Provision": -251000.0,
        "Pretax Income": -8439000.0,
        "Other Income Expense": 1936000.0,
        "Other Non Operating Income Expenses": 2071000.0,
        "Special Income Charges": -135000.0,
        "Gain On Sale Of Business": 0.0,
        "Impairment Of Capital Assets": NaN,
        "Restructuring And Mergern Acquisition": 135000.0,
        "Net Non Operating Interest Income Expense": -23713000.0,
        "Interest Expense Non Operating": 23713000.0,
        "Interest Income Non Operating": NaN,
        "Operating Income": 13291000.0,
        "Operating Expense": 27552000.0,
        "Depreciation Amortization Depletion Income Statement": 6711000.0,
        "Depreciation And Amortization In Income Statement": 6711000.0,
        "Selling General And Administration": 20841000.0,
        "Selling And Marketing Expense": NaN,
        "General And Administrative Expense": 20841000.0,
        "Other Gand A": 20841000.0,
        "Gross Profit": 40843000.0,
        "Cost Of Revenue": 61942000.0,
        "Total Revenue": 102785000.0,
        "Operating Revenue": 101142000.0
    },
    "2022-03-31": {
        "Diluted EPS": -1.45,
        "Total Revenue": 97,
        "Gross Profit": 43,
        "Operating Income": 0,
        "EBIT": 10,
        "Net Income": -24
    },
    "2021-12-31": {
        "Diluted EPS": -1.21,
        "Total Revenue": 74,
        "Gross Profit": 37,
        "Operating Income": -3,
        "EBIT": 4,
        "Net Income": -20
    },
    "2021-09-30": {
        "Diluted EPS": -0.26,
        "Total Revenue": 30,
        "Gross Profit": 23,
        "Operating Income": 2,
        "EBIT": 5,
        "Net Income": -4
    },
    "2021-06-30": {
        "Diluted EPS": -0.48,
        "Total Revenue": 8,
        "Gross Profit": 8,
        "Operating Income": 1,
        "EBIT": 2,
        "Net Income": -6
    },
    "2021-03-31": {
        "Diluted EPS": -0.2,
        "Total Revenue": 7,
        "Gross Profit": 7,
        "Operating Income": 0,
        "EBIT": 1,
        "Net Income": -2
    },
    "2020-12-31": {
        "Diluted EPS": -0.65,
        "Total Revenue": 6,
        "Gross Profit": 6,
        "Operating Income": -9,
        "EBIT": -8,
        "Net Income": -8
    },
    "2020-09-30": {
        "Diluted EPS": -0.04,
        "Total Revenue": 4,
        "Gross Profit": 4,
        "Operating Income": -1,
        "EBIT": 0,
        "Net Income": -1
    },
    "2020-06-30": {
        "Diluted EPS": -0.36,
        "Total Revenue": 3,
        "Gross Profit": 3,
        "Operating Income": -6,
        "EBIT": -6,
        "Net Income": -4
    },
    "2020-03-31": {
        "Diluted EPS": -0.2,
        "Total Revenue": 4,
        "Gross Profit": 4,
        "Operating Income": -1,
        "EBIT": 0,
        "Net Income": -2
    },
    "2019-12-31": {
        "Diluted EPS": -0.09,
        "Total Revenue": 5,
        "Gross Profit": 5,
        "Operating Income": 0,
        "EBIT": 1,
        "Net Income": -1
    },
    "2019-09-30": {
        "Diluted EPS": 0.1,
        "Total Revenue": 6,
        "Gross Profit": 6,
        "Operating Income": 3,
        "EBIT": 5,
        "Net Income": 1
    },
    "2019-06-30": {
        "Diluted EPS": -0.04,
        "Total Revenue": 6,
        "Gross Profit": 6,
        "Operating Income": 2,
        "EBIT": 2,
        "Net Income": -1
    },
    "2019-03-31": {
        "Diluted EPS": -0.06,
        "Total Revenue": 5,
        "Gross Profit": 5,
        "Operating Income": 1,
        "EBIT": 2,
        "Net Income": -1
    },
    "2018-12-31": {
        "Diluted EPS": -0.25,
        "Total Revenue": 4,
        "Gross Profit": 4,
        "Operating Income": 0,
        "EBIT": 1,
        "Net Income": -3
    },
    "2018-09-30": {
        "Diluted EPS": 0.0,
        "Total Revenue": 6,
        "Gross Profit": 6,
        "Operating Income": 2,
        "EBIT": 2,
        "Net Income": 0
    },
    "2018-06-30": {
        "Diluted EPS": 0.04,
        "Total Revenue": 4,
        "Gross Profit": 4,
        "Operating Income": 1,
        "EBIT": 1,
        "Net Income": 0
    },
    "2018-03-31": {
        "Diluted EPS": 0.05,
        "Total Revenue": 4,
        "Gross Profit": 4,
        "Operating Income": 1,
        "EBIT": 1,
        "Net Income": 1
    },
    "2017-12-31": {
        "Diluted EPS": 0.0,
        "Total Revenue": NaN,
        "Gross Profit": NaN,
        "Operating Income": NaN,
        "EBIT": NaN,
        "Net Income": NaN
    },
    "2017-09-30": {
        "Diluted EPS": 0.0,
        "Total Revenue": NaN,
        "Gross Profit": NaN,
        "Operating Income": NaN,
        "EBIT": NaN,
        "Net Income": 0
    },
    "2023-06-30": {
        "Tax Effect Of Unusual Items": NaN,
        "Tax Rate For Calcs": NaN,
        "Normalized EBITDA": NaN,
        "Total Unusual Items": NaN,
        "Total Unusual Items Excluding Goodwill": NaN,
        "Net Income From Continuing Operation Net Minority Interest": NaN,
        "Reconciled Depreciation": NaN,
        "Reconciled Cost Of Revenue": NaN,
        "EBITDA": NaN,
        "EBIT": NaN,
        "Net Interest Income": NaN,
        "Interest Expense": NaN,
        "Normalized Income": NaN,
        "Net Income From Continuing And Discontinued Operation": NaN,
        "Total Expenses": NaN,
        "Total Operating Income As Reported": NaN,
        "Diluted Average Shares": NaN,
        "Basic Average Shares": NaN,
        "Diluted EPS": NaN,
        "Basic EPS": NaN,
        "Diluted NI Availto Com Stockholders": NaN,
        "Net Income Common Stockholders": NaN,
        "Preferred Stock Dividends": NaN,
        "Net Income": NaN,
        "Net Income Including Noncontrolling Interests": NaN,
        "Net Income Continuous Operations": NaN,
        "Tax Provision": NaN,
        "Pretax Income": NaN,
        "Other Income Expense": NaN,
        "Other Non Operating Income Expenses": NaN,
        "Special Income Charges": NaN,
        "Gain On Sale Of Business": 0.0,
        "Other Special Charges": NaN,
        "Restructuring And Mergern Acquisition": NaN,
        "Net Non Operating Interest Income Expense": NaN,
        "Interest Expense Non Operating": NaN,
        "Operating Income": NaN,
        "Operating Expense": NaN,
        "Depreciation Amortization Depletion Income Statement": NaN,
        "Depreciation And Amortization In Income Statement": NaN,
        "Selling General And Administration": NaN,
        "Selling And Marketing Expense": 11610000.0,
        "General And Administrative Expense": NaN,
        "Other Gand A": NaN,
        "Gross Profit": NaN,
        "Cost Of Revenue": NaN,
        "Total Revenue": NaN,
        "Operating Revenue": NaN
    },
    "2023-09-30": {
        "Tax Effect Of Unusual Items": NaN,
        "Tax Rate For Calcs": NaN,
        "Normalized EBITDA": NaN,
        "Total Unusual Items": NaN,
        "Total Unusual Items Excluding Goodwill": NaN,
        "Net Income From Continuing Operation Net Minority Interest": NaN,
        "Reconciled Depreciation": NaN,
        "Reconciled Cost Of Revenue": NaN,
        "EBITDA": NaN,
        "EBIT": NaN,
        "Net Interest Income": NaN,
        "Interest Expense": NaN,
        "Normalized Income": NaN,
        "Net Income From Continuing And Discontinued Operation": NaN,
        "Total Expenses": NaN,
        "Total Operating Income As Reported": NaN,
        "Diluted Average Shares": NaN,
        "Basic Average Shares": NaN,
        "Diluted EPS": NaN,
        "Basic EPS": NaN,
        "Diluted NI Availto Com Stockholders": NaN,
        "Net Income Common Stockholders": NaN,
        "Preferred Stock Dividends": NaN,
        "Net Income": NaN,
        "Minority Interests": NaN,
        "Net Income Including Noncontrolling Interests": NaN,
        "Net Income Continuous Operations": NaN,
        "Tax Provision": NaN,
        "Pretax Income": NaN,
        "Other Income Expense": NaN,
        "Other Non Operating Income Expenses": NaN,
        "Special Income Charges": NaN,
        "Gain On Sale Of Business": NaN,
        "Other Special Charges": 2723000.0,
        "Restructuring And Mergern Acquisition": NaN,
        "Net Non Operating Interest Income Expense": NaN,
        "Interest Expense Non Operating": NaN,
        "Operating Income": NaN,
        "Operating Expense": NaN,
        "Depreciation Amortization Depletion Income Statement": NaN,
        "Depreciation And Amortization In Income Statement": NaN,
        "Selling General And Administration": NaN,
        "Selling And Marketing Expense": 11671000.0,
        "General And Administrative Expense": NaN,
        "Other Gand A": NaN,
        "Gross Profit": NaN,
        "Cost Of Revenue": NaN,
        "Total Revenue": NaN,
        "Operating Revenue": NaN
    },
    "2023-12-31": {
        "Tax Effect Of Unusual Items": NaN,
        "Tax Rate For Calcs": NaN,
        "Normalized EBITDA": NaN,
        "Total Unusual Items": NaN,
        "Total Unusual Items Excluding Goodwill": NaN,
        "Net Income From Continuing Operation Net Minority Interest": NaN,
        "Reconciled Depreciation": NaN,
        "Reconciled Cost Of Revenue": NaN,
        "EBITDA": NaN,
        "EBIT": NaN,
        "Net Interest Income": NaN,
        "Interest Expense": NaN,
        "Normalized Income": NaN,
        "Net Income From Continuing And Discontinued Operation": NaN,
        "Total Expenses": NaN,
        "Total Operating Income As Reported": NaN,
        "Diluted Average Shares": NaN,
        "Basic Average Shares": NaN,
        "Diluted EPS": NaN,
        "Basic EPS": NaN,
        "Diluted NI Availto Com Stockholders": NaN,
        "Net Income Common Stockholders": NaN,
        "Preferred Stock Dividends": NaN,
        "Net Income": NaN,
        "Minority Interests": NaN,
        "Net Income Including Noncontrolling Interests": NaN,
        "Net Income Continuous Operations": NaN,
        "Tax Provision": NaN,
        "Pretax Income": NaN,
        "Other Income Expense": NaN,
        "Other Non Operating Income Expenses": NaN,
        "Special Income Charges": NaN,
        "Gain On Sale Of Business": NaN,
        "Other Special Charges": -326000.0,
        "Restructuring And Mergern Acquisition": NaN,
        "Net Non Operating Interest Income Expense": NaN,
        "Interest Expense Non Operating": NaN,
        "Operating Income": NaN,
        "Operating Expense": NaN,
        "Depreciation Amortization Depletion Income Statement": NaN,
        "Depreciation And Amortization In Income Statement": NaN,
        "Selling General And Administration": NaN,
        "Selling And Marketing Expense": 13811000.0,
        "General And Administrative Expense": NaN,
        "Other Gand A": NaN,
        "Gross Profit": NaN,
        "Cost Of Revenue": NaN,
        "Total Revenue": NaN,
        "Operating Revenue": NaN
    },
    "2024-03-31": {
        "Tax Effect Of Unusual Items": NaN,
        "Tax Rate For Calcs": NaN,
        "Normalized EBITDA": NaN,
        "Total Unusual Items": NaN,
        "Total Unusual Items Excluding Goodwill": NaN,
        "Net Income From Continuing Operation Net Minority Interest": NaN,
        "Reconciled Depreciation": NaN,
        "Reconciled Cost Of Revenue": NaN,
        "EBITDA": NaN,
        "EBIT": NaN,
        "Net Interest Income": NaN,
        "Interest Expense": NaN,
        "Normalized Income": NaN,
        "Net Income From Continuing And Discontinued Operation": NaN,
        "Total Expenses": NaN,
        "Total Operating Income As Reported": NaN,
        "Diluted Average Shares": NaN,
        "Basic Average Shares": NaN,
        "Diluted EPS": NaN,
        "Basic EPS": NaN,
        "Diluted NI Availto Com Stockholders": NaN,
        "Net Income Common Stockholders": NaN,
        "Preferred Stock Dividends": NaN,
        "Net Income": NaN,
        "Minority Interests": 0.0,
        "Net Income Including Noncontrolling Interests": NaN,
        "Net Income Continuous Operations": NaN,
        "Tax Provision": NaN,
        "Pretax Income": NaN,
        "Other Income Expense": NaN,
        "Other Non Operating Income Expenses": NaN,
        "Special Income Charges": NaN,
        "Gain On Sale Of Business": -500000.0,
        "Other Special Charges": -427000.0,
        "Restructuring And Mergern Acquisition": NaN,
        "Net Non Operating Interest Income Expense": NaN,
        "Interest Expense Non Operating": NaN,
        "Operating Income": NaN,
        "Operating Expense": NaN,
        "Depreciation Amortization Depletion Income Statement": NaN,
        "Depreciation And Amortization In Income Statement": NaN,
        "Selling General And Administration": NaN,
        "Selling And Marketing Expense": 12592000.0,
        "General And Administrative Expense": NaN,
        "Other Gand A": NaN,
        "Gross Profit": NaN,
        "Cost Of Revenue": NaN,
        "Total Revenue": NaN,
        "Operating Revenue": NaN
    },
    "2024-06-30": {
        "Tax Effect Of Unusual Items": -36750.0,
        "Tax Rate For Calcs": 0.21,
        "Normalized EBITDA": 6966000.0,
        "Total Unusual Items": -175000.0,
        "Total Unusual Items Excluding Goodwill": -175000.0,
        "Net Income From Continuing Operation Net Minority Interest": -39359000.0,
        "Reconciled Depreciation": 10246000.0,
        "Reconciled Cost Of Revenue": 100113000.0,
        "EBITDA": 6791000.0,
        "EBIT": -3455000.0,
        "Net Interest Income": -34003000.0,
        "Interest Expense": 34003000.0,
        "Normalized Income": -39220750.0,
        "Net Income From Continuing And Discontinued Operation": -39359000.0,
        "Total Expenses": 154568000.0,
        "Total Operating Income As Reported": -2703000.0,
        "Diluted Average Shares": 17007352.0,
        "Basic Average Shares": 17007352.0,
        "Diluted EPS": -2.43,
        "Basic EPS": -2.43,
        "Diluted NI Availto Com Stockholders": -41279000.0,
        "Net Income Common Stockholders": -41279000.0,
        "Preferred Stock Dividends": 1920000.0,
        "Net Income": -39359000.0,
        "Minority Interests": NaN,
        "Net Income Including Noncontrolling Interests": -39359000.0,
        "Net Income Continuous Operations": -39359000.0,
        "Tax Provision": 1901000.0,
        "Pretax Income": -37458000.0,
        "Other Income Expense": -927000.0,
        "Other Non Operating Income Expenses": -752000.0,
        "Special Income Charges": -175000.0,
        "Gain On Sale Of Business": NaN,
        "Other Special Charges": NaN,
        "Restructuring And Mergern Acquisition": 175000.0,
        "Net Non Operating Interest Income Expense": -34003000.0,
        "Interest Expense Non Operating": 34003000.0,
        "Operating Income": -2528000.0,
        "Operating Expense": 54455000.0,
        "Depreciation Amortization Depletion Income Statement": 10246000.0,
        "Depreciation And Amortization In Income Statement": 10246000.0,
        "Selling General And Administration": 44209000.0,
        "Selling And Marketing Expense": 14651000.0,
        "General And Administrative Expense": 29558000.0,
        "Other Gand A": 29558000.0,
        "Gross Profit": 51927000.0,
        "Cost Of Revenue": 100113000.0,
        "Total Revenue": 152040000.0,
        "Operating Revenue": 151542000.0
    },
    "2024-09-30": {
        "Tax Effect Of Unusual Items": -32970.0,
        "Tax Rate For Calcs": 0.21,
        "Normalized EBITDA": 1808000.0,
        "Total Unusual Items": -157000.0,
        "Total Unusual Items Excluding Goodwill": -157000.0,
        "Net Income From Continuing Operation Net Minority Interest": -44755000.0,
        "Reconciled Depreciation": 10736000.0,
        "Reconciled Cost Of Revenue": 106824000.0,
        "EBITDA": 1651000.0,
        "EBIT": -9085000.0,
        "Net Interest Income": -35527000.0,
        "Interest Expense": 35527000.0,
        "Normalized Income": -44630970.0,
        "Net Income From Continuing And Discontinued Operation": -44755000.0,
        "Total Expenses": 152041000.0,
        "Total Operating Income As Reported": -8833000.0,
        "Diluted Average Shares": 17052007.0,
        "Basic Average Shares": 17052007.0,
        "Diluted EPS": -2.74,
        "Basic EPS": -2.74,
        "Diluted NI Availto Com Stockholders": -46690000.0,
        "Net Income Common Stockholders": -46690000.0,
        "Preferred Stock Dividends": 1935000.0,
        "Net Income": -44755000.0,
        "Minority Interests": NaN,
        "Net Income Including Noncontrolling Interests": -44755000.0,
        "Net Income Continuous Operations": -44755000.0,
        "Tax Provision": 143000.0,
        "Pretax Income": -44612000.0,
        "Other Income Expense": -409000.0,
        "Other Non Operating Income Expenses": -252000.0,
        "Special Income Charges": -157000.0,
        "Gain On Sale Of Business": NaN,
        "Other Special Charges": NaN,
        "Restructuring And Mergern Acquisition": 157000.0,
        "Net Non Operating Interest Income Expense": -35527000.0,
        "Interest Expense Non Operating": 35527000.0,
        "Operating Income": -8676000.0,
        "Operating Expense": 45217000.0,
        "Depreciation Amortization Depletion Income Statement": 10736000.0,
        "Depreciation And Amortization In Income Statement": 10736000.0,
        "Selling General And Administration": 34481000.0,
        "Selling And Marketing Expense": NaN,
        "General And Administrative Expense": 34481000.0,
        "Other Gand A": 34481000.0,
        "Gross Profit": 36541000.0,
        "Cost Of Revenue": 106824000.0,
        "Total Revenue": 143365000.0,
        "Operating Revenue": 143365000.0
    },
    "2024-12-31": {
        "Tax Effect Of Unusual Items": -3514050.872746,
        "Tax Rate For Calcs": 0.109866,
        "Normalized EBITDA": 1278000.0,
        "Total Unusual Items": -31985000.0,
        "Total Unusual Items Excluding Goodwill": -31985000.0,
        "Net Income From Continuing Operation Net Minority Interest": -67417000.0,
        "Reconciled Depreciation": 10352000.0,
        "Reconciled Cost Of Revenue": 109001000.0,
        "EBITDA": -30707000.0,
        "EBIT": -41059000.0,
        "Net Interest Income": -34679000.0,
        "Interest Expense": 34679000.0,
        "Normalized Income": -38946050.872746,
        "Net Income From Continuing And Discontinued Operation": -67417000.0,
        "Total Expenses": 153873000.0,
        "Total Operating Income As Reported": -39302000.0,
        "Diluted Average Shares": 17113424.0,
        "Basic Average Shares": 17113424.0,
        "Diluted EPS": -4.06,
        "Basic EPS": -4.06,
        "Diluted NI Availto Com Stockholders": -69460000.0,
        "Net Income Common Stockholders": -69460000.0,
        "Preferred Stock Dividends": 2043000.0,
        "Net Income": -67417000.0,
        "Minority Interests": NaN,
        "Net Income Including Noncontrolling Interests": -67417000.0,
        "Net Income Continuous Operations": -67417000.0,
        "Tax Provision": -8321000.0,
        "Pretax Income": -75738000.0,
        "Other Income Expense": -31517000.0,
        "Other Non Operating Income Expenses": 468000.0,
        "Special Income Charges": -31985000.0,
        "Gain On Sale Of Business": NaN,
        "Other Special Charges": 2225000.0,
        "Restructuring And Mergern Acquisition": -940000.0,
        "Net Non Operating Interest Income Expense": -34679000.0,
        "Interest Expense Non Operating": 34679000.0,
        "Operating Income": -8593000.0,
        "Operating Expense": 44872000.0,
        "Depreciation Amortization Depletion Income Statement": 10352000.0,
        "Depreciation And Amortization In Income Statement": 10352000.0,
        "Selling General And Administration": 34520000.0,
        "Selling And Marketing Expense": NaN,
        "General And Administrative Expense": 34520000.0,
        "Other Gand A": 34520000.0,
        "Gross Profit": 36279000.0,
        "Cost Of Revenue": 109001000.0,
        "Total Revenue": 145280000.0,
        "Operating Revenue": 143881000.0
    },
    "2025-03-31": {
        "Tax Effect Of Unusual Items": -27090.0,
        "Tax Rate For Calcs": 0.21,
        "Normalized EBITDA": 1840000.0,
        "Total Unusual Items": -129000.0,
        "Total Unusual Items Excluding Goodwill": -129000.0,
        "Net Income From Continuing Operation Net Minority Interest": -45969000.0,
        "Reconciled Depreciation": 10391000.0,
        "Reconciled Cost Of Revenue": 107173000.0,
        "EBITDA": 1711000.0,
        "EBIT": -8680000.0,
        "Net Interest Income": -35862000.0,
        "Interest Expense": 35862000.0,
        "Normalized Income": -45867090.0,
        "Net Income From Continuing And Discontinued Operation": -45969000.0,
        "Total Expenses": 150607000.0,
        "Total Operating Income As Reported": -8566000.0,
        "Diluted Average Shares": 17632860.0,
        "Basic Average Shares": 17632860.0,
        "Diluted EPS": -2.73,
        "Basic EPS": -2.73,
        "Diluted NI Availto Com Stockholders": -48200000.0,
        "Net Income Common Stockholders": -48200000.0,
        "Preferred Stock Dividends": 2231000.0,
        "Net Income": -45969000.0,
        "Minority Interests": 342000.0,
        "Net Income Including Noncontrolling Interests": -46311000.0,
        "Net Income Continuous Operations": -46311000.0,
        "Tax Provision": 1769000.0,
        "Pretax Income": -44542000.0,
        "Other Income Expense": -92000.0,
        "Other Non Operating Income Expenses": 37000.0,
        "Special Income Charges": -129000.0,
        "Gain On Sale Of Business": NaN,
        "Other Special Charges": 151000.0,
        "Restructuring And Mergern Acquisition": -22000.0,
        "Net Non Operating Interest Income Expense": -35862000.0,
        "Interest Expense Non Operating": 35862000.0,
        "Operating Income": -8588000.0,
        "Operating Expense": 43434000.0,
        "Depreciation Amortization Depletion Income Statement": 10391000.0,
        "Depreciation And Amortization In Income Statement": 10391000.0,
        "Selling General And Administration": 33043000.0,
        "Selling And Marketing Expense": NaN,
        "General And Administrative Expense": 33043000.0,
        "Other Gand A": 33043000.0,
        "Gross Profit": 34846000.0,
        "Cost Of Revenue": 107173000.0,
        "Total Revenue": 142019000.0,
        "Operating Revenue": 140953000.0
    },
    "2025-06-30": {
        "Tax Effect Of Unusual Items": 1890.0,
        "Tax Rate For Calcs": 0.21,
        "Normalized EBITDA": -7170000.0,
        "Total Unusual Items": 9000.0,
        "Total Unusual Items Excluding Goodwill": 9000.0,
        "Net Income From Continuing Operation Net Minority Interest": -54188000.0,
        "Reconciled Depreciation": 8382000.0,
        "Reconciled Cost Of Revenue": 98050000.0,
        "EBITDA": -7161000.0,
        "EBIT": -15543000.0,
        "Net Interest Income": -39369000.0,
        "Interest Expense": 39369000.0,
        "Normalized Income": -54195110.0,
        "Net Income From Continuing And Discontinued Operation": -54188000.0,
        "Total Expenses": 162395000.0,
        "Total Operating Income As Reported": -15550000.0,
        "Diluted Average Shares": 17821815.0,
        "Basic Average Shares": 17821815.0,
        "Diluted EPS": -3.17,
        "Basic EPS": -3.17,
        "Diluted NI Availto Com Stockholders": -56498000.0,
        "Net Income Common Stockholders": -56498000.0,
        "Preferred Stock Dividends": 2310000.0,
        "Net Income": -54188000.0,
        "Minority Interests": 1181000.0,
        "Net Income Including Noncontrolling Interests": -55369000.0,
        "Net Income Continuous Operations": -55369000.0,
        "Tax Provision": 457000.0,
        "Pretax Income": -54912000.0,
        "Other Income Expense": 16000.0,
        "Other Non Operating Income Expenses": 7000.0,
        "Special Income Charges": 9000.0,
        "Gain On Sale Of Business": NaN,
        "Other Special Charges": NaN,
        "Restructuring And Mergern Acquisition": -9000.0,
        "Net Non Operating Interest Income Expense": -39369000.0,
        "Interest Expense Non Operating": 39369000.0,
        "Operating Income": -15559000.0,
        "Operating Expense": 64345000.0,
        "Depreciation Amortization Depletion Income Statement": 8382000.0,
        "Depreciation And Amortization In Income Statement": 8382000.0,
        "Selling General And Administration": 55963000.0,
        "Selling And Marketing Expense": 11548000.0,
        "General And Administrative Expense": 44415000.0,
        "Other Gand A": 44415000.0,
        "Gross Profit": 48786000.0,
        "Cost Of Revenue": 98050000.0,
        "Total Revenue": 146836000.0,
        "Operating Revenue": 145598000.0
    }
}