{
    "2023-05-31": {
        "Tax Effect Of Unusual Items": NaN,
        "Tax Rate For Calcs": NaN,
        "Normalized EBITDA": NaN,
        "Total Unusual Items": NaN,
        "Total Unusual Items Excluding Goodwill": NaN,
        "Net Income From Continuing Operation Net Minority Interest": NaN,
        "Reconciled Depreciation": NaN,
        "Reconciled Cost Of Revenue": NaN,
        "EBITDA": NaN,
        "EBIT": NaN,
        "Net Interest Income": NaN,
        "Interest Expense": NaN,
        "Interest Income": NaN,
        "Normalized Income": NaN,
        "Net Income From Continuing And Discontinued Operation": NaN,
        "Total Expenses": NaN,
        "Total Operating Income As Reported": NaN,
        "Diluted Average Shares": NaN,
        "Basic Average Shares": NaN,
        "Diluted EPS": NaN,
        "Basic EPS": NaN,
        "Diluted NI Availto Com Stockholders": NaN,
        "Net Income Common Stockholders": NaN,
        "Net Income": NaN,
        "Net Income Including Noncontrolling Interests": NaN,
        "Net Income Continuous Operations": NaN,
        "Tax Provision": NaN,
        "Pretax Income": NaN,
        "Other Income Expense": NaN,
        "Special Income Charges": NaN,
        "Write Off": 0.0,
        "Impairment Of Capital Assets": NaN,
        "Restructuring And Mergern Acquisition": NaN,
        "Net Non Operating Interest Income Expense": NaN,
        "Interest Expense Non Operating": NaN,
        "Interest Income Non Operating": NaN,
        "Operating Income": NaN,
        "Operating Expense": NaN,
        "Depreciation Amortization Depletion Income Statement": NaN,
        "Depreciation And Amortization In Income Statement": NaN,
        "Amortization": NaN,
        "Amortization Of Intangibles Income Statement": NaN,
        "Depreciation Income Statement": NaN,
        "Selling General And Administration": NaN,
        "Gross Profit": NaN,
        "Cost Of Revenue": NaN,
        "Total Revenue": NaN,
        "Operating Revenue": NaN
    },
    "2023-02-28": {
        "Tax Effect Of Unusual Items": NaN,
        "Tax Rate For Calcs": NaN,
        "Normalized EBITDA": NaN,
        "Total Unusual Items": 0.0,
        "Total Unusual Items Excluding Goodwill": 0.0,
        "Net Income From Continuing Operation Net Minority Interest": NaN,
        "Reconciled Depreciation": NaN,
        "Reconciled Cost Of Revenue": NaN,
        "EBITDA": NaN,
        "EBIT": NaN,
        "Net Interest Income": NaN,
        "Interest Expense": NaN,
        "Interest Income": NaN,
        "Normalized Income": NaN,
        "Net Income From Continuing And Discontinued Operation": NaN,
        "Total Expenses": NaN,
        "Total Operating Income As Reported": NaN,
        "Diluted Average Shares": NaN,
        "Basic Average Shares": NaN,
        "Diluted EPS": NaN,
        "Basic EPS": NaN,
        "Diluted NI Availto Com Stockholders": NaN,
        "Net Income Common Stockholders": NaN,
        "Net Income": NaN,
        "Net Income Including Noncontrolling Interests": NaN,
        "Net Income Continuous Operations": NaN,
        "Tax Provision": NaN,
        "Pretax Income": NaN,
        "Other Income Expense": NaN,
        "Special Income Charges": 0.0,
        "Write Off": 0.0,
        "Impairment Of Capital Assets": 0.0,
        "Restructuring And Mergern Acquisition": 0.0,
        "Net Non Operating Interest Income Expense": NaN,
        "Interest Expense Non Operating": NaN,
        "Interest Income Non Operating": NaN,
        "Operating Income": NaN,
        "Operating Expense": NaN,
        "Depreciation Amortization Depletion Income Statement": NaN,
        "Depreciation And Amortization In Income Statement": NaN,
        "Amortization": NaN,
        "Amortization Of Intangibles Income Statement": NaN,
        "Depreciation Income Statement": NaN,
        "Selling General And Administration": NaN,
        "Gross Profit": NaN,
        "Cost Of Revenue": NaN,
        "Total Revenue": NaN,
        "Operating Revenue": NaN
    },
    "2022-11-30": {
        "Tax Effect Of Unusual Items": 0.0,
        "Tax Rate For Calcs": 0.23,
        "Normalized EBITDA": 9014000.0,
        "Net Income From Continuing Operation Net Minority Interest": 4667000.0,
        "Reconciled Depreciation": 2541000.0,
        "Reconciled Cost Of Revenue": 16424000.0,
        "EBITDA": 9014000.0,
        "EBIT": 6473000.0,
        "Net Interest Income": -329000.0,
        "Interest Expense": 410000.0,
        "Interest Income": 81000.0,
        "Normalized Income": 4667000.0,
        "Net Income From Continuing And Discontinued Operation": 4667000.0,
        "Total Expenses": 62977000.0,
        "Total Operating Income As Reported": 6392000.0,
        "Diluted Average Shares": 14507000.0,
        "Basic Average Shares": 13877000.0,
        "Diluted EPS": 0.32,
        "Basic EPS": 0.34,
        "Diluted NI Availto Com Stockholders": 4667000.0,
        "Net Income Common Stockholders": 4667000.0,
        "Net Income": 4667000.0,
        "Net Income Including Noncontrolling Interests": 4667000.0,
        "Net Income Continuous Operations": 4667000.0,
        "Tax Provision": 1396000.0,
        "Pretax Income": 6063000.0,
        "Net Non Operating Interest Income Expense": -329000.0,
        "Interest Expense Non Operating": 410000.0,
        "Interest Income Non Operating": 81000.0,
        "Operating Income": 6392000.0,
        "Operating Expense": 46350000.0,
        "Depreciation Amortization Depletion Income Statement": 2338000.0,
        "Depreciation And Amortization In Income Statement": 2338000.0,
        "Amortization": 1092000.0,
        "Amortization Of Intangibles Income Statement": 1092000.0,
        "Depreciation Income Statement": 1246000.0,
        "Selling General And Administration": 44012000.0,
        "Gross Profit": 52742000.0,
        "Cost Of Revenue": 16627000.0,
        "Total Revenue": 69369000.0,
        "Operating Revenue": 69369000.0
    },
    "2022-08-31": {
        "Tax Effect Of Unusual Items": 0.0,
        "Tax Rate For Calcs": 0.326,
        "Normalized EBITDA": 11040000.0,
        "Net Income From Continuing Operation Net Minority Interest": 5578000.0,
        "Reconciled Depreciation": 2377000.0,
        "Reconciled Cost Of Revenue": 19739000.0,
        "EBITDA": 11040000.0,
        "EBIT": 8663000.0,
        "Net Interest Income": -383000.0,
        "Interest Expense": 383000.0,
        "Interest Income": 17000.0,
        "Normalized Income": 5578000.0,
        "Net Income From Continuing And Discontinued Operation": 5578000.0,
        "Total Expenses": 70143000.0,
        "Total Operating Income As Reported": 8663000.0,
        "Diluted Average Shares": 14425000.0,
        "Basic Average Shares": 13857000.0,
        "Diluted EPS": 0.39,
        "Basic EPS": 0.4,
        "Diluted NI Availto Com Stockholders": 5578000.0,
        "Net Income Common Stockholders": 5578000.0,
        "Net Income": 5578000.0,
        "Net Income Including Noncontrolling Interests": 5578000.0,
        "Net Income Continuous Operations": 5578000.0,
        "Tax Provision": 2702000.0,
        "Pretax Income": 8280000.0,
        "Net Non Operating Interest Income Expense": -383000.0,
        "Interest Expense Non Operating": 383000.0,
        "Interest Income Non Operating": 17000.0,
        "Operating Income": 8663000.0,
        "Operating Expense": 50404000.0,
        "Depreciation Amortization Depletion Income Statement": 2377000.0,
        "Depreciation And Amortization In Income Statement": 2377000.0,
        "Amortization": 1160000.0,
        "Amortization Of Intangibles Income Statement": 1160000.0,
        "Depreciation Income Statement": 1217000.0,
        "Selling General And Administration": 48027000.0,
        "Gross Profit": 59067000.0,
        "Cost Of Revenue": 19739000.0,
        "Total Revenue": 78806000.0,
        "Operating Revenue": 78806000.0
    },
    "2022-05-31": {
        "Tax Effect Of Unusual Items": 0.0,
        "Tax Rate For Calcs": 0.4,
        "Normalized EBITDA": 8495000.0,
        "Net Income From Continuing Operation Net Minority Interest": 7162000.0,
        "Reconciled Depreciation": 2546000.0,
        "Reconciled Cost Of Revenue": 15044000.0,
        "EBIT": 5949000.0,
        "Net Interest Income": -384000.0,
        "Interest Expense": 384000.0,
        "Interest Income": 21000.0,
        "Normalized Income": 7162000.0,
        "Net Income From Continuing And Discontinued Operation": 7162000.0,
        "Total Expenses": 60227000.0,
        "Total Operating Income As Reported": 5949000.0,
        "Diluted Average Shares": 14175000.0,
        "Basic Average Shares": 14173000.0,
        "Diluted EPS": 0.51,
        "Basic EPS": 0.51,
        "Diluted NI Availto Com Stockholders": 7162000.0,
        "Net Income Common Stockholders": 7162000.0,
        "Net Income": 7162000.0,
        "Net Income Including Noncontrolling Interests": 7162000.0,
        "Net Income Continuous Operations": 7162000.0,
        "Tax Provision": -1597000.0,
        "Pretax Income": 5565000.0,
        "Net Non Operating Interest Income Expense": -384000.0,
        "Interest Expense Non Operating": 384000.0,
        "Interest Income Non Operating": 21000.0,
        "Operating Income": 5949000.0,
        "Operating Expense": 45183000.0,
        "Depreciation Amortization Depletion Income Statement": 2546000.0,
        "Depreciation And Amortization In Income Statement": 2546000.0,
        "Amortization": 1329000.0,
        "Amortization Of Intangibles Income Statement": 1329000.0,
        "Depreciation Income Statement": 1217000.0,
        "Selling General And Administration": 42637000.0,
        "General And Administrative Expense": 42637000.0,
        "Other Gand A": 42637000.0,
        "Gross Profit": 51132000.0,
        "Cost Of Revenue": 15044000.0,
        "Total Revenue": 66176000.0,
        "Operating Revenue": 66176000.0
    },
    "2023-08-31": {
        "Tax Effect Of Unusual Items": 0.0,
        "Tax Rate For Calcs": 0.347822,
        "Normalized EBITDA": 13268000.0,
        "Total Unusual Items": NaN,
        "Total Unusual Items Excluding Goodwill": NaN,
        "Net Income From Continuing Operation Net Minority Interest": 6812000.0,
        "Reconciled Depreciation": 2413000.0,
        "Reconciled Cost Of Revenue": 18450000.0,
        "EBITDA": 13268000.0,
        "EBIT": 10855000.0,
        "Net Interest Income": -123000.0,
        "Interest Expense": 410000.0,
        "Interest Income": 287000.0,
        "Normalized Income": 6812000.0,
        "Net Income From Continuing And Discontinued Operation": 6812000.0,
        "Total Expenses": 67388000.0,
        "Total Operating Income As Reported": 10568000.0,
        "Diluted Average Shares": 13886000.0,
        "Basic Average Shares": 13162000.0,
        "Diluted EPS": 0.49,
        "Basic EPS": 0.52,
        "Diluted NI Availto Com Stockholders": 6812000.0,
        "Net Income Common Stockholders": 6812000.0,
        "Net Income": 6812000.0,
        "Net Income Including Noncontrolling Interests": 6812000.0,
        "Net Income Continuous Operations": 6812000.0,
        "Tax Provision": 3633000.0,
        "Pretax Income": 10445000.0,
        "Other Income Expense": NaN,
        "Special Income Charges": NaN,
        "Write Off": NaN,
        "Impairment Of Capital Assets": NaN,
        "Restructuring And Mergern Acquisition": NaN,
        "Net Non Operating Interest Income Expense": -123000.0,
        "Interest Expense Non Operating": 410000.0,
        "Interest Income Non Operating": 287000.0,
        "Operating Income": 10568000.0,
        "Operating Expense": 48737000.0,
        "Depreciation Amortization Depletion Income Statement": 2212000.0,
        "Depreciation And Amortization In Income Statement": 2212000.0,
        "Amortization": 1072000.0,
        "Amortization Of Intangibles Income Statement": 1072000.0,
        "Depreciation Income Statement": 1140000.0,
        "Selling General And Administration": 46525000.0,
        "Gross Profit": 59305000.0,
        "Cost Of Revenue": 18651000.0,
        "Total Revenue": 77956000.0,
        "Operating Revenue": 77956000.0
    },
    "2023-11-30": {
        "Tax Effect Of Unusual Items": NaN,
        "Tax Rate For Calcs": NaN,
        "Normalized EBITDA": NaN,
        "Total Unusual Items": NaN,
        "Total Unusual Items Excluding Goodwill": NaN,
        "Net Income From Continuing Operation Net Minority Interest": NaN,
        "Reconciled Depreciation": NaN,
        "Reconciled Cost Of Revenue": NaN,
        "EBITDA": NaN,
        "EBIT": NaN,
        "Net Interest Income": NaN,
        "Interest Expense": NaN,
        "Interest Income": NaN,
        "Normalized Income": NaN,
        "Net Income From Continuing And Discontinued Operation": NaN,
        "Total Expenses": NaN,
        "Total Operating Income As Reported": NaN,
        "Diluted Average Shares": NaN,
        "Basic Average Shares": NaN,
        "Diluted EPS": NaN,
        "Basic EPS": NaN,
        "Diluted NI Availto Com Stockholders": NaN,
        "Net Income Common Stockholders": NaN,
        "Net Income": NaN,
        "Net Income Including Noncontrolling Interests": NaN,
        "Net Income Continuous Operations": NaN,
        "Tax Provision": NaN,
        "Pretax Income": NaN,
        "Other Income Expense": -581000.0,
        "Special Income Charges": NaN,
        "Write Off": NaN,
        "Impairment Of Capital Assets": NaN,
        "Restructuring And Mergern Acquisition": NaN,
        "Net Non Operating Interest Income Expense": NaN,
        "Interest Expense Non Operating": NaN,
        "Interest Income Non Operating": NaN,
        "Operating Income": NaN,
        "Operating Expense": NaN,
        "Depreciation Amortization Depletion Income Statement": NaN,
        "Depreciation And Amortization In Income Statement": NaN,
        "Amortization": NaN,
        "Amortization Of Intangibles Income Statement": NaN,
        "Depreciation Income Statement": NaN,
        "Selling General And Administration": NaN,
        "Gross Profit": NaN,
        "Cost Of Revenue": NaN,
        "Total Revenue": NaN,
        "Operating Revenue": NaN
    },
    "2024-02-29": {
        "Tax Effect Of Unusual Items": NaN,
        "Tax Rate For Calcs": NaN,
        "Normalized EBITDA": NaN,
        "Total Unusual Items": NaN,
        "Total Unusual Items Excluding Goodwill": NaN,
        "Net Income From Continuing Operation Net Minority Interest": NaN,
        "Reconciled Depreciation": NaN,
        "Reconciled Cost Of Revenue": NaN,
        "EBITDA": NaN,
        "EBIT": NaN,
        "Net Interest Income": NaN,
        "Interest Expense": NaN,
        "Interest Income": NaN,
        "Normalized Income": NaN,
        "Net Income From Continuing And Discontinued Operation": NaN,
        "Total Expenses": NaN,
        "Total Operating Income As Reported": NaN,
        "Diluted Average Shares": NaN,
        "Basic Average Shares": NaN,
        "Diluted EPS": NaN,
        "Basic EPS": NaN,
        "Diluted NI Availto Com Stockholders": NaN,
        "Net Income Common Stockholders": NaN,
        "Net Income": NaN,
        "Net Income Including Noncontrolling Interests": NaN,
        "Net Income Continuous Operations": NaN,
        "Tax Provision": NaN,
        "Pretax Income": NaN,
        "Other Income Expense": NaN,
        "Special Income Charges": NaN,
        "Write Off": NaN,
        "Impairment Of Capital Assets": 928000.0,
        "Restructuring And Mergern Acquisition": NaN,
        "Net Non Operating Interest Income Expense": NaN,
        "Interest Expense Non Operating": NaN,
        "Interest Income Non Operating": NaN,
        "Operating Income": NaN,
        "Operating Expense": NaN,
        "Depreciation Amortization Depletion Income Statement": NaN,
        "Depreciation And Amortization In Income Statement": NaN,
        "Amortization": NaN,
        "Amortization Of Intangibles Income Statement": NaN,
        "Depreciation Income Statement": NaN,
        "Selling General And Administration": NaN,
        "Gross Profit": NaN,
        "Cost Of Revenue": NaN,
        "Total Revenue": NaN,
        "Operating Revenue": NaN
    },
    "2024-05-31": {
        "Tax Effect Of Unusual Items": NaN,
        "Tax Rate For Calcs": NaN,
        "Normalized EBITDA": NaN,
        "Total Unusual Items": NaN,
        "Total Unusual Items Excluding Goodwill": NaN,
        "Net Income From Continuing Operation Net Minority Interest": NaN,
        "Reconciled Depreciation": NaN,
        "Reconciled Cost Of Revenue": NaN,
        "EBITDA": NaN,
        "EBIT": NaN,
        "Net Interest Income": NaN,
        "Interest Expense": NaN,
        "Interest Income": NaN,
        "Normalized Income": NaN,
        "Net Income From Continuing And Discontinued Operation": NaN,
        "Total Expenses": NaN,
        "Total Operating Income As Reported": NaN,
        "Diluted Average Shares": NaN,
        "Basic Average Shares": NaN,
        "Diluted EPS": NaN,
        "Basic EPS": NaN,
        "Diluted NI Availto Com Stockholders": NaN,
        "Net Income Common Stockholders": NaN,
        "Net Income": NaN,
        "Net Income Including Noncontrolling Interests": NaN,
        "Net Income Continuous Operations": NaN,
        "Tax Provision": NaN,
        "Pretax Income": NaN,
        "Other Income Expense": NaN,
        "Special Income Charges": NaN,
        "Gain On Sale Of Business": NaN,
        "Write Off": 0.0,
        "Restructuring And Mergern Acquisition": NaN,
        "Net Non Operating Interest Income Expense": NaN,
        "Interest Expense Non Operating": NaN,
        "Interest Income Non Operating": NaN,
        "Operating Income": NaN,
        "Operating Expense": NaN,
        "Depreciation Amortization Depletion Income Statement": NaN,
        "Depreciation And Amortization In Income Statement": NaN,
        "Amortization": NaN,
        "Amortization Of Intangibles Income Statement": NaN,
        "Depreciation Income Statement": NaN,
        "Selling General And Administration": NaN,
        "Gross Profit": NaN,
        "Cost Of Revenue": NaN,
        "Total Revenue": NaN,
        "Operating Revenue": NaN
    },
    "2024-08-31": {
        "Tax Effect Of Unusual Items": NaN,
        "Tax Rate For Calcs": NaN,
        "Normalized EBITDA": NaN,
        "Total Unusual Items": NaN,
        "Total Unusual Items Excluding Goodwill": NaN,
        "Net Income From Continuing Operation Net Minority Interest": NaN,
        "Reconciled Depreciation": NaN,
        "Reconciled Cost Of Revenue": NaN,
        "EBITDA": NaN,
        "EBIT": NaN,
        "Net Interest Income": NaN,
        "Interest Expense": NaN,
        "Interest Income": NaN,
        "Normalized Income": NaN,
        "Net Income From Continuing And Discontinued Operation": NaN,
        "Total Expenses": NaN,
        "Total Operating Income As Reported": NaN,
        "Diluted Average Shares": NaN,
        "Basic Average Shares": NaN,
        "Diluted EPS": NaN,
        "Basic EPS": NaN,
        "Diluted NI Availto Com Stockholders": NaN,
        "Net Income Common Stockholders": NaN,
        "Net Income": NaN,
        "Net Income Including Noncontrolling Interests": NaN,
        "Net Income Continuous Operations": NaN,
        "Tax Provision": NaN,
        "Pretax Income": NaN,
        "Other Income Expense": 0.0,
        "Special Income Charges": NaN,
        "Gain On Sale Of Business": NaN,
        "Write Off": 0.0,
        "Restructuring And Mergern Acquisition": NaN,
        "Net Non Operating Interest Income Expense": NaN,
        "Interest Expense Non Operating": NaN,
        "Interest Income Non Operating": NaN,
        "Operating Income": NaN,
        "Operating Expense": NaN,
        "Depreciation Amortization Depletion Income Statement": NaN,
        "Depreciation And Amortization In Income Statement": NaN,
        "Amortization": NaN,
        "Amortization Of Intangibles Income Statement": NaN,
        "Depreciation Income Statement": NaN,
        "Selling General And Administration": NaN,
        "Gross Profit": NaN,
        "Cost Of Revenue": NaN,
        "Total Revenue": NaN,
        "Operating Revenue": NaN
    },
    "2024-11-30": {
        "Tax Effect Of Unusual Items": -507904.0,
        "Tax Rate For Calcs": 0.256,
        "Normalized EBITDA": 5959000.0,
        "Total Unusual Items": -1984000.0,
        "Total Unusual Items Excluding Goodwill": -1984000.0,
        "Net Income From Continuing Operation Net Minority Interest": 1181000.0,
        "Reconciled Depreciation": 2210000.0,
        "Reconciled Cost Of Revenue": 16213000.0,
        "EBITDA": 3975000.0,
        "EBIT": 1765000.0,
        "Net Interest Income": 112000.0,
        "Interest Expense": 178000.0,
        "Interest Income": 290000.0,
        "Normalized Income": 2657096.0,
        "Net Income From Continuing And Discontinued Operation": 1181000.0,
        "Total Expenses": 65627000.0,
        "Total Operating Income As Reported": 1475000.0,
        "Diluted Average Shares": 13271000.0,
        "Basic Average Shares": 13092000.0,
        "Diluted EPS": 0.09,
        "Basic EPS": 0.09,
        "Diluted NI Availto Com Stockholders": 1181000.0,
        "Net Income Common Stockholders": 1181000.0,
        "Net Income": 1181000.0,
        "Net Income Including Noncontrolling Interests": 1181000.0,
        "Net Income Continuous Operations": 1181000.0,
        "Tax Provision": 406000.0,
        "Pretax Income": 1587000.0,
        "Other Income Expense": -1984000.0,
        "Special Income Charges": -1984000.0,
        "Gain On Sale Of Business": 0.0,
        "Write Off": NaN,
        "Restructuring And Mergern Acquisition": 1984000.0,
        "Net Non Operating Interest Income Expense": 112000.0,
        "Interest Expense Non Operating": 178000.0,
        "Interest Income Non Operating": 290000.0,
        "Operating Income": 3459000.0,
        "Operating Expense": 49252000.0,
        "Depreciation Amortization Depletion Income Statement": 2048000.0,
        "Depreciation And Amortization In Income Statement": 2048000.0,
        "Amortization": 1098000.0,
        "Amortization Of Intangibles Income Statement": 1098000.0,
        "Depreciation Income Statement": 950000.0,
        "Selling General And Administration": 47204000.0,
        "Gross Profit": 52711000.0,
        "Cost Of Revenue": 16375000.0,
        "Total Revenue": 69086000.0,
        "Operating Revenue": 69086000.0
    },
    "2025-02-28": {
        "Tax Effect Of Unusual Items": 0.0,
        "Tax Rate For Calcs": 0.202,
        "Normalized EBITDA": 1048000.0,
        "Total Unusual Items": 0.0,
        "Total Unusual Items Excluding Goodwill": 0.0,
        "Net Income From Continuing Operation Net Minority Interest": -1076000.0,
        "Reconciled Depreciation": 2240000.0,
        "Reconciled Cost Of Revenue": 13740000.0,
        "EBITDA": 1048000.0,
        "EBIT": -1192000.0,
        "Net Interest Income": 107000.0,
        "Interest Expense": 156000.0,
        "Interest Income": 263000.0,
        "Normalized Income": -1076000.0,
        "Net Income From Continuing And Discontinued Operation": -1076000.0,
        "Total Expenses": 61067000.0,
        "Total Operating Income As Reported": -1455000.0,
        "Diluted Average Shares": 13102000.0,
        "Basic Average Shares": 13102000.0,
        "Diluted EPS": -0.08,
        "Basic EPS": -0.08,
        "Diluted NI Availto Com Stockholders": -1076000.0,
        "Net Income Common Stockholders": -1076000.0,
        "Net Income": -1076000.0,
        "Net Income Including Noncontrolling Interests": -1076000.0,
        "Net Income Continuous Operations": -1076000.0,
        "Tax Provision": -272000.0,
        "Pretax Income": -1348000.0,
        "Other Income Expense": NaN,
        "Special Income Charges": 0.0,
        "Gain On Sale Of Business": NaN,
        "Write Off": 0.0,
        "Restructuring And Mergern Acquisition": 0.0,
        "Net Non Operating Interest Income Expense": 107000.0,
        "Interest Expense Non Operating": 156000.0,
        "Interest Income Non Operating": 263000.0,
        "Operating Income": -1455000.0,
        "Operating Expense": 47201000.0,
        "Depreciation Amortization Depletion Income Statement": 2114000.0,
        "Depreciation And Amortization In Income Statement": 2114000.0,
        "Amortization": 1098000.0,
        "Amortization Of Intangibles Income Statement": 1098000.0,
        "Depreciation Income Statement": 1016000.0,
        "Selling General And Administration": 45087000.0,
        "Gross Profit": 45746000.0,
        "Cost Of Revenue": 13866000.0,
        "Total Revenue": 59612000.0,
        "Operating Revenue": 59612000.0
    },
    "2025-05-31": {
        "Tax Effect Of Unusual Items": -1601782.0,
        "Tax Rate For Calcs": 0.338,
        "Normalized EBITDA": 4962000.0,
        "Total Unusual Items": -4739000.0,
        "Total Unusual Items Excluding Goodwill": -4739000.0,
        "Net Income From Continuing Operation Net Minority Interest": -1409000.0,
        "Reconciled Depreciation": 2215000.0,
        "Reconciled Cost Of Revenue": 15694000.0,
        "EBITDA": 223000.0,
        "EBIT": -1992000.0,
        "Net Interest Income": 76000.0,
        "Interest Expense": 135000.0,
        "Interest Income": 211000.0,
        "Normalized Income": 1728218.0,
        "Net Income From Continuing And Discontinued Operation": -1409000.0,
        "Total Expenses": 64585000.0,
        "Total Operating Income As Reported": -2203000.0,
        "Diluted Average Shares": 12891000.0,
        "Basic Average Shares": 12891000.0,
        "Diluted EPS": -0.11,
        "Basic EPS": -0.11,
        "Diluted NI Availto Com Stockholders": -1409000.0,
        "Net Income Common Stockholders": -1409000.0,
        "Net Income": -1409000.0,
        "Net Income Including Noncontrolling Interests": -1409000.0,
        "Net Income Continuous Operations": -1409000.0,
        "Tax Provision": -718000.0,
        "Pretax Income": -2127000.0,
        "Other Income Expense": -4739000.0,
        "Special Income Charges": -4739000.0,
        "Gain On Sale Of Business": NaN,
        "Write Off": 0.0,
        "Restructuring And Mergern Acquisition": 4739000.0,
        "Net Non Operating Interest Income Expense": 76000.0,
        "Interest Expense Non Operating": 135000.0,
        "Interest Income Non Operating": 211000.0,
        "Operating Income": 2536000.0,
        "Operating Expense": 48786000.0,
        "Depreciation Amortization Depletion Income Statement": 2110000.0,
        "Depreciation And Amortization In Income Statement": 2110000.0,
        "Amortization": 1098000.0,
        "Amortization Of Intangibles Income Statement": 1098000.0,
        "Depreciation Income Statement": 1012000.0,
        "Selling General And Administration": 46676000.0,
        "Gross Profit": 51322000.0,
        "Cost Of Revenue": 15799000.0,
        "Total Revenue": 67121000.0,
        "Operating Revenue": 67121000.0
    },
    "2025-08-31": {
        "Tax Effect Of Unusual Items": 0.0,
        "Tax Rate For Calcs": 0.21,
        "Normalized EBITDA": 10453000.0,
        "Total Unusual Items": 0.0,
        "Total Unusual Items Excluding Goodwill": 0.0,
        "Net Income From Continuing Operation Net Minority Interest": 4372000.0,
        "Reconciled Depreciation": 2403000.0,
        "Reconciled Cost Of Revenue": 17240000.0,
        "EBITDA": 10453000.0,
        "EBIT": 8050000.0,
        "Net Interest Income": 68000.0,
        "Interest Expense": 95000.0,
        "Interest Income": 163000.0,
        "Normalized Income": 4372000.0,
        "Net Income From Continuing And Discontinued Operation": 4372000.0,
        "Total Expenses": 63361000.0,
        "Total Operating Income As Reported": 7887000.0,
        "Diluted Average Shares": 12778000.0,
        "Basic Average Shares": 12623000.0,
        "Diluted EPS": 0.34,
        "Basic EPS": 0.35,
        "Diluted NI Availto Com Stockholders": 4372000.0,
        "Net Income Common Stockholders": 4372000.0,
        "Net Income": 4372000.0,
        "Net Income Including Noncontrolling Interests": 4372000.0,
        "Net Income Continuous Operations": 4372000.0,
        "Tax Provision": 3583000.0,
        "Pretax Income": 7955000.0,
        "Other Income Expense": 0.0,
        "Special Income Charges": 0.0,
        "Gain On Sale Of Business": NaN,
        "Write Off": 0.0,
        "Restructuring And Mergern Acquisition": 0.0,
        "Net Non Operating Interest Income Expense": 68000.0,
        "Interest Expense Non Operating": 95000.0,
        "Interest Income Non Operating": 163000.0,
        "Operating Income": 7887000.0,
        "Operating Expense": 45903000.0,
        "Depreciation Amortization Depletion Income Statement": 2185000.0,
        "Depreciation And Amortization In Income Statement": 2185000.0,
        "Amortization": 1098000.0,
        "Amortization Of Intangibles Income Statement": 1098000.0,
        "Depreciation Income Statement": 1087000.0,
        "Selling General And Administration": 43718000.0,
        "Gross Profit": 53790000.0,
        "Cost Of Revenue": 17458000.0,
        "Total Revenue": 71248000.0,
        "Operating Revenue": 71248000.0
    },
    "2025-11-30": {
        "Tax Effect Of Unusual Items": -387092.0,
        "Tax Rate For Calcs": 0.094,
        "Normalized EBITDA": 2614000.0,
        "Total Unusual Items": -4118000.0,
        "Total Unusual Items Excluding Goodwill": -4118000.0,
        "Net Income From Continuing Operation Net Minority Interest": -3289000.0,
        "Reconciled Depreciation": 2033000.0,
        "Reconciled Cost Of Revenue": 15424000.0,
        "EBITDA": -1504000.0,
        "EBIT": -3537000.0,
        "Net Interest Income": 19000.0,
        "Interest Expense": 95000.0,
        "Interest Income": 114000.0,
        "Normalized Income": 441908.0,
        "Net Income From Continuing And Discontinued Operation": -3289000.0,
        "Total Expenses": 63578000.0,
        "Total Operating Income As Reported": -3651000.0,
        "Diluted Average Shares": 12210000.0,
        "Basic Average Shares": 12210000.0,
        "Diluted EPS": -0.27,
        "Basic EPS": -0.27,
        "Diluted NI Availto Com Stockholders": -3289000.0,
        "Net Income Common Stockholders": -3289000.0,
        "Net Income": -3289000.0,
        "Net Income Including Noncontrolling Interests": -3289000.0,
        "Net Income Continuous Operations": -3289000.0,
        "Tax Provision": -343000.0,
        "Pretax Income": -3632000.0,
        "Other Income Expense": -4118000.0,
        "Special Income Charges": -4118000.0,
        "Gain On Sale Of Business": -674000.0,
        "Write Off": NaN,
        "Restructuring And Mergern Acquisition": 3444000.0,
        "Net Non Operating Interest Income Expense": 19000.0,
        "Interest Expense Non Operating": 95000.0,
        "Interest Income Non Operating": 114000.0,
        "Operating Income": 467000.0,
        "Operating Expense": 47907000.0,
        "Depreciation Amortization Depletion Income Statement": 1786000.0,
        "Depreciation And Amortization In Income Statement": 1786000.0,
        "Amortization": 687000.0,
        "Amortization Of Intangibles Income Statement": 687000.0,
        "Depreciation Income Statement": 1099000.0,
        "Selling General And Administration": 46121000.0,
        "Gross Profit": 48374000.0,
        "Cost Of Revenue": 15671000.0,
        "Total Revenue": 64045000.0,
        "Operating Revenue": 64045000.0
    }
}