{
    "2023-03-31": {
        "Tax Effect Of Unusual Items": NaN,
        "Tax Rate For Calcs": NaN,
        "Normalized EBITDA": NaN,
        "Net Income From Continuing Operation Net Minority Interest": NaN,
        "Reconciled Depreciation": NaN,
        "EBITDA": NaN,
        "EBIT": NaN,
        "Net Interest Income": NaN,
        "Interest Income": NaN,
        "Normalized Income": NaN,
        "Net Income From Continuing And Discontinued Operation": NaN,
        "Total Expenses": NaN,
        "Total Operating Income As Reported": NaN,
        "Diluted Average Shares": 32723530.0,
        "Basic Average Shares": 32723530.0,
        "Diluted EPS": -0.88,
        "Basic EPS": -0.88,
        "Diluted NI Availto Com Stockholders": NaN,
        "Net Income Common Stockholders": NaN,
        "Net Income": NaN,
        "Net Income Including Noncontrolling Interests": NaN,
        "Net Income Continuous Operations": NaN,
        "Pretax Income": NaN,
        "Other Income Expense": NaN,
        "Other Non Operating Income Expenses": NaN,
        "Net Non Operating Interest Income Expense": NaN,
        "Interest Income Non Operating": NaN,
        "Operating Income": NaN,
        "Operating Expense": NaN,
        "Research And Development": NaN,
        "Selling General And Administration": NaN,
        "General And Administrative Expense": NaN,
        "Other Gand A": NaN,
        "Total Revenue": NaN,
        "Operating Revenue": NaN
    },
    "2022-12-31": {
        "Tax Effect Of Unusual Items": 0.0,
        "Tax Rate For Calcs": 0.0,
        "Normalized EBITDA": -27332000.0,
        "Net Income From Continuing Operation Net Minority Interest": -27379000.0,
        "Reconciled Depreciation": 1388000.0,
        "EBITDA": -27332000.0,
        "EBIT": -28720000.0,
        "Net Interest Income": 1338000.0,
        "Interest Income": 1338000.0,
        "Normalized Income": -27379000.0,
        "Net Income From Continuing And Discontinued Operation": -27379000.0,
        "Total Expenses": 29967000.0,
        "Total Operating Income As Reported": -28720000.0,
        "Diluted Average Shares": NaN,
        "Basic Average Shares": NaN,
        "Diluted EPS": NaN,
        "Basic EPS": NaN,
        "Diluted NI Availto Com Stockholders": -27379000.0,
        "Net Income Common Stockholders": -27379000.0,
        "Net Income": -27379000.0,
        "Net Income Including Noncontrolling Interests": -27379000.0,
        "Net Income Continuous Operations": -27379000.0,
        "Pretax Income": -27379000.0,
        "Other Income Expense": 3000.0,
        "Other Non Operating Income Expenses": 3000.0,
        "Net Non Operating Interest Income Expense": 1338000.0,
        "Interest Income Non Operating": 1338000.0,
        "Operating Income": -28720000.0,
        "Operating Expense": 29967000.0,
        "Research And Development": 21500000.0,
        "Selling General And Administration": 8467000.0,
        "General And Administrative Expense": 8467000.0,
        "Other Gand A": 8467000.0,
        "Total Revenue": 1247000.0,
        "Operating Revenue": 1247000.0
    },
    "2022-09-30": {
        "Tax Effect Of Unusual Items": NaN,
        "Tax Rate For Calcs": NaN,
        "Normalized EBITDA": NaN,
        "Net Income From Continuing Operation Net Minority Interest": NaN,
        "Reconciled Depreciation": NaN,
        "EBITDA": NaN,
        "EBIT": NaN,
        "Net Interest Income": NaN,
        "Interest Income": NaN,
        "Normalized Income": NaN,
        "Net Income From Continuing And Discontinued Operation": NaN,
        "Total Expenses": NaN,
        "Total Operating Income As Reported": NaN,
        "Diluted Average Shares": 32385791.0,
        "Basic Average Shares": 32385791.0,
        "Diluted EPS": -0.79,
        "Basic EPS": -0.79,
        "Diluted NI Availto Com Stockholders": NaN,
        "Net Income Common Stockholders": NaN,
        "Net Income": NaN,
        "Net Income Including Noncontrolling Interests": NaN,
        "Net Income Continuous Operations": NaN,
        "Pretax Income": NaN,
        "Other Income Expense": NaN,
        "Other Non Operating Income Expenses": NaN,
        "Net Non Operating Interest Income Expense": NaN,
        "Interest Income Non Operating": NaN,
        "Operating Income": NaN,
        "Operating Expense": NaN,
        "Research And Development": NaN,
        "Selling General And Administration": NaN,
        "General And Administrative Expense": NaN,
        "Other Gand A": NaN,
        "Total Revenue": NaN,
        "Operating Revenue": NaN
    },
    "2022-06-30": {
        "Tax Effect Of Unusual Items": 0.0,
        "Tax Rate For Calcs": 0.0,
        "Normalized EBITDA": -27595000.0,
        "Net Income From Continuing Operation Net Minority Interest": -28086000.0,
        "Reconciled Depreciation": 831000.0,
        "EBITDA": -27595000.0,
        "EBIT": -28426000.0,
        "Net Interest Income": 340000.0,
        "Interest Income": 340000.0,
        "Normalized Income": -28086000.0,
        "Net Income From Continuing And Discontinued Operation": -28086000.0,
        "Total Expenses": 28588000.0,
        "Total Operating Income As Reported": -28426000.0,
        "Diluted Average Shares": 32324392.0,
        "Basic Average Shares": 32324392.0,
        "Diluted EPS": -0.87,
        "Basic EPS": -0.87,
        "Diluted NI Availto Com Stockholders": -28086000.0,
        "Net Income Common Stockholders": -28086000.0,
        "Net Income": -28086000.0,
        "Net Income Including Noncontrolling Interests": -28086000.0,
        "Net Income Continuous Operations": -28086000.0,
        "Pretax Income": -28086000.0,
        "Other Income Expense": NaN,
        "Other Non Operating Income Expenses": NaN,
        "Net Non Operating Interest Income Expense": 340000.0,
        "Interest Income Non Operating": 340000.0,
        "Operating Income": -28426000.0,
        "Operating Expense": 28588000.0,
        "Research And Development": 20422000.0,
        "Selling General And Administration": 8166000.0,
        "General And Administrative Expense": 8166000.0,
        "Other Gand A": 8166000.0,
        "Total Revenue": 162000.0,
        "Operating Revenue": 162000.0
    },
    "2022-03-31": {
        "Diluted EPS": -0.82,
        "Total Revenue": 1,
        "Gross Profit": 1,
        "Operating Income": -26,
        "EBIT": -25,
        "Net Income": -26
    },
    "2021-12-31": {
        "Diluted EPS": -0.86,
        "Total Revenue": 0,
        "Gross Profit": 0,
        "Operating Income": -25,
        "EBIT": -24,
        "Net Income": -25
    },
    "2021-09-30": {
        "Diluted EPS": -0.82,
        "Total Revenue": 1,
        "Gross Profit": 1,
        "Operating Income": -23,
        "EBIT": -22,
        "Net Income": -22
    },
    "2021-06-30": {
        "Diluted EPS": -0.28,
        "Total Revenue": 15,
        "Gross Profit": 15,
        "Operating Income": -8,
        "EBIT": -7,
        "Net Income": -8
    },
    "2021-03-31": {
        "Diluted EPS": -0.61,
        "Total Revenue": 2,
        "Gross Profit": 2,
        "Operating Income": -16,
        "EBIT": -16,
        "Net Income": -16
    },
    "2020-12-31": {
        "Diluted EPS": -1.85,
        "Total Revenue": -1,
        "Gross Profit": -1,
        "Operating Income": -20,
        "EBIT": -20,
        "Net Income": -21
    },
    "2020-09-30": {
        "Diluted EPS": -1.51,
        "Total Revenue": 7,
        "Gross Profit": 7,
        "Operating Income": -8,
        "EBIT": -7,
        "Net Income": -8
    },
    "2020-06-30": {
        "Diluted EPS": -2.92,
        "Total Revenue": 4,
        "Gross Profit": 4,
        "Operating Income": -15,
        "EBIT": -15,
        "Net Income": -15
    },
    "2020-03-31": {
        "Diluted EPS": -2.54,
        "Total Revenue": 4,
        "Gross Profit": 4,
        "Operating Income": -13,
        "EBIT": -13,
        "Net Income": -13
    },
    "2019-12-31": {
        "Diluted EPS": 0.0,
        "Total Revenue": NaN,
        "Gross Profit": NaN,
        "Operating Income": NaN,
        "EBIT": NaN,
        "Net Income": NaN
    },
    "2023-06-30": {
        "Tax Effect Of Unusual Items": NaN,
        "Tax Rate For Calcs": NaN,
        "Normalized EBITDA": NaN,
        "Net Income From Continuing Operation Net Minority Interest": NaN,
        "Reconciled Depreciation": NaN,
        "EBITDA": NaN,
        "EBIT": NaN,
        "Net Interest Income": NaN,
        "Interest Income": NaN,
        "Normalized Income": NaN,
        "Net Income From Continuing And Discontinued Operation": NaN,
        "Total Expenses": NaN,
        "Total Operating Income As Reported": NaN,
        "Diluted Average Shares": 38335219.0,
        "Basic Average Shares": 38335219.0,
        "Diluted EPS": -0.77,
        "Basic EPS": -0.77,
        "Diluted NI Availto Com Stockholders": NaN,
        "Net Income Common Stockholders": NaN,
        "Net Income": NaN,
        "Net Income Including Noncontrolling Interests": NaN,
        "Net Income Continuous Operations": NaN,
        "Pretax Income": NaN,
        "Other Income Expense": NaN,
        "Other Non Operating Income Expenses": NaN,
        "Net Non Operating Interest Income Expense": NaN,
        "Interest Income Non Operating": NaN,
        "Operating Income": NaN,
        "Operating Expense": NaN,
        "Research And Development": NaN,
        "Selling General And Administration": NaN,
        "General And Administrative Expense": NaN,
        "Other Gand A": NaN,
        "Total Revenue": NaN,
        "Operating Revenue": NaN
    },
    "2023-09-30": {
        "Tax Effect Of Unusual Items": NaN,
        "Tax Rate For Calcs": NaN,
        "Normalized EBITDA": NaN,
        "Net Income From Continuing Operation Net Minority Interest": NaN,
        "Reconciled Depreciation": NaN,
        "EBITDA": NaN,
        "EBIT": NaN,
        "Net Interest Income": NaN,
        "Interest Income": NaN,
        "Normalized Income": NaN,
        "Net Income From Continuing And Discontinued Operation": NaN,
        "Total Expenses": NaN,
        "Total Operating Income As Reported": NaN,
        "Diluted Average Shares": 42256629.0,
        "Basic Average Shares": 42256629.0,
        "Diluted EPS": -0.24,
        "Basic EPS": -0.24,
        "Diluted NI Availto Com Stockholders": NaN,
        "Net Income Common Stockholders": NaN,
        "Net Income": NaN,
        "Net Income Including Noncontrolling Interests": NaN,
        "Net Income Continuous Operations": NaN,
        "Pretax Income": NaN,
        "Other Income Expense": NaN,
        "Other Non Operating Income Expenses": NaN,
        "Net Non Operating Interest Income Expense": NaN,
        "Interest Income Non Operating": NaN,
        "Operating Income": NaN,
        "Operating Expense": NaN,
        "Research And Development": NaN,
        "Selling General And Administration": NaN,
        "General And Administrative Expense": NaN,
        "Other Gand A": NaN,
        "Total Revenue": NaN,
        "Operating Revenue": NaN
    },
    "2023-12-31": {
        "Tax Effect Of Unusual Items": 0.0,
        "Tax Rate For Calcs": 0.0,
        "Normalized EBITDA": -35139000.0,
        "Net Income From Continuing Operation Net Minority Interest": -32283000.0,
        "Reconciled Depreciation": 1513000.0,
        "EBITDA": -35139000.0,
        "EBIT": -36652000.0,
        "Net Interest Income": 4380000.0,
        "Interest Income": 4380000.0,
        "Normalized Income": -32283000.0,
        "Net Income From Continuing And Discontinued Operation": -32283000.0,
        "Total Expenses": 36633000.0,
        "Total Operating Income As Reported": -36652000.0,
        "Diluted Average Shares": NaN,
        "Basic Average Shares": NaN,
        "Diluted EPS": NaN,
        "Basic EPS": NaN,
        "Diluted NI Availto Com Stockholders": -32283000.0,
        "Net Income Common Stockholders": -32283000.0,
        "Net Income": -32283000.0,
        "Net Income Including Noncontrolling Interests": -32283000.0,
        "Net Income Continuous Operations": -32283000.0,
        "Pretax Income": -32283000.0,
        "Other Income Expense": -11000.0,
        "Other Non Operating Income Expenses": -11000.0,
        "Net Non Operating Interest Income Expense": 4380000.0,
        "Interest Income Non Operating": 4380000.0,
        "Operating Income": -36652000.0,
        "Operating Expense": 36633000.0,
        "Research And Development": 26028000.0,
        "Selling General And Administration": 10605000.0,
        "General And Administrative Expense": 10605000.0,
        "Other Gand A": 10605000.0,
        "Total Revenue": -19000.0,
        "Operating Revenue": -19000.0
    },
    "2024-03-31": {
        "Tax Effect Of Unusual Items": NaN,
        "Tax Rate For Calcs": NaN,
        "Normalized EBITDA": NaN,
        "Net Income From Continuing Operation Net Minority Interest": NaN,
        "Reconciled Depreciation": NaN,
        "EBITDA": NaN,
        "EBIT": NaN,
        "Net Interest Income": NaN,
        "Interest Income": NaN,
        "Normalized Income": NaN,
        "Net Income From Continuing And Discontinued Operation": NaN,
        "Total Expenses": NaN,
        "Total Operating Income As Reported": NaN,
        "Diluted Average Shares": 49271984.0,
        "Basic Average Shares": 49271984.0,
        "Diluted EPS": -0.66,
        "Basic EPS": -0.66,
        "Diluted NI Availto Com Stockholders": NaN,
        "Net Income Common Stockholders": NaN,
        "Net Income": NaN,
        "Net Income Including Noncontrolling Interests": NaN,
        "Net Income Continuous Operations": NaN,
        "Pretax Income": NaN,
        "Other Income Expense": NaN,
        "Other Non Operating Income Expenses": NaN,
        "Net Non Operating Interest Income Expense": NaN,
        "Interest Income Non Operating": NaN,
        "Operating Income": NaN,
        "Operating Expense": NaN,
        "Research And Development": NaN,
        "Selling General And Administration": NaN,
        "General And Administrative Expense": NaN,
        "Other Gand A": NaN,
        "Total Revenue": NaN,
        "Operating Revenue": NaN
    },
    "2024-06-30": {
        "Tax Effect Of Unusual Items": NaN,
        "Tax Rate For Calcs": NaN,
        "Normalized EBITDA": NaN,
        "Net Income From Continuing Operation Net Minority Interest": NaN,
        "Reconciled Depreciation": NaN,
        "EBITDA": NaN,
        "EBIT": NaN,
        "Net Interest Income": NaN,
        "Interest Income": NaN,
        "Normalized Income": NaN,
        "Net Income From Continuing And Discontinued Operation": NaN,
        "Total Expenses": NaN,
        "Total Operating Income As Reported": NaN,
        "Diluted Average Shares": 55282754.0,
        "Basic Average Shares": 55282754.0,
        "Diluted EPS": -0.63,
        "Basic EPS": -0.63,
        "Diluted NI Availto Com Stockholders": NaN,
        "Net Income Common Stockholders": NaN,
        "Net Income": NaN,
        "Net Income Including Noncontrolling Interests": NaN,
        "Net Income Continuous Operations": NaN,
        "Pretax Income": NaN,
        "Other Income Expense": NaN,
        "Other Non Operating Income Expenses": NaN,
        "Net Non Operating Interest Income Expense": NaN,
        "Interest Income Non Operating": NaN,
        "Operating Income": NaN,
        "Operating Expense": NaN,
        "Research And Development": NaN,
        "Selling General And Administration": NaN,
        "General And Administrative Expense": NaN,
        "Other Gand A": NaN,
        "Total Revenue": NaN,
        "Operating Revenue": NaN
    },
    "2024-09-30": {
        "Tax Effect Of Unusual Items": 0.0,
        "Tax Rate For Calcs": 0.0,
        "Normalized EBITDA": -49429000.0,
        "Net Income From Continuing Operation Net Minority Interest": -43843000.0,
        "Reconciled Depreciation": 1703000.0,
        "EBITDA": -49429000.0,
        "EBIT": -51132000.0,
        "Net Interest Income": 7290000.0,
        "Interest Income": 7290000.0,
        "Normalized Income": -43843000.0,
        "Net Income From Continuing And Discontinued Operation": -43843000.0,
        "Total Expenses": 51135000.0,
        "Total Operating Income As Reported": -51132000.0,
        "Diluted Average Shares": 55554476.0,
        "Basic Average Shares": 55554476.0,
        "Diluted EPS": -0.79,
        "Basic EPS": -0.79,
        "Diluted NI Availto Com Stockholders": -43843000.0,
        "Net Income Common Stockholders": -43843000.0,
        "Net Income": -43843000.0,
        "Net Income Including Noncontrolling Interests": -43843000.0,
        "Net Income Continuous Operations": -43843000.0,
        "Pretax Income": -43843000.0,
        "Other Income Expense": -1000.0,
        "Other Non Operating Income Expenses": -1000.0,
        "Net Non Operating Interest Income Expense": 7290000.0,
        "Interest Income Non Operating": 7290000.0,
        "Operating Income": -51132000.0,
        "Operating Expense": 51135000.0,
        "Research And Development": 38484000.0,
        "Selling General And Administration": 12651000.0,
        "General And Administrative Expense": 12651000.0,
        "Other Gand A": 12651000.0,
        "Total Revenue": 3000.0,
        "Operating Revenue": 3000.0
    },
    "2024-12-31": {
        "Tax Effect Of Unusual Items": 0.0,
        "Tax Rate For Calcs": 0.0,
        "Normalized EBITDA": -54333000.0,
        "Net Income From Continuing Operation Net Minority Interest": -49671000.0,
        "Reconciled Depreciation": 1784000.0,
        "EBITDA": -54333000.0,
        "EBIT": -56117000.0,
        "Net Interest Income": 6467000.0,
        "Interest Income": 6467000.0,
        "Normalized Income": -49671000.0,
        "Net Income From Continuing And Discontinued Operation": -49671000.0,
        "Total Expenses": 56118000.0,
        "Total Operating Income As Reported": -56117000.0,
        "Diluted Average Shares": NaN,
        "Basic Average Shares": NaN,
        "Diluted EPS": NaN,
        "Basic EPS": NaN,
        "Diluted NI Availto Com Stockholders": -49671000.0,
        "Net Income Common Stockholders": -49671000.0,
        "Net Income": -49671000.0,
        "Net Income Including Noncontrolling Interests": -49671000.0,
        "Net Income Continuous Operations": -49671000.0,
        "Pretax Income": -49671000.0,
        "Other Income Expense": -21000.0,
        "Other Non Operating Income Expenses": -21000.0,
        "Net Non Operating Interest Income Expense": 6467000.0,
        "Interest Income Non Operating": 6467000.0,
        "Operating Income": -56117000.0,
        "Operating Expense": 56118000.0,
        "Research And Development": 43087000.0,
        "Selling General And Administration": 13031000.0,
        "General And Administrative Expense": 13031000.0,
        "Other Gand A": 13031000.0,
        "Total Revenue": 1000.0,
        "Operating Revenue": 1000.0
    },
    "2025-03-31": {
        "Tax Effect Of Unusual Items": 0.0,
        "Tax Rate For Calcs": 0.0,
        "Normalized EBITDA": -51867000.0,
        "Net Income From Continuing Operation Net Minority Interest": -47972000.0,
        "Reconciled Depreciation": 1754000.0,
        "EBITDA": -51867000.0,
        "EBIT": -53621000.0,
        "Net Interest Income": 5582000.0,
        "Interest Income": 5582000.0,
        "Normalized Income": -47972000.0,
        "Net Income From Continuing And Discontinued Operation": -47972000.0,
        "Total Expenses": 53635000.0,
        "Total Operating Income As Reported": -53621000.0,
        "Diluted Average Shares": 55744047.0,
        "Basic Average Shares": 55744047.0,
        "Diluted EPS": -0.86,
        "Basic EPS": -0.86,
        "Diluted NI Availto Com Stockholders": -47972000.0,
        "Net Income Common Stockholders": -47972000.0,
        "Net Income": -47972000.0,
        "Net Income Including Noncontrolling Interests": -47972000.0,
        "Net Income Continuous Operations": -47972000.0,
        "Pretax Income": -47972000.0,
        "Other Income Expense": 67000.0,
        "Other Non Operating Income Expenses": 67000.0,
        "Net Non Operating Interest Income Expense": 5582000.0,
        "Interest Income Non Operating": 5582000.0,
        "Operating Income": -53621000.0,
        "Operating Expense": 53635000.0,
        "Research And Development": 40699000.0,
        "Selling General And Administration": 12936000.0,
        "General And Administrative Expense": 12936000.0,
        "Other Gand A": 12936000.0,
        "Total Revenue": 14000.0,
        "Operating Revenue": 14000.0
    },
    "2025-06-30": {
        "Tax Effect Of Unusual Items": 0.0,
        "Tax Rate For Calcs": 0.0,
        "Normalized EBITDA": -57568000.0,
        "Net Income From Continuing Operation Net Minority Interest": -54658000.0,
        "Reconciled Depreciation": 1888000.0,
        "EBITDA": -57568000.0,
        "EBIT": -59456000.0,
        "Net Interest Income": 4859000.0,
        "Interest Income": 4859000.0,
        "Normalized Income": -54658000.0,
        "Net Income From Continuing And Discontinued Operation": -54658000.0,
        "Total Expenses": 59471000.0,
        "Total Operating Income As Reported": -59456000.0,
        "Diluted Average Shares": 55927091.0,
        "Basic Average Shares": 55927091.0,
        "Diluted EPS": -0.98,
        "Basic EPS": -0.98,
        "Diluted NI Availto Com Stockholders": -54658000.0,
        "Net Income Common Stockholders": -54658000.0,
        "Net Income": -54658000.0,
        "Net Income Including Noncontrolling Interests": -54658000.0,
        "Net Income Continuous Operations": -54658000.0,
        "Pretax Income": -54658000.0,
        "Other Income Expense": -61000.0,
        "Other Non Operating Income Expenses": -61000.0,
        "Net Non Operating Interest Income Expense": 4859000.0,
        "Interest Income Non Operating": 4859000.0,
        "Operating Income": -59456000.0,
        "Operating Expense": 59471000.0,
        "Research And Development": 47951000.0,
        "Selling General And Administration": 11520000.0,
        "General And Administrative Expense": 11520000.0,
        "Other Gand A": 11520000.0,
        "Total Revenue": 15000.0,
        "Operating Revenue": 15000.0
    },
    "2025-09-30": {
        "Tax Effect Of Unusual Items": 0.0,
        "Tax Rate For Calcs": 0.0,
        "Normalized EBITDA": -59182000.0,
        "Net Income From Continuing Operation Net Minority Interest": -56876000.0,
        "Reconciled Depreciation": 2003000.0,
        "EBITDA": -59182000.0,
        "EBIT": -61185000.0,
        "Net Interest Income": 4330000.0,
        "Interest Income": 4330000.0,
        "Normalized Income": -56876000.0,
        "Net Income From Continuing And Discontinued Operation": -56876000.0,
        "Total Expenses": 61275000.0,
        "Total Operating Income As Reported": -61185000.0,
        "Diluted Average Shares": 56126330.0,
        "Basic Average Shares": 56126330.0,
        "Diluted EPS": -1.01,
        "Basic EPS": -1.01,
        "Diluted NI Availto Com Stockholders": -56876000.0,
        "Net Income Common Stockholders": -56876000.0,
        "Net Income": -56876000.0,
        "Net Income Including Noncontrolling Interests": -56876000.0,
        "Net Income Continuous Operations": -56876000.0,
        "Pretax Income": -56876000.0,
        "Other Income Expense": -21000.0,
        "Other Non Operating Income Expenses": -21000.0,
        "Net Non Operating Interest Income Expense": 4330000.0,
        "Interest Income Non Operating": 4330000.0,
        "Operating Income": -61185000.0,
        "Operating Expense": 61275000.0,
        "Research And Development": 49438000.0,
        "Selling General And Administration": 11837000.0,
        "General And Administrative Expense": 11837000.0,
        "Other Gand A": 11837000.0,
        "Total Revenue": 90000.0,
        "Operating Revenue": 90000.0
    }
}