{
    "2023-05-31": {
        "Tax Effect Of Unusual Items": NaN,
        "Tax Rate For Calcs": NaN,
        "Normalized EBITDA": NaN,
        "Total Unusual Items": NaN,
        "Total Unusual Items Excluding Goodwill": NaN,
        "Net Income From Continuing Operation Net Minority Interest": NaN,
        "Reconciled Depreciation": NaN,
        "Reconciled Cost Of Revenue": NaN,
        "EBITDA": NaN,
        "EBIT": NaN,
        "Net Interest Income": NaN,
        "Normalized Income": NaN,
        "Net Income From Continuing And Discontinued Operation": NaN,
        "Total Expenses": NaN,
        "Rent Expense Supplemental": NaN,
        "Total Operating Income As Reported": NaN,
        "Diluted Average Shares": NaN,
        "Basic Average Shares": NaN,
        "Diluted EPS": NaN,
        "Basic EPS": NaN,
        "Diluted NI Availto Com Stockholders": NaN,
        "Net Income Common Stockholders": NaN,
        "Otherunder Preferred Stock Dividend": NaN,
        "Net Income": NaN,
        "Net Income Including Noncontrolling Interests": NaN,
        "Net Income Continuous Operations": NaN,
        "Tax Provision": NaN,
        "Pretax Income": NaN,
        "Other Income Expense": NaN,
        "Other Non Operating Income Expenses": NaN,
        "Special Income Charges": NaN,
        "Restructuring And Mergern Acquisition": NaN,
        "Net Non Operating Interest Income Expense": NaN,
        "Total Other Finance Cost": NaN,
        "Operating Income": NaN,
        "Operating Expense": NaN,
        "Other Operating Expenses": NaN,
        "Selling General And Administration": -750000000.0,
        "General And Administrative Expense": -750000000.0,
        "Salaries And Wages": -750000000.0,
        "Gross Profit": NaN,
        "Cost Of Revenue": NaN,
        "Total Revenue": NaN,
        "Operating Revenue": NaN
    },
    "2023-02-28": {
        "Tax Effect Of Unusual Items": NaN,
        "Tax Rate For Calcs": NaN,
        "Normalized EBITDA": NaN,
        "Total Unusual Items": NaN,
        "Total Unusual Items Excluding Goodwill": NaN,
        "Net Income From Continuing Operation Net Minority Interest": NaN,
        "Reconciled Depreciation": NaN,
        "Reconciled Cost Of Revenue": NaN,
        "EBITDA": NaN,
        "EBIT": NaN,
        "Net Interest Income": NaN,
        "Normalized Income": NaN,
        "Net Income From Continuing And Discontinued Operation": NaN,
        "Total Expenses": NaN,
        "Rent Expense Supplemental": NaN,
        "Total Operating Income As Reported": NaN,
        "Diluted Average Shares": NaN,
        "Basic Average Shares": NaN,
        "Diluted EPS": NaN,
        "Basic EPS": NaN,
        "Diluted NI Availto Com Stockholders": NaN,
        "Net Income Common Stockholders": NaN,
        "Otherunder Preferred Stock Dividend": NaN,
        "Net Income": NaN,
        "Net Income Including Noncontrolling Interests": NaN,
        "Net Income Continuous Operations": NaN,
        "Tax Provision": NaN,
        "Pretax Income": NaN,
        "Other Income Expense": NaN,
        "Other Non Operating Income Expenses": NaN,
        "Special Income Charges": NaN,
        "Restructuring And Mergern Acquisition": NaN,
        "Net Non Operating Interest Income Expense": NaN,
        "Total Other Finance Cost": 122000000.0,
        "Operating Income": NaN,
        "Operating Expense": NaN,
        "Other Operating Expenses": NaN,
        "Selling General And Administration": NaN,
        "General And Administrative Expense": NaN,
        "Salaries And Wages": NaN,
        "Gross Profit": NaN,
        "Cost Of Revenue": NaN,
        "Total Revenue": NaN,
        "Operating Revenue": NaN
    },
    "2022-11-30": {
        "Tax Effect Of Unusual Items": NaN,
        "Tax Rate For Calcs": NaN,
        "Normalized EBITDA": NaN,
        "Total Unusual Items": NaN,
        "Total Unusual Items Excluding Goodwill": NaN,
        "Net Income From Continuing Operation Net Minority Interest": NaN,
        "Reconciled Depreciation": NaN,
        "Reconciled Cost Of Revenue": NaN,
        "EBITDA": NaN,
        "EBIT": NaN,
        "Net Interest Income": NaN,
        "Normalized Income": NaN,
        "Net Income From Continuing And Discontinued Operation": NaN,
        "Total Expenses": NaN,
        "Rent Expense Supplemental": NaN,
        "Total Operating Income As Reported": NaN,
        "Diluted Average Shares": NaN,
        "Basic Average Shares": NaN,
        "Diluted EPS": NaN,
        "Basic EPS": NaN,
        "Diluted NI Availto Com Stockholders": NaN,
        "Net Income Common Stockholders": NaN,
        "Otherunder Preferred Stock Dividend": NaN,
        "Net Income": NaN,
        "Net Income Including Noncontrolling Interests": NaN,
        "Net Income Continuous Operations": NaN,
        "Tax Provision": NaN,
        "Pretax Income": NaN,
        "Other Income Expense": NaN,
        "Other Non Operating Income Expenses": NaN,
        "Special Income Charges": NaN,
        "Restructuring And Mergern Acquisition": NaN,
        "Net Non Operating Interest Income Expense": NaN,
        "Total Other Finance Cost": 127000000.0,
        "Operating Income": NaN,
        "Operating Expense": NaN,
        "Other Operating Expenses": NaN,
        "Selling General And Administration": NaN,
        "General And Administrative Expense": NaN,
        "Salaries And Wages": NaN,
        "Gross Profit": NaN,
        "Cost Of Revenue": NaN,
        "Total Revenue": NaN,
        "Operating Revenue": NaN
    },
    "2022-08-31": {
        "Tax Effect Of Unusual Items": -9187175.043328,
        "Tax Rate For Calcs": 0.241768,
        "Normalized EBITDA": 2291000000.0,
        "Total Unusual Items": -38000000.0,
        "Total Unusual Items Excluding Goodwill": -38000000.0,
        "Net Income From Continuing Operation Net Minority Interest": 875000000.0,
        "Reconciled Depreciation": 1024000000.0,
        "Reconciled Cost Of Revenue": 18535000000.0,
        "EBITDA": 2253000000.0,
        "EBIT": 1229000000.0,
        "Net Interest Income": -142000000.0,
        "Normalized Income": 903812824.956672,
        "Net Income From Continuing And Discontinued Operation": 875000000.0,
        "Total Expenses": 22013000000.0,
        "Rent Expense Supplemental": 1159000000.0,
        "Total Operating Income As Reported": 1191000000.0,
        "Diluted Average Shares": 262000000.0,
        "Basic Average Shares": 259000000.0,
        "Diluted EPS": 3.33,
        "Basic EPS": 3.37,
        "Diluted NI Availto Com Stockholders": 875000000.0,
        "Net Income Common Stockholders": 875000000.0,
        "Otherunder Preferred Stock Dividend": 1000000.0,
        "Net Income": 875000000.0,
        "Net Income Including Noncontrolling Interests": 875000000.0,
        "Net Income Continuous Operations": 875000000.0,
        "Tax Provision": 279000000.0,
        "Pretax Income": 1154000000.0,
        "Other Income Expense": 67000000.0,
        "Other Non Operating Income Expenses": 105000000.0,
        "Special Income Charges": -38000000.0,
        "Impairment Of Capital Assets": NaN,
        "Restructuring And Mergern Acquisition": 38000000.0,
        "Net Non Operating Interest Income Expense": -142000000.0,
        "Total Other Finance Cost": 142000000.0,
        "Operating Income": 1229000000.0,
        "Operating Expense": 3478000000.0,
        "Other Operating Expenses": 3478000000.0,
        "Gross Profit": 4707000000.0,
        "Cost Of Revenue": 18535000000.0,
        "Total Revenue": 23242000000.0,
        "Operating Revenue": 23242000000.0
    },
    "2022-05-31": {
        "Tax Effect Of Unusual Items": -11052631.578947,
        "Tax Rate For Calcs": 0.184211,
        "Normalized EBITDA": 2044000000.0,
        "Total Unusual Items": -60000000.0,
        "Total Unusual Items Excluding Goodwill": -60000000.0,
        "Net Income From Continuing Operation Net Minority Interest": 558000000.0,
        "Reconciled Depreciation": 1018000000.0,
        "Reconciled Cost Of Revenue": 18646000000.0,
        "EBIT": 1984000000.0,
        "Net Interest Income": -158000000.0,
        "Normalized Income": 606947368.421053,
        "Net Income From Continuing And Discontinued Operation": 558000000.0,
        "Total Expenses": 22410000000.0,
        "Rent Expense Supplemental": 1177000000.0,
        "Total Operating Income As Reported": 1924000000.0,
        "Diluted Average Shares": 260000000.0,
        "Basic Average Shares": 260000000.0,
        "Diluted EPS": 2.13,
        "Basic EPS": 2.137931,
        "Diluted NI Availto Com Stockholders": 558000000.0,
        "Net Income Common Stockholders": 558000000.0,
        "Otherunder Preferred Stock Dividend": 1000000.0,
        "Net Income": 558000000.0,
        "Net Income Including Noncontrolling Interests": 558000000.0,
        "Net Income Continuous Operations": 558000000.0,
        "Tax Provision": 126000000.0,
        "Pretax Income": 684000000.0,
        "Other Income Expense": -1142000000.0,
        "Other Non Operating Income Expenses": -1082000000.0,
        "Special Income Charges": -60000000.0,
        "Impairment Of Capital Assets": NaN,
        "Restructuring And Mergern Acquisition": 60000000.0,
        "Net Non Operating Interest Income Expense": -158000000.0,
        "Total Other Finance Cost": 158000000.0,
        "Operating Income": 1984000000.0,
        "Operating Expense": 3764000000.0,
        "Other Operating Expenses": 3764000000.0,
        "Gross Profit": 5748000000.0,
        "Cost Of Revenue": 18646000000.0,
        "Total Revenue": 24394000000.0,
        "Operating Revenue": 24394000000.0
    },
    "2022-02-28": {
        "Diluted EPS": 4.2,
        "Total Revenue": NaN,
        "Gross Profit": NaN,
        "Operating Income": NaN,
        "EBIT": NaN,
        "Net Income": NaN
    },
    "2021-11-30": {
        "Diluted EPS": 3.88,
        "Total Revenue": NaN,
        "Gross Profit": NaN,
        "Operating Income": NaN,
        "EBIT": NaN,
        "Net Income": NaN
    },
    "2021-08-31": {
        "Diluted EPS": 4.09,
        "Total Revenue": NaN,
        "Gross Profit": NaN,
        "Operating Income": NaN,
        "EBIT": NaN,
        "Net Income": NaN
    },
    "2021-05-31": {
        "Diluted EPS": 6.88,
        "Total Revenue": NaN,
        "Gross Profit": NaN,
        "Operating Income": NaN,
        "EBIT": NaN,
        "Net Income": NaN
    },
    "2021-02-28": {
        "Diluted EPS": 3.3,
        "Total Revenue": NaN,
        "Gross Profit": NaN,
        "Operating Income": NaN,
        "EBIT": NaN,
        "Net Income": 892
    },
    "2020-11-30": {
        "Diluted EPS": 4.55,
        "Total Revenue": NaN,
        "Gross Profit": NaN,
        "Operating Income": NaN,
        "EBIT": NaN,
        "Net Income": NaN
    },
    "2020-08-31": {
        "Diluted EPS": 4.72,
        "Total Revenue": NaN,
        "Gross Profit": NaN,
        "Operating Income": NaN,
        "EBIT": NaN,
        "Net Income": NaN
    },
    "2020-05-31": {
        "Diluted EPS": -1.27,
        "Total Revenue": NaN,
        "Gross Profit": NaN,
        "Operating Income": 475,
        "EBIT": NaN,
        "Net Income": -334
    },
    "2020-02-29": {
        "Diluted EPS": 1.2,
        "Total Revenue": NaN,
        "Gross Profit": NaN,
        "Operating Income": 411,
        "EBIT": NaN,
        "Net Income": 315
    },
    "2019-11-30": {
        "Diluted EPS": 2.13,
        "Total Revenue": NaN,
        "Gross Profit": NaN,
        "Operating Income": 554,
        "EBIT": NaN,
        "Net Income": 560
    },
    "2019-08-31": {
        "Diluted EPS": 2.84,
        "Total Revenue": NaN,
        "Gross Profit": NaN,
        "Operating Income": 977,
        "EBIT": NaN,
        "Net Income": 745
    },
    "2019-05-31": {
        "Diluted EPS": -7.38,
        "Total Revenue": NaN,
        "Gross Profit": NaN,
        "Operating Income": NaN,
        "EBIT": NaN,
        "Net Income": NaN
    },
    "2019-02-28": {
        "Diluted EPS": 2.8,
        "Total Revenue": NaN,
        "Gross Profit": NaN,
        "Operating Income": 911,
        "EBIT": NaN,
        "Net Income": 739
    },
    "2018-11-30": {
        "Diluted EPS": 3.51,
        "Total Revenue": NaN,
        "Gross Profit": NaN,
        "Operating Income": NaN,
        "EBIT": NaN,
        "Net Income": 935
    },
    "2018-08-31": {
        "Diluted EPS": 3.1,
        "Total Revenue": NaN,
        "Gross Profit": NaN,
        "Operating Income": NaN,
        "EBIT": NaN,
        "Net Income": 835
    },
    "2018-05-31": {
        "Diluted EPS": 4.17,
        "Total Revenue": NaN,
        "Gross Profit": NaN,
        "Operating Income": NaN,
        "EBIT": NaN,
        "Net Income": NaN
    },
    "2018-02-28": {
        "Diluted EPS": 7.59,
        "Total Revenue": NaN,
        "Gross Profit": NaN,
        "Operating Income": 858,
        "EBIT": NaN,
        "Net Income": NaN
    },
    "2017-11-30": {
        "Diluted EPS": 2.84,
        "Total Revenue": NaN,
        "Gross Profit": NaN,
        "Operating Income": NaN,
        "EBIT": NaN,
        "Net Income": 775
    },
    "2017-08-31": {
        "Diluted EPS": 2.19,
        "Total Revenue": NaN,
        "Gross Profit": NaN,
        "Operating Income": 971,
        "EBIT": NaN,
        "Net Income": 596
    },
    "2017-05-31": {
        "Diluted EPS": 3.76,
        "Total Revenue": NaN,
        "Gross Profit": NaN,
        "Operating Income": NaN,
        "EBIT": NaN,
        "Net Income": NaN
    },
    "2017-02-28": {
        "Diluted EPS": 2.07,
        "Total Revenue": NaN,
        "Gross Profit": NaN,
        "Operating Income": NaN,
        "EBIT": NaN,
        "Net Income": 562
    },
    "2016-11-30": {
        "Diluted EPS": 2.59,
        "Total Revenue": NaN,
        "Gross Profit": NaN,
        "Operating Income": NaN,
        "EBIT": NaN,
        "Net Income": 700
    },
    "2016-08-31": {
        "Diluted EPS": 2.65,
        "Total Revenue": NaN,
        "Gross Profit": NaN,
        "Operating Income": NaN,
        "EBIT": NaN,
        "Net Income": 715
    },
    "2016-05-31": {
        "Diluted EPS": -0.19,
        "Total Revenue": NaN,
        "Gross Profit": NaN,
        "Operating Income": -68,
        "EBIT": 599,
        "Net Income": -70
    },
    "2016-02-29": {
        "Diluted EPS": 1.84,
        "Total Revenue": NaN,
        "Gross Profit": NaN,
        "Operating Income": 864,
        "EBIT": NaN,
        "Net Income": 507
    },
    "2015-11-30": {
        "Diluted EPS": 2.44,
        "Total Revenue": NaN,
        "Gross Profit": NaN,
        "Operating Income": NaN,
        "EBIT": NaN,
        "Net Income": 691
    },
    "2015-08-31": {
        "Diluted EPS": 2.42,
        "Total Revenue": NaN,
        "Gross Profit": NaN,
        "Operating Income": NaN,
        "EBIT": NaN,
        "Net Income": 692
    },
    "2015-05-31": {
        "Diluted EPS": -3.1,
        "Total Revenue": NaN,
        "Gross Profit": NaN,
        "Operating Income": NaN,
        "EBIT": -664,
        "Net Income": -894
    },
    "2015-02-28": {
        "Diluted EPS": 2.18,
        "Total Revenue": NaN,
        "Gross Profit": NaN,
        "Operating Income": NaN,
        "EBIT": NaN,
        "Net Income": 628
    },
    "2014-11-30": {
        "Diluted EPS": 2.31,
        "Total Revenue": NaN,
        "Gross Profit": NaN,
        "Operating Income": NaN,
        "EBIT": NaN,
        "Net Income": 663
    },
    "2014-08-31": {
        "Diluted EPS": 2.26,
        "Total Revenue": NaN,
        "Gross Profit": NaN,
        "Operating Income": NaN,
        "EBIT": NaN,
        "Net Income": 653
    },
    "2014-05-31": {
        "Diluted EPS": 3.15,
        "Total Revenue": NaN,
        "Gross Profit": NaN,
        "Operating Income": NaN,
        "EBIT": NaN,
        "Net Income": 957
    },
    "2014-02-28": {
        "Diluted EPS": 1.23,
        "Total Revenue": NaN,
        "Gross Profit": NaN,
        "Operating Income": 641,
        "EBIT": NaN,
        "Net Income": 378
    },
    "2013-11-30": {
        "Diluted EPS": 1.57,
        "Total Revenue": NaN,
        "Gross Profit": NaN,
        "Operating Income": 827,
        "EBIT": NaN,
        "Net Income": 500
    },
    "2013-08-31": {
        "Diluted EPS": 1.53,
        "Total Revenue": NaN,
        "Gross Profit": NaN,
        "Operating Income": 795,
        "EBIT": NaN,
        "Net Income": 489
    },
    "2013-05-31": {
        "Diluted EPS": 4.58,
        "Total Revenue": NaN,
        "Gross Profit": NaN,
        "Operating Income": NaN,
        "EBIT": NaN,
        "Net Income": NaN
    },
    "2013-02-28": {
        "Diluted EPS": 1.13,
        "Total Revenue": NaN,
        "Gross Profit": NaN,
        "Operating Income": 589,
        "EBIT": NaN,
        "Net Income": 361
    },
    "2012-11-30": {
        "Diluted EPS": 1.39,
        "Total Revenue": NaN,
        "Gross Profit": NaN,
        "Operating Income": 718,
        "EBIT": NaN,
        "Net Income": 438
    },
    "2012-08-31": {
        "Diluted EPS": 1.45,
        "Total Revenue": NaN,
        "Gross Profit": NaN,
        "Operating Income": 742,
        "EBIT": NaN,
        "Net Income": 459
    },
    "2012-05-31": {
        "Diluted EPS": 1.73,
        "Total Revenue": NaN,
        "Gross Profit": NaN,
        "Operating Income": 856,
        "EBIT": NaN,
        "Net Income": 550
    },
    "2012-02-29": {
        "Diluted EPS": 1.65,
        "Total Revenue": NaN,
        "Gross Profit": NaN,
        "Operating Income": 813,
        "EBIT": NaN,
        "Net Income": 521
    },
    "2011-11-30": {
        "Diluted EPS": 1.57,
        "Total Revenue": NaN,
        "Gross Profit": NaN,
        "Operating Income": 780,
        "EBIT": NaN,
        "Net Income": 497
    },
    "2011-08-31": {
        "Diluted EPS": 1.46,
        "Total Revenue": NaN,
        "Gross Profit": NaN,
        "Operating Income": 737,
        "EBIT": NaN,
        "Net Income": 464
    },
    "2011-05-31": {
        "Diluted EPS": 1.75,
        "Total Revenue": NaN,
        "Gross Profit": NaN,
        "Operating Income": 888,
        "EBIT": NaN,
        "Net Income": 558
    },
    "2011-02-28": {
        "Diluted EPS": 0.73,
        "Total Revenue": NaN,
        "Gross Profit": NaN,
        "Operating Income": 393,
        "EBIT": 886,
        "Net Income": 231
    },
    "2010-11-30": {
        "Diluted EPS": 0.89,
        "Total Revenue": NaN,
        "Gross Profit": NaN,
        "Operating Income": 469,
        "EBIT": 971,
        "Net Income": 283
    },
    "2010-08-31": {
        "Diluted EPS": 1.2,
        "Total Revenue": NaN,
        "Gross Profit": NaN,
        "Operating Income": 628,
        "EBIT": NaN,
        "Net Income": 380
    },
    "2010-05-31": {
        "Diluted EPS": 1.32,
        "Total Revenue": NaN,
        "Gross Profit": NaN,
        "Operating Income": 696,
        "EBIT": NaN,
        "Net Income": 419
    },
    "2010-02-28": {
        "Diluted EPS": 0.76,
        "Total Revenue": NaN,
        "Gross Profit": NaN,
        "Operating Income": 416,
        "EBIT": 904,
        "Net Income": 239
    },
    "2009-11-30": {
        "Diluted EPS": 1.1,
        "Total Revenue": NaN,
        "Gross Profit": NaN,
        "Operating Income": 571,
        "EBIT": NaN,
        "Net Income": 345
    },
    "2009-08-31": {
        "Diluted EPS": 0.58,
        "Total Revenue": NaN,
        "Gross Profit": NaN,
        "Operating Income": 315,
        "EBIT": 810,
        "Net Income": 181
    },
    "2009-05-31": {
        "Diluted EPS": -2.81,
        "Total Revenue": NaN,
        "Gross Profit": NaN,
        "Operating Income": -849,
        "EBIT": -353,
        "Net Income": -876
    },
    "2009-02-28": {
        "Diluted EPS": 0.31,
        "Total Revenue": NaN,
        "Gross Profit": NaN,
        "Operating Income": 182,
        "EBIT": 678,
        "Net Income": 97
    },
    "2023-08-31": {
        "Tax Effect Of Unusual Items": NaN,
        "Tax Rate For Calcs": NaN,
        "Normalized EBITDA": NaN,
        "Total Unusual Items": NaN,
        "Total Unusual Items Excluding Goodwill": NaN,
        "Net Income From Continuing Operation Net Minority Interest": NaN,
        "Reconciled Depreciation": NaN,
        "Reconciled Cost Of Revenue": NaN,
        "EBITDA": NaN,
        "EBIT": NaN,
        "Net Interest Income": NaN,
        "Normalized Income": NaN,
        "Net Income From Continuing And Discontinued Operation": NaN,
        "Total Expenses": NaN,
        "Rent Expense Supplemental": NaN,
        "Total Operating Income As Reported": NaN,
        "Diluted Average Shares": NaN,
        "Basic Average Shares": NaN,
        "Diluted EPS": NaN,
        "Basic EPS": NaN,
        "Diluted NI Availto Com Stockholders": NaN,
        "Net Income Common Stockholders": NaN,
        "Otherunder Preferred Stock Dividend": NaN,
        "Net Income": NaN,
        "Net Income Including Noncontrolling Interests": NaN,
        "Net Income Continuous Operations": NaN,
        "Tax Provision": NaN,
        "Pretax Income": NaN,
        "Other Income Expense": NaN,
        "Other Non Operating Income Expenses": NaN,
        "Special Income Charges": NaN,
        "Restructuring And Mergern Acquisition": NaN,
        "Net Non Operating Interest Income Expense": NaN,
        "Total Other Finance Cost": NaN,
        "Operating Income": NaN,
        "Operating Expense": NaN,
        "Other Operating Expenses": NaN,
        "Selling General And Administration": -39000000.0,
        "General And Administrative Expense": -39000000.0,
        "Salaries And Wages": -39000000.0,
        "Gross Profit": NaN,
        "Cost Of Revenue": NaN,
        "Total Revenue": NaN,
        "Operating Revenue": NaN
    },
    "2023-11-30": {
        "Tax Effect Of Unusual Items": NaN,
        "Tax Rate For Calcs": NaN,
        "Normalized EBITDA": NaN,
        "Total Unusual Items": NaN,
        "Total Unusual Items Excluding Goodwill": NaN,
        "Net Income From Continuing Operation Net Minority Interest": NaN,
        "Reconciled Depreciation": NaN,
        "Reconciled Cost Of Revenue": NaN,
        "EBITDA": NaN,
        "EBIT": NaN,
        "Net Interest Income": NaN,
        "Normalized Income": NaN,
        "Net Income From Continuing And Discontinued Operation": NaN,
        "Total Expenses": NaN,
        "Rent Expense Supplemental": NaN,
        "Total Operating Income As Reported": NaN,
        "Diluted Average Shares": NaN,
        "Basic Average Shares": NaN,
        "Diluted EPS": NaN,
        "Basic EPS": NaN,
        "Diluted NI Availto Com Stockholders": NaN,
        "Net Income Common Stockholders": NaN,
        "Otherunder Preferred Stock Dividend": NaN,
        "Net Income": NaN,
        "Net Income Including Noncontrolling Interests": NaN,
        "Net Income Continuous Operations": NaN,
        "Tax Provision": NaN,
        "Pretax Income": NaN,
        "Other Income Expense": NaN,
        "Other Non Operating Income Expenses": NaN,
        "Special Income Charges": NaN,
        "Restructuring And Mergern Acquisition": NaN,
        "Net Non Operating Interest Income Expense": NaN,
        "Total Other Finance Cost": 97000000.0,
        "Operating Income": NaN,
        "Operating Expense": NaN,
        "Other Operating Expenses": NaN,
        "Selling General And Administration": -41000000.0,
        "General And Administrative Expense": -41000000.0,
        "Salaries And Wages": -41000000.0,
        "Gross Profit": NaN,
        "Cost Of Revenue": NaN,
        "Total Revenue": NaN,
        "Operating Revenue": NaN
    },
    "2024-02-29": {
        "Tax Effect Of Unusual Items": NaN,
        "Tax Rate For Calcs": NaN,
        "Normalized EBITDA": NaN,
        "Total Unusual Items": NaN,
        "Total Unusual Items Excluding Goodwill": NaN,
        "Net Income From Continuing Operation Net Minority Interest": NaN,
        "Reconciled Depreciation": NaN,
        "Reconciled Cost Of Revenue": NaN,
        "EBITDA": NaN,
        "EBIT": NaN,
        "Net Interest Income": NaN,
        "Normalized Income": NaN,
        "Net Income From Continuing And Discontinued Operation": NaN,
        "Total Expenses": NaN,
        "Rent Expense Supplemental": NaN,
        "Total Operating Income As Reported": NaN,
        "Diluted Average Shares": NaN,
        "Basic Average Shares": NaN,
        "Diluted EPS": NaN,
        "Basic EPS": NaN,
        "Diluted NI Availto Com Stockholders": NaN,
        "Net Income Common Stockholders": NaN,
        "Otherunder Preferred Stock Dividend": NaN,
        "Net Income": NaN,
        "Net Income Including Noncontrolling Interests": NaN,
        "Net Income Continuous Operations": NaN,
        "Tax Provision": NaN,
        "Pretax Income": NaN,
        "Other Income Expense": NaN,
        "Other Non Operating Income Expenses": NaN,
        "Special Income Charges": NaN,
        "Restructuring And Mergern Acquisition": NaN,
        "Net Non Operating Interest Income Expense": NaN,
        "Total Other Finance Cost": 91000000.0,
        "Operating Income": NaN,
        "Operating Expense": NaN,
        "Other Operating Expenses": NaN,
        "Selling General And Administration": -40000000.0,
        "General And Administrative Expense": -40000000.0,
        "Salaries And Wages": -40000000.0,
        "Gross Profit": NaN,
        "Cost Of Revenue": NaN,
        "Total Revenue": NaN,
        "Operating Revenue": NaN
    },
    "2024-05-31": {
        "Tax Effect Of Unusual Items": NaN,
        "Tax Rate For Calcs": NaN,
        "Normalized EBITDA": NaN,
        "Total Unusual Items": NaN,
        "Total Unusual Items Excluding Goodwill": NaN,
        "Net Income From Continuing Operation Net Minority Interest": NaN,
        "Reconciled Depreciation": NaN,
        "Reconciled Cost Of Revenue": NaN,
        "EBITDA": NaN,
        "EBIT": NaN,
        "Net Interest Income": NaN,
        "Normalized Income": NaN,
        "Net Income From Continuing And Discontinued Operation": NaN,
        "Total Expenses": NaN,
        "Rent Expense Supplemental": NaN,
        "Total Operating Income As Reported": NaN,
        "Diluted Average Shares": NaN,
        "Basic Average Shares": NaN,
        "Diluted EPS": NaN,
        "Basic EPS": NaN,
        "Diluted NI Availto Com Stockholders": NaN,
        "Net Income Common Stockholders": NaN,
        "Otherunder Preferred Stock Dividend": NaN,
        "Net Income": NaN,
        "Net Income Including Noncontrolling Interests": NaN,
        "Net Income Continuous Operations": NaN,
        "Tax Provision": NaN,
        "Pretax Income": NaN,
        "Other Income Expense": NaN,
        "Other Non Operating Income Expenses": NaN,
        "Special Income Charges": NaN,
        "Restructuring And Mergern Acquisition": NaN,
        "Net Non Operating Interest Income Expense": NaN,
        "Total Other Finance Cost": NaN,
        "Operating Income": NaN,
        "Operating Expense": NaN,
        "Other Operating Expenses": NaN,
        "Selling General And Administration": -602000000.0,
        "General And Administrative Expense": -602000000.0,
        "Salaries And Wages": -602000000.0,
        "Gross Profit": NaN,
        "Cost Of Revenue": NaN,
        "Total Revenue": NaN,
        "Operating Revenue": NaN
    },
    "2024-08-31": {
        "Tax Effect Of Unusual Items": NaN,
        "Tax Rate For Calcs": NaN,
        "Normalized EBITDA": NaN,
        "Total Unusual Items": NaN,
        "Total Unusual Items Excluding Goodwill": NaN,
        "Net Income From Continuing Operation Net Minority Interest": NaN,
        "Reconciled Depreciation": NaN,
        "Reconciled Cost Of Revenue": NaN,
        "EBITDA": NaN,
        "EBIT": NaN,
        "Net Interest Income": NaN,
        "Normalized Income": NaN,
        "Net Income From Continuing And Discontinued Operation": NaN,
        "Total Expenses": NaN,
        "Rent Expense Supplemental": NaN,
        "Total Operating Income As Reported": NaN,
        "Diluted Average Shares": NaN,
        "Basic Average Shares": NaN,
        "Diluted EPS": NaN,
        "Basic EPS": NaN,
        "Diluted NI Availto Com Stockholders": NaN,
        "Net Income Common Stockholders": NaN,
        "Otherunder Preferred Stock Dividend": NaN,
        "Net Income": NaN,
        "Net Income Including Noncontrolling Interests": NaN,
        "Net Income Continuous Operations": NaN,
        "Tax Provision": NaN,
        "Pretax Income": NaN,
        "Other Income Expense": NaN,
        "Other Non Operating Income Expenses": NaN,
        "Special Income Charges": NaN,
        "Restructuring And Mergern Acquisition": NaN,
        "Net Non Operating Interest Income Expense": NaN,
        "Total Other Finance Cost": 84000000.0,
        "Operating Income": NaN,
        "Operating Expense": NaN,
        "Other Operating Expenses": NaN,
        "Selling General And Administration": NaN,
        "General And Administrative Expense": NaN,
        "Salaries And Wages": NaN,
        "Gross Profit": NaN,
        "Cost Of Revenue": NaN,
        "Total Revenue": NaN,
        "Operating Revenue": NaN
    },
    "2024-11-30": {
        "Tax Effect Of Unusual Items": -79870000.0,
        "Tax Rate For Calcs": 0.245,
        "Normalized EBITDA": 2767000000.0,
        "Total Unusual Items": -326000000.0,
        "Total Unusual Items Excluding Goodwill": -326000000.0,
        "Net Income From Continuing Operation Net Minority Interest": 741000000.0,
        "Reconciled Depreciation": 1063000000.0,
        "Reconciled Cost Of Revenue": 17388000000.0,
        "EBITDA": 2441000000.0,
        "EBIT": 1378000000.0,
        "Net Interest Income": -102000000.0,
        "Normalized Income": 987130000.0,
        "Net Income From Continuing And Discontinued Operation": 741000000.0,
        "Total Expenses": 20589000000.0,
        "Rent Expense Supplemental": 1168000000.0,
        "Total Operating Income As Reported": 1052000000.0,
        "Diluted Average Shares": 244000000.0,
        "Basic Average Shares": 242000000.0,
        "Diluted EPS": 3.03,
        "Basic EPS": 3.06,
        "Diluted NI Availto Com Stockholders": 739000000.0,
        "Net Income Common Stockholders": 739000000.0,
        "Otherunder Preferred Stock Dividend": 2000000.0,
        "Net Income": 741000000.0,
        "Net Income Including Noncontrolling Interests": 741000000.0,
        "Net Income Continuous Operations": 741000000.0,
        "Tax Provision": 240000000.0,
        "Pretax Income": 981000000.0,
        "Other Income Expense": -295000000.0,
        "Other Non Operating Income Expenses": 31000000.0,
        "Special Income Charges": -326000000.0,
        "Restructuring And Mergern Acquisition": 326000000.0,
        "Net Non Operating Interest Income Expense": -102000000.0,
        "Total Other Finance Cost": 102000000.0,
        "Operating Income": 1378000000.0,
        "Operating Expense": 3201000000.0,
        "Other Operating Expenses": 3201000000.0,
        "Selling General And Administration": NaN,
        "General And Administrative Expense": NaN,
        "Salaries And Wages": NaN,
        "Gross Profit": 4579000000.0,
        "Cost Of Revenue": 17388000000.0,
        "Total Revenue": 21967000000.0,
        "Operating Revenue": 21967000000.0
    },
    "2025-02-28": {
        "Tax Effect Of Unusual Items": -41170000.0,
        "Tax Rate For Calcs": 0.23,
        "Normalized EBITDA": 2716000000.0,
        "Total Unusual Items": -179000000.0,
        "Total Unusual Items Excluding Goodwill": -179000000.0,
        "Net Income From Continuing Operation Net Minority Interest": 909000000.0,
        "Reconciled Depreciation": 1066000000.0,
        "Reconciled Cost Of Revenue": 17429000000.0,
        "EBITDA": 2537000000.0,
        "EBIT": 1471000000.0,
        "Net Interest Income": -116000000.0,
        "Normalized Income": 1046830000.0,
        "Net Income From Continuing And Discontinued Operation": 909000000.0,
        "Total Expenses": 20689000000.0,
        "Rent Expense Supplemental": 1178000000.0,
        "Total Operating Income As Reported": 1292000000.0,
        "Diluted Average Shares": 242000000.0,
        "Basic Average Shares": 242000000.0,
        "Diluted EPS": 3.756198,
        "Basic EPS": 3.756198,
        "Diluted NI Availto Com Stockholders": 908000000.0,
        "Net Income Common Stockholders": 908000000.0,
        "Otherunder Preferred Stock Dividend": 1000000.0,
        "Net Income": 909000000.0,
        "Net Income Including Noncontrolling Interests": 909000000.0,
        "Net Income Continuous Operations": 909000000.0,
        "Tax Provision": 272000000.0,
        "Pretax Income": 1181000000.0,
        "Other Income Expense": -174000000.0,
        "Other Non Operating Income Expenses": 5000000.0,
        "Special Income Charges": -179000000.0,
        "Restructuring And Mergern Acquisition": 179000000.0,
        "Net Non Operating Interest Income Expense": -116000000.0,
        "Total Other Finance Cost": 116000000.0,
        "Operating Income": 1471000000.0,
        "Operating Expense": 3260000000.0,
        "Other Operating Expenses": 3260000000.0,
        "Selling General And Administration": NaN,
        "General And Administrative Expense": NaN,
        "Salaries And Wages": NaN,
        "Gross Profit": 4731000000.0,
        "Cost Of Revenue": 17429000000.0,
        "Total Revenue": 22160000000.0,
        "Operating Revenue": 22160000000.0
    },
    "2025-05-31": {
        "Tax Effect Of Unusual Items": -37246963.562753,
        "Tax Rate For Calcs": 0.258659,
        "Normalized EBITDA": 3374000000.0,
        "Total Unusual Items": -144000000.0,
        "Total Unusual Items Excluding Goodwill": -144000000.0,
        "Net Income From Continuing Operation Net Minority Interest": 1648000000.0,
        "Reconciled Depreciation": 1057000000.0,
        "Reconciled Cost Of Revenue": 16911000000.0,
        "EBITDA": 3230000000.0,
        "EBIT": 2173000000.0,
        "Net Interest Income": -124000000.0,
        "Normalized Income": 1754753036.437247,
        "Net Income From Continuing And Discontinued Operation": 1648000000.0,
        "Total Expenses": 20283000000.0,
        "Rent Expense Supplemental": 1140000000.0,
        "Total Operating Income As Reported": 1793000000.0,
        "Diluted Average Shares": 239534884.0,
        "Basic Average Shares": 238000000.0,
        "Diluted EPS": 6.88,
        "Basic EPS": 6.92437,
        "Diluted NI Availto Com Stockholders": 1646000000.0,
        "Net Income Common Stockholders": 1646000000.0,
        "Otherunder Preferred Stock Dividend": 2000000.0,
        "Net Income": 1648000000.0,
        "Net Income Including Noncontrolling Interests": 1648000000.0,
        "Net Income Continuous Operations": 1648000000.0,
        "Tax Provision": 575000000.0,
        "Pretax Income": 2223000000.0,
        "Other Income Expense": 410000000.0,
        "Other Non Operating Income Expenses": 554000000.0,
        "Special Income Charges": -144000000.0,
        "Restructuring And Mergern Acquisition": 123000000.0,
        "Net Non Operating Interest Income Expense": -124000000.0,
        "Total Other Finance Cost": NaN,
        "Operating Income": 1937000000.0,
        "Operating Expense": 3372000000.0,
        "Other Operating Expenses": 3372000000.0,
        "Selling General And Administration": NaN,
        "General And Administrative Expense": NaN,
        "Salaries And Wages": NaN,
        "Gross Profit": 5309000000.0,
        "Cost Of Revenue": 16911000000.0,
        "Total Revenue": 22220000000.0,
        "Operating Revenue": 22220000000.0
    },
    "2025-08-31": {
        "Tax Effect Of Unusual Items": -30576000.0,
        "Tax Rate For Calcs": 0.273,
        "Normalized EBITDA": 2502000000.0,
        "Total Unusual Items": -112000000.0,
        "Total Unusual Items Excluding Goodwill": -112000000.0,
        "Net Income From Continuing Operation Net Minority Interest": 824000000.0,
        "Reconciled Depreciation": 1092000000.0,
        "Reconciled Cost Of Revenue": 17550000000.0,
        "EBITDA": 2390000000.0,
        "EBIT": 1298000000.0,
        "Net Interest Income": -119000000.0,
        "Normalized Income": 905424000.0,
        "Net Income From Continuing And Discontinued Operation": 824000000.0,
        "Total Expenses": 20946000000.0,
        "Rent Expense Supplemental": 1192000000.0,
        "Total Operating Income As Reported": 1186000000.0,
        "Diluted Average Shares": 238150289.0,
        "Basic Average Shares": 238000000.0,
        "Diluted EPS": 3.46,
        "Basic EPS": 3.462185,
        "Diluted NI Availto Com Stockholders": 823000000.0,
        "Net Income Common Stockholders": 823000000.0,
        "Otherunder Preferred Stock Dividend": 1000000.0,
        "Net Income": 824000000.0,
        "Net Income Including Noncontrolling Interests": 824000000.0,
        "Net Income Continuous Operations": 824000000.0,
        "Tax Provision": 310000000.0,
        "Pretax Income": 1134000000.0,
        "Other Income Expense": -45000000.0,
        "Other Non Operating Income Expenses": 67000000.0,
        "Special Income Charges": -112000000.0,
        "Restructuring And Mergern Acquisition": 112000000.0,
        "Net Non Operating Interest Income Expense": -119000000.0,
        "Total Other Finance Cost": 119000000.0,
        "Operating Income": 1298000000.0,
        "Operating Expense": 3396000000.0,
        "Other Operating Expenses": 3396000000.0,
        "Selling General And Administration": NaN,
        "General And Administrative Expense": NaN,
        "Salaries And Wages": NaN,
        "Gross Profit": 4694000000.0,
        "Cost Of Revenue": 17550000000.0,
        "Total Revenue": 22244000000.0,
        "Operating Revenue": 22244000000.0
    },
    "2025-11-30": {
        "Tax Effect Of Unusual Items": -62694000.0,
        "Tax Rate For Calcs": 0.258,
        "Normalized EBITDA": 2932000000.0,
        "Total Unusual Items": -243000000.0,
        "Total Unusual Items Excluding Goodwill": -243000000.0,
        "Net Income From Continuing Operation Net Minority Interest": 956000000.0,
        "Reconciled Depreciation": 1068000000.0,
        "Reconciled Cost Of Revenue": 18337000000.0,
        "EBITDA": 2689000000.0,
        "EBIT": 1621000000.0,
        "Net Interest Income": -135000000.0,
        "Normalized Income": 1136306000.0,
        "Net Income From Continuing And Discontinued Operation": 956000000.0,
        "Total Expenses": 21848000000.0,
        "Rent Expense Supplemental": 1211000000.0,
        "Total Operating Income As Reported": 1378000000.0,
        "Diluted Average Shares": 236000000.0,
        "Basic Average Shares": 235000000.0,
        "Diluted EPS": 4.04,
        "Basic EPS": 4.07,
        "Diluted NI Availto Com Stockholders": 955000000.0,
        "Net Income Common Stockholders": 955000000.0,
        "Otherunder Preferred Stock Dividend": 1000000.0,
        "Net Income": 956000000.0,
        "Net Income Including Noncontrolling Interests": 956000000.0,
        "Net Income Continuous Operations": 956000000.0,
        "Tax Provision": 333000000.0,
        "Pretax Income": 1289000000.0,
        "Other Income Expense": -197000000.0,
        "Other Non Operating Income Expenses": 46000000.0,
        "Special Income Charges": -243000000.0,
        "Restructuring And Mergern Acquisition": 243000000.0,
        "Net Non Operating Interest Income Expense": -135000000.0,
        "Total Other Finance Cost": 135000000.0,
        "Operating Income": 1621000000.0,
        "Operating Expense": 3511000000.0,
        "Other Operating Expenses": 3511000000.0,
        "Selling General And Administration": NaN,
        "General And Administrative Expense": NaN,
        "Salaries And Wages": NaN,
        "Gross Profit": 5132000000.0,
        "Cost Of Revenue": 18337000000.0,
        "Total Revenue": 23469000000.0,
        "Operating Revenue": 23469000000.0
    }
}