{
    "2023-03-31": {
        "Tax Effect Of Unusual Items": NaN,
        "Tax Rate For Calcs": NaN,
        "Normalized EBITDA": NaN,
        "Total Unusual Items": 0.0,
        "Total Unusual Items Excluding Goodwill": 0.0,
        "Net Income From Continuing Operation Net Minority Interest": NaN,
        "Reconciled Depreciation": NaN,
        "Reconciled Cost Of Revenue": NaN,
        "EBITDA": NaN,
        "EBIT": NaN,
        "Net Interest Income": NaN,
        "Interest Expense": NaN,
        "Normalized Income": NaN,
        "Net Income From Continuing And Discontinued Operation": NaN,
        "Total Expenses": NaN,
        "Total Operating Income As Reported": NaN,
        "Diluted Average Shares": 573000000.0,
        "Basic Average Shares": 572000000.0,
        "Diluted EPS": 0.51,
        "Basic EPS": 0.51,
        "Diluted NI Availto Com Stockholders": NaN,
        "Net Income Common Stockholders": NaN,
        "Net Income": NaN,
        "Minority Interests": NaN,
        "Net Income Including Noncontrolling Interests": NaN,
        "Net Income Discontinuous Operations": NaN,
        "Net Income Continuous Operations": NaN,
        "Tax Provision": NaN,
        "Pretax Income": NaN,
        "Other Income Expense": NaN,
        "Other Non Operating Income Expenses": NaN,
        "Special Income Charges": 0.0,
        "Other Special Charges": NaN,
        "Earnings From Equity Interest": NaN,
        "Net Non Operating Interest Income Expense": NaN,
        "Interest Expense Non Operating": NaN,
        "Operating Income": NaN,
        "Operating Expense": NaN,
        "Other Operating Expenses": NaN,
        "Other Taxes": NaN,
        "Depreciation Amortization Depletion Income Statement": 361000000.0,
        "Depreciation And Amortization In Income Statement": 361000000.0,
        "Depreciation Income Statement": 361000000.0,
        "Selling General And Administration": NaN,
        "General And Administrative Expense": NaN,
        "Salaries And Wages": NaN,
        "Gross Profit": NaN,
        "Cost Of Revenue": NaN,
        "Total Revenue": NaN,
        "Operating Revenue": NaN
    },
    "2022-12-31": {
        "Tax Effect Of Unusual Items": NaN,
        "Tax Rate For Calcs": NaN,
        "Normalized EBITDA": NaN,
        "Total Unusual Items": NaN,
        "Total Unusual Items Excluding Goodwill": NaN,
        "Net Income From Continuing Operation Net Minority Interest": NaN,
        "Reconciled Depreciation": NaN,
        "Reconciled Cost Of Revenue": NaN,
        "EBITDA": NaN,
        "EBIT": NaN,
        "Net Interest Income": NaN,
        "Interest Expense": NaN,
        "Normalized Income": NaN,
        "Net Income From Continuing And Discontinued Operation": NaN,
        "Total Expenses": NaN,
        "Total Operating Income As Reported": NaN,
        "Diluted Average Shares": NaN,
        "Basic Average Shares": NaN,
        "Diluted EPS": NaN,
        "Basic EPS": NaN,
        "Diluted NI Availto Com Stockholders": NaN,
        "Net Income Common Stockholders": NaN,
        "Net Income": NaN,
        "Minority Interests": NaN,
        "Net Income Including Noncontrolling Interests": NaN,
        "Net Income Discontinuous Operations": 0.0,
        "Net Income Continuous Operations": NaN,
        "Tax Provision": NaN,
        "Pretax Income": NaN,
        "Other Income Expense": NaN,
        "Other Non Operating Income Expenses": NaN,
        "Special Income Charges": NaN,
        "Gain On Sale Of Business": 0.0,
        "Other Special Charges": 16000000.0,
        "Earnings From Equity Interest": NaN,
        "Net Non Operating Interest Income Expense": NaN,
        "Interest Expense Non Operating": NaN,
        "Operating Income": NaN,
        "Operating Expense": NaN,
        "Other Operating Expenses": NaN,
        "Other Taxes": NaN,
        "Depreciation Amortization Depletion Income Statement": NaN,
        "Depreciation And Amortization In Income Statement": NaN,
        "Depreciation Income Statement": NaN,
        "Selling General And Administration": NaN,
        "General And Administrative Expense": NaN,
        "Salaries And Wages": NaN,
        "Gross Profit": NaN,
        "Cost Of Revenue": NaN,
        "Total Revenue": NaN,
        "Operating Revenue": NaN
    },
    "2022-09-30": {
        "Tax Effect Of Unusual Items": NaN,
        "Tax Rate For Calcs": NaN,
        "Normalized EBITDA": NaN,
        "Total Unusual Items": NaN,
        "Total Unusual Items Excluding Goodwill": NaN,
        "Net Income From Continuing Operation Net Minority Interest": NaN,
        "Reconciled Depreciation": NaN,
        "Reconciled Cost Of Revenue": NaN,
        "EBITDA": NaN,
        "EBIT": NaN,
        "Net Interest Income": NaN,
        "Interest Expense": NaN,
        "Normalized Income": NaN,
        "Net Income From Continuing And Discontinued Operation": NaN,
        "Total Expenses": NaN,
        "Total Operating Income As Reported": NaN,
        "Diluted Average Shares": 572000000.0,
        "Basic Average Shares": 571000000.0,
        "Diluted EPS": 0.58,
        "Basic EPS": 0.58,
        "Diluted NI Availto Com Stockholders": NaN,
        "Net Income Common Stockholders": NaN,
        "Net Income": NaN,
        "Minority Interests": NaN,
        "Net Income Including Noncontrolling Interests": NaN,
        "Net Income Discontinuous Operations": 0.0,
        "Net Income Continuous Operations": NaN,
        "Tax Provision": NaN,
        "Pretax Income": NaN,
        "Other Income Expense": NaN,
        "Other Non Operating Income Expenses": NaN,
        "Special Income Charges": NaN,
        "Gain On Sale Of Business": 0.0,
        "Other Special Charges": -1000000.0,
        "Earnings From Equity Interest": NaN,
        "Net Non Operating Interest Income Expense": NaN,
        "Interest Expense Non Operating": NaN,
        "Operating Income": NaN,
        "Operating Expense": NaN,
        "Other Operating Expenses": NaN,
        "Other Taxes": NaN,
        "Depreciation Amortization Depletion Income Statement": NaN,
        "Depreciation And Amortization In Income Statement": NaN,
        "Depreciation Income Statement": NaN,
        "Selling General And Administration": 0.0,
        "General And Administrative Expense": NaN,
        "Salaries And Wages": 0.0,
        "Gross Profit": NaN,
        "Cost Of Revenue": NaN,
        "Total Revenue": NaN,
        "Operating Revenue": NaN
    },
    "2022-06-30": {
        "Tax Effect Of Unusual Items": -23954000.0,
        "Tax Rate For Calcs": 0.203,
        "Normalized EBITDA": 955000000.0,
        "Total Unusual Items": -118000000.0,
        "Total Unusual Items Excluding Goodwill": -118000000.0,
        "Net Income From Continuing Operation Net Minority Interest": 187000000.0,
        "Reconciled Depreciation": 335000000.0,
        "Reconciled Cost Of Revenue": 1005000000.0,
        "EBITDA": 837000000.0,
        "EBIT": 489000000.0,
        "Net Interest Income": -248000000.0,
        "Interest Expense": 248000000.0,
        "Normalized Income": 281046000.0,
        "Net Income From Continuing And Discontinued Operation": 187000000.0,
        "Total Expenses": 2371000000.0,
        "Total Operating Income As Reported": 447000000.0,
        "Diluted Average Shares": 572000000.0,
        "Basic Average Shares": 571000000.0,
        "Diluted EPS": 0.33,
        "Basic EPS": 0.33,
        "Diluted NI Availto Com Stockholders": 187000000.0,
        "Net Income Common Stockholders": 187000000.0,
        "Net Income": 187000000.0,
        "Minority Interests": -5000000.0,
        "Net Income Including Noncontrolling Interests": 192000000.0,
        "Net Income Discontinuous Operations": NaN,
        "Net Income Continuous Operations": 192000000.0,
        "Tax Provision": 49000000.0,
        "Pretax Income": 241000000.0,
        "Other Income Expense": 42000000.0,
        "Other Non Operating Income Expenses": 160000000.0,
        "Special Income Charges": -118000000.0,
        "Gain On Sale Of Business": 0.0,
        "Other Special Charges": 118000000.0,
        "Earnings From Equity Interest": NaN,
        "Net Non Operating Interest Income Expense": -248000000.0,
        "Interest Expense Non Operating": 248000000.0,
        "Operating Income": 447000000.0,
        "Operating Expense": 1379000000.0,
        "Other Operating Expenses": 767000000.0,
        "Other Taxes": 264000000.0,
        "Depreciation Amortization Depletion Income Statement": 348000000.0,
        "Depreciation And Amortization In Income Statement": 348000000.0,
        "Depreciation Income Statement": 348000000.0,
        "Selling General And Administration": NaN,
        "General And Administrative Expense": NaN,
        "Salaries And Wages": NaN,
        "Gross Profit": 1826000000.0,
        "Cost Of Revenue": 992000000.0,
        "Total Revenue": 2818000000.0,
        "Operating Revenue": 2610000000.0
    },
    "2023-06-30": {
        "Tax Effect Of Unusual Items": NaN,
        "Tax Rate For Calcs": NaN,
        "Normalized EBITDA": NaN,
        "Total Unusual Items": NaN,
        "Total Unusual Items Excluding Goodwill": NaN,
        "Net Income From Continuing Operation Net Minority Interest": NaN,
        "Reconciled Depreciation": NaN,
        "Reconciled Cost Of Revenue": NaN,
        "EBITDA": NaN,
        "EBIT": NaN,
        "Net Interest Income": NaN,
        "Interest Expense": NaN,
        "Normalized Income": NaN,
        "Net Income From Continuing And Discontinued Operation": NaN,
        "Total Expenses": NaN,
        "Total Operating Income As Reported": NaN,
        "Diluted Average Shares": 574000000.0,
        "Basic Average Shares": 573000000.0,
        "Diluted EPS": 0.41,
        "Basic EPS": 0.41,
        "Diluted NI Availto Com Stockholders": NaN,
        "Net Income Common Stockholders": NaN,
        "Net Income": NaN,
        "Minority Interests": NaN,
        "Net Income Including Noncontrolling Interests": NaN,
        "Net Income Discontinuous Operations": NaN,
        "Net Income Continuous Operations": NaN,
        "Tax Provision": NaN,
        "Pretax Income": NaN,
        "Other Income Expense": NaN,
        "Other Non Operating Income Expenses": NaN,
        "Special Income Charges": NaN,
        "Other Special Charges": 36000000.0,
        "Earnings From Equity Interest": NaN,
        "Net Non Operating Interest Income Expense": NaN,
        "Interest Expense Non Operating": NaN,
        "Operating Income": NaN,
        "Operating Expense": NaN,
        "Other Operating Expenses": NaN,
        "Other Taxes": NaN,
        "Depreciation Amortization Depletion Income Statement": NaN,
        "Depreciation And Amortization In Income Statement": NaN,
        "Depreciation Income Statement": NaN,
        "Selling General And Administration": -59000000.0,
        "General And Administrative Expense": -59000000.0,
        "Salaries And Wages": -59000000.0,
        "Gross Profit": NaN,
        "Cost Of Revenue": NaN,
        "Total Revenue": NaN,
        "Operating Revenue": NaN
    },
    "2023-09-30": {
        "Tax Effect Of Unusual Items": NaN,
        "Tax Rate For Calcs": NaN,
        "Normalized EBITDA": NaN,
        "Total Unusual Items": 0.0,
        "Total Unusual Items Excluding Goodwill": 0.0,
        "Net Income From Continuing Operation Net Minority Interest": NaN,
        "Reconciled Depreciation": NaN,
        "Reconciled Cost Of Revenue": NaN,
        "EBITDA": NaN,
        "EBIT": NaN,
        "Net Interest Income": NaN,
        "Interest Expense": NaN,
        "Normalized Income": NaN,
        "Net Income From Continuing And Discontinued Operation": NaN,
        "Total Expenses": NaN,
        "Total Operating Income As Reported": NaN,
        "Diluted Average Shares": 574000000.0,
        "Basic Average Shares": 573000000.0,
        "Diluted EPS": 0.69,
        "Basic EPS": 0.7,
        "Diluted NI Availto Com Stockholders": NaN,
        "Net Income Common Stockholders": NaN,
        "Net Income": NaN,
        "Minority Interests": NaN,
        "Net Income Including Noncontrolling Interests": NaN,
        "Net Income Discontinuous Operations": -21000000.0,
        "Net Income Continuous Operations": NaN,
        "Tax Provision": NaN,
        "Pretax Income": NaN,
        "Other Income Expense": NaN,
        "Other Non Operating Income Expenses": NaN,
        "Special Income Charges": 0.0,
        "Other Special Charges": NaN,
        "Earnings From Equity Interest": NaN,
        "Net Non Operating Interest Income Expense": NaN,
        "Interest Expense Non Operating": NaN,
        "Operating Income": NaN,
        "Operating Expense": NaN,
        "Other Operating Expenses": NaN,
        "Other Taxes": NaN,
        "Depreciation Amortization Depletion Income Statement": NaN,
        "Depreciation And Amortization In Income Statement": NaN,
        "Depreciation Income Statement": NaN,
        "Selling General And Administration": 0.0,
        "General And Administrative Expense": NaN,
        "Salaries And Wages": 0.0,
        "Gross Profit": NaN,
        "Cost Of Revenue": NaN,
        "Total Revenue": NaN,
        "Operating Revenue": NaN
    },
    "2023-12-31": {
        "Tax Effect Of Unusual Items": NaN,
        "Tax Rate For Calcs": NaN,
        "Normalized EBITDA": NaN,
        "Total Unusual Items": 0.0,
        "Total Unusual Items Excluding Goodwill": 0.0,
        "Net Income From Continuing Operation Net Minority Interest": NaN,
        "Reconciled Depreciation": NaN,
        "Reconciled Cost Of Revenue": NaN,
        "EBITDA": NaN,
        "EBIT": NaN,
        "Net Interest Income": NaN,
        "Interest Expense": NaN,
        "Normalized Income": NaN,
        "Net Income From Continuing And Discontinued Operation": NaN,
        "Total Expenses": NaN,
        "Total Operating Income As Reported": NaN,
        "Diluted Average Shares": NaN,
        "Basic Average Shares": NaN,
        "Diluted EPS": NaN,
        "Basic EPS": NaN,
        "Diluted NI Availto Com Stockholders": NaN,
        "Net Income Common Stockholders": NaN,
        "Net Income": NaN,
        "Minority Interests": NaN,
        "Net Income Including Noncontrolling Interests": NaN,
        "Net Income Discontinuous Operations": 0.0,
        "Net Income Continuous Operations": NaN,
        "Tax Provision": NaN,
        "Pretax Income": NaN,
        "Other Income Expense": NaN,
        "Other Non Operating Income Expenses": NaN,
        "Special Income Charges": 0.0,
        "Other Special Charges": 0.0,
        "Earnings From Equity Interest": NaN,
        "Net Non Operating Interest Income Expense": NaN,
        "Interest Expense Non Operating": NaN,
        "Operating Income": NaN,
        "Operating Expense": NaN,
        "Other Operating Expenses": NaN,
        "Other Taxes": NaN,
        "Depreciation Amortization Depletion Income Statement": NaN,
        "Depreciation And Amortization In Income Statement": NaN,
        "Depreciation Income Statement": NaN,
        "Selling General And Administration": 137000000.0,
        "General And Administrative Expense": 137000000.0,
        "Salaries And Wages": 137000000.0,
        "Gross Profit": NaN,
        "Cost Of Revenue": NaN,
        "Total Revenue": NaN,
        "Operating Revenue": NaN
    },
    "2024-03-31": {
        "Tax Effect Of Unusual Items": NaN,
        "Tax Rate For Calcs": NaN,
        "Normalized EBITDA": NaN,
        "Total Unusual Items": NaN,
        "Total Unusual Items Excluding Goodwill": NaN,
        "Net Income From Continuing Operation Net Minority Interest": NaN,
        "Reconciled Depreciation": NaN,
        "Reconciled Cost Of Revenue": NaN,
        "EBITDA": NaN,
        "EBIT": NaN,
        "Net Interest Income": NaN,
        "Interest Expense": NaN,
        "Normalized Income": NaN,
        "Net Income From Continuing And Discontinued Operation": NaN,
        "Total Expenses": NaN,
        "Total Operating Income As Reported": NaN,
        "Diluted Average Shares": 576000000.0,
        "Basic Average Shares": 574000000.0,
        "Diluted EPS": 0.44,
        "Basic EPS": 0.44,
        "Diluted NI Availto Com Stockholders": NaN,
        "Net Income Common Stockholders": NaN,
        "Net Income": NaN,
        "Minority Interests": NaN,
        "Net Income Including Noncontrolling Interests": NaN,
        "Net Income Discontinuous Operations": NaN,
        "Net Income Continuous Operations": NaN,
        "Tax Provision": NaN,
        "Pretax Income": NaN,
        "Other Income Expense": NaN,
        "Other Non Operating Income Expenses": NaN,
        "Special Income Charges": NaN,
        "Other Special Charges": NaN,
        "Earnings From Equity Interest": NaN,
        "Net Non Operating Interest Income Expense": NaN,
        "Interest Expense Non Operating": NaN,
        "Operating Income": NaN,
        "Operating Expense": NaN,
        "Other Operating Expenses": NaN,
        "Other Taxes": NaN,
        "Depreciation Amortization Depletion Income Statement": NaN,
        "Depreciation And Amortization In Income Statement": NaN,
        "Depreciation Income Statement": NaN,
        "Selling General And Administration": NaN,
        "General And Administrative Expense": NaN,
        "Salaries And Wages": NaN,
        "Gross Profit": NaN,
        "Cost Of Revenue": NaN,
        "Total Revenue": NaN,
        "Operating Revenue": NaN
    },
    "2024-06-30": {
        "Tax Effect Of Unusual Items": -33895705.521472,
        "Tax Rate For Calcs": 0.398773,
        "Normalized EBITDA": 991000000.0,
        "Total Unusual Items": -85000000.0,
        "Total Unusual Items Excluding Goodwill": -85000000.0,
        "Net Income From Continuing Operation Net Minority Interest": 45000000.0,
        "Reconciled Depreciation": 487000000.0,
        "Reconciled Cost Of Revenue": 915000000.0,
        "EBITDA": 906000000.0,
        "EBIT": 419000000.0,
        "Net Interest Income": -256000000.0,
        "Interest Expense": 256000000.0,
        "Normalized Income": 96104294.478528,
        "Net Income From Continuing And Discontinued Operation": 45000000.0,
        "Total Expenses": 2865000000.0,
        "Total Operating Income As Reported": 423000000.0,
        "Diluted Average Shares": 576000000.0,
        "Basic Average Shares": 575000000.0,
        "Diluted EPS": 0.08,
        "Basic EPS": 0.08,
        "Diluted NI Availto Com Stockholders": 45000000.0,
        "Net Income Common Stockholders": 45000000.0,
        "Net Income": 45000000.0,
        "Minority Interests": -53000000.0,
        "Net Income Including Noncontrolling Interests": 98000000.0,
        "Net Income Discontinuous Operations": NaN,
        "Net Income Continuous Operations": 98000000.0,
        "Tax Provision": 65000000.0,
        "Pretax Income": 163000000.0,
        "Other Income Expense": 4000000.0,
        "Other Non Operating Income Expenses": 67000000.0,
        "Special Income Charges": -85000000.0,
        "Other Special Charges": 85000000.0,
        "Earnings From Equity Interest": 22000000.0,
        "Net Non Operating Interest Income Expense": -256000000.0,
        "Interest Expense Non Operating": 256000000.0,
        "Operating Income": 415000000.0,
        "Operating Expense": 1860000000.0,
        "Other Operating Expenses": 1170000000.0,
        "Other Taxes": 293000000.0,
        "Depreciation Amortization Depletion Income Statement": 397000000.0,
        "Depreciation And Amortization In Income Statement": 397000000.0,
        "Depreciation Income Statement": 397000000.0,
        "Selling General And Administration": 0.0,
        "General And Administrative Expense": NaN,
        "Salaries And Wages": 0.0,
        "Gross Profit": 2275000000.0,
        "Cost Of Revenue": 1005000000.0,
        "Total Revenue": 3280000000.0,
        "Operating Revenue": 3196000000.0
    },
    "2024-09-30": {
        "Tax Effect Of Unusual Items": 0.0,
        "Tax Rate For Calcs": 0.168,
        "Normalized EBITDA": 1235000000.0,
        "Total Unusual Items": 0.0,
        "Total Unusual Items Excluding Goodwill": 0.0,
        "Net Income From Continuing Operation Net Minority Interest": 419000000.0,
        "Reconciled Depreciation": 434000000.0,
        "Reconciled Cost Of Revenue": 1191000000.0,
        "EBITDA": 1235000000.0,
        "EBIT": 801000000.0,
        "Net Interest Income": -241000000.0,
        "Interest Expense": 241000000.0,
        "Normalized Income": 419000000.0,
        "Net Income From Continuing And Discontinued Operation": 419000000.0,
        "Total Expenses": 3002000000.0,
        "Total Operating Income As Reported": 727000000.0,
        "Diluted Average Shares": 577000000.0,
        "Basic Average Shares": 576000000.0,
        "Diluted EPS": 0.73,
        "Basic EPS": 0.73,
        "Diluted NI Availto Com Stockholders": 419000000.0,
        "Net Income Common Stockholders": 419000000.0,
        "Net Income": 419000000.0,
        "Minority Interests": -47000000.0,
        "Net Income Including Noncontrolling Interests": 466000000.0,
        "Net Income Discontinuous Operations": 0.0,
        "Net Income Continuous Operations": 466000000.0,
        "Tax Provision": 94000000.0,
        "Pretax Income": 560000000.0,
        "Other Income Expense": 74000000.0,
        "Other Non Operating Income Expenses": 53000000.0,
        "Special Income Charges": 0.0,
        "Other Special Charges": NaN,
        "Earnings From Equity Interest": 21000000.0,
        "Net Non Operating Interest Income Expense": -241000000.0,
        "Interest Expense Non Operating": 241000000.0,
        "Operating Income": 727000000.0,
        "Operating Expense": 1777000000.0,
        "Other Operating Expenses": 1066000000.0,
        "Other Taxes": 311000000.0,
        "Depreciation Amortization Depletion Income Statement": 400000000.0,
        "Depreciation And Amortization In Income Statement": 400000000.0,
        "Depreciation Income Statement": 400000000.0,
        "Selling General And Administration": NaN,
        "General And Administrative Expense": NaN,
        "Salaries And Wages": NaN,
        "Gross Profit": 2504000000.0,
        "Cost Of Revenue": 1225000000.0,
        "Total Revenue": 3729000000.0,
        "Operating Revenue": 3625000000.0
    },
    "2024-12-31": {
        "Tax Effect Of Unusual Items": 0.0,
        "Tax Rate For Calcs": 0.218997,
        "Normalized EBITDA": 1021000000.0,
        "Total Unusual Items": 0.0,
        "Total Unusual Items Excluding Goodwill": 0.0,
        "Net Income From Continuing Operation Net Minority Interest": 261000000.0,
        "Reconciled Depreciation": 391000000.0,
        "Reconciled Cost Of Revenue": 1017000000.0,
        "EBITDA": 1021000000.0,
        "EBIT": 618000000.0,
        "Net Interest Income": -239000000.0,
        "Interest Expense": 239000000.0,
        "Normalized Income": 261000000.0,
        "Net Income From Continuing And Discontinued Operation": 261000000.0,
        "Total Expenses": 2563000000.0,
        "Total Operating Income As Reported": 613000000.0,
        "Diluted Average Shares": NaN,
        "Basic Average Shares": NaN,
        "Diluted EPS": NaN,
        "Basic EPS": NaN,
        "Diluted NI Availto Com Stockholders": 261000000.0,
        "Net Income Common Stockholders": 261000000.0,
        "Net Income": 261000000.0,
        "Minority Interests": -35000000.0,
        "Net Income Including Noncontrolling Interests": 296000000.0,
        "Net Income Discontinuous Operations": 0.0,
        "Net Income Continuous Operations": 296000000.0,
        "Tax Provision": 83000000.0,
        "Pretax Income": 379000000.0,
        "Other Income Expense": 5000000.0,
        "Other Non Operating Income Expenses": 11000000.0,
        "Special Income Charges": 0.0,
        "Other Special Charges": 0.0,
        "Earnings From Equity Interest": -6000000.0,
        "Net Non Operating Interest Income Expense": -239000000.0,
        "Interest Expense Non Operating": 239000000.0,
        "Operating Income": 613000000.0,
        "Operating Expense": 1558000000.0,
        "Other Operating Expenses": 858000000.0,
        "Other Taxes": 297000000.0,
        "Depreciation Amortization Depletion Income Statement": 403000000.0,
        "Depreciation And Amortization In Income Statement": 403000000.0,
        "Depreciation Income Statement": 403000000.0,
        "Selling General And Administration": NaN,
        "General And Administrative Expense": NaN,
        "Salaries And Wages": NaN,
        "Gross Profit": 2171000000.0,
        "Cost Of Revenue": 1005000000.0,
        "Total Revenue": 3176000000.0,
        "Operating Revenue": 3093000000.0
    },
    "2025-03-31": {
        "Tax Effect Of Unusual Items": 0.0,
        "Tax Rate For Calcs": 0.233,
        "Normalized EBITDA": 1201000000.0,
        "Total Unusual Items": NaN,
        "Total Unusual Items Excluding Goodwill": NaN,
        "Net Income From Continuing Operation Net Minority Interest": 360000000.0,
        "Reconciled Depreciation": 408000000.0,
        "Reconciled Cost Of Revenue": 1240000000.0,
        "EBITDA": 1201000000.0,
        "EBIT": 790000000.0,
        "Net Interest Income": -250000000.0,
        "Interest Expense": 250000000.0,
        "Normalized Income": 360000000.0,
        "Net Income From Continuing And Discontinued Operation": 360000000.0,
        "Total Expenses": 3011000000.0,
        "Total Operating Income As Reported": 754000000.0,
        "Diluted Average Shares": 578000000.0,
        "Basic Average Shares": 577000000.0,
        "Diluted EPS": 0.62,
        "Basic EPS": 0.62,
        "Diluted NI Availto Com Stockholders": 360000000.0,
        "Net Income Common Stockholders": 360000000.0,
        "Net Income": 360000000.0,
        "Minority Interests": -54000000.0,
        "Net Income Including Noncontrolling Interests": 414000000.0,
        "Net Income Discontinuous Operations": NaN,
        "Net Income Continuous Operations": 414000000.0,
        "Tax Provision": 126000000.0,
        "Pretax Income": 540000000.0,
        "Other Income Expense": 36000000.0,
        "Other Non Operating Income Expenses": 36000000.0,
        "Special Income Charges": NaN,
        "Other Special Charges": NaN,
        "Earnings From Equity Interest": 0.0,
        "Net Non Operating Interest Income Expense": -250000000.0,
        "Interest Expense Non Operating": 250000000.0,
        "Operating Income": 754000000.0,
        "Operating Expense": 1774000000.0,
        "Other Operating Expenses": 1024000000.0,
        "Other Taxes": 339000000.0,
        "Depreciation Amortization Depletion Income Statement": 411000000.0,
        "Depreciation And Amortization In Income Statement": 411000000.0,
        "Depreciation Income Statement": 411000000.0,
        "Selling General And Administration": NaN,
        "General And Administrative Expense": NaN,
        "Salaries And Wages": NaN,
        "Gross Profit": 2528000000.0,
        "Cost Of Revenue": 1237000000.0,
        "Total Revenue": 3765000000.0,
        "Operating Revenue": 3667000000.0
    },
    "2025-06-30": {
        "Tax Effect Of Unusual Items": -5208000.0,
        "Tax Rate For Calcs": 0.217,
        "Normalized EBITDA": 1102000000.0,
        "Total Unusual Items": -24000000.0,
        "Total Unusual Items Excluding Goodwill": -24000000.0,
        "Net Income From Continuing Operation Net Minority Interest": 268000000.0,
        "Reconciled Depreciation": 348000000.0,
        "Reconciled Cost Of Revenue": 1188000000.0,
        "EBITDA": 1078000000.0,
        "EBIT": 663000000.0,
        "Net Interest Income": -257000000.0,
        "Interest Expense": 257000000.0,
        "Normalized Income": 286792000.0,
        "Net Income From Continuing And Discontinued Operation": 268000000.0,
        "Total Expenses": 2833000000.0,
        "Total Operating Income As Reported": 646000000.0,
        "Diluted Average Shares": 578000000.0,
        "Basic Average Shares": 577000000.0,
        "Diluted EPS": 0.46,
        "Basic EPS": 0.46,
        "Diluted NI Availto Com Stockholders": 268000000.0,
        "Net Income Common Stockholders": 268000000.0,
        "Net Income": 268000000.0,
        "Minority Interests": -50000000.0,
        "Net Income Including Noncontrolling Interests": 318000000.0,
        "Net Income Discontinuous Operations": NaN,
        "Net Income Continuous Operations": 318000000.0,
        "Tax Provision": 88000000.0,
        "Pretax Income": 406000000.0,
        "Other Income Expense": 116000000.0,
        "Other Non Operating Income Expenses": 140000000.0,
        "Special Income Charges": -24000000.0,
        "Other Special Charges": 24000000.0,
        "Earnings From Equity Interest": 0.0,
        "Net Non Operating Interest Income Expense": -257000000.0,
        "Interest Expense Non Operating": 257000000.0,
        "Operating Income": 547000000.0,
        "Operating Expense": 1712000000.0,
        "Other Operating Expenses": 995000000.0,
        "Other Taxes": 302000000.0,
        "Depreciation Amortization Depletion Income Statement": 415000000.0,
        "Depreciation And Amortization In Income Statement": 415000000.0,
        "Depreciation Income Statement": 415000000.0,
        "Selling General And Administration": NaN,
        "General And Administrative Expense": NaN,
        "Salaries And Wages": NaN,
        "Gross Profit": 2259000000.0,
        "Cost Of Revenue": 1121000000.0,
        "Total Revenue": 3380000000.0,
        "Operating Revenue": 3260000000.0
    }
}