{
    "2023-03-31": {
        "Tax Effect Of Unusual Items": NaN,
        "Tax Rate For Calcs": NaN,
        "Normalized EBITDA": NaN,
        "Net Income From Continuing Operation Net Minority Interest": NaN,
        "Reconciled Depreciation": NaN,
        "Reconciled Cost Of Revenue": NaN,
        "EBITDA": NaN,
        "EBIT": NaN,
        "Net Interest Income": NaN,
        "Interest Expense": NaN,
        "Interest Income": NaN,
        "Normalized Income": NaN,
        "Net Income From Continuing And Discontinued Operation": NaN,
        "Total Expenses": NaN,
        "Total Operating Income As Reported": NaN,
        "Diluted Average Shares": NaN,
        "Basic Average Shares": NaN,
        "Diluted EPS": NaN,
        "Basic EPS": NaN,
        "Diluted NI Availto Com Stockholders": NaN,
        "Net Income Common Stockholders": NaN,
        "Net Income": NaN,
        "Net Income Including Noncontrolling Interests": NaN,
        "Net Income Continuous Operations": NaN,
        "Tax Provision": NaN,
        "Pretax Income": NaN,
        "Net Non Operating Interest Income Expense": NaN,
        "Interest Expense Non Operating": NaN,
        "Interest Income Non Operating": NaN,
        "Operating Income": NaN,
        "Operating Expense": NaN,
        "Depreciation Amortization Depletion Income Statement": NaN,
        "Depreciation And Amortization In Income Statement": NaN,
        "Research And Development": NaN,
        "Selling General And Administration": NaN,
        "Selling And Marketing Expense": NaN,
        "General And Administrative Expense": NaN,
        "Other Gand A": NaN,
        "Salaries And Wages": 36983.0,
        "Gross Profit": NaN,
        "Cost Of Revenue": NaN,
        "Total Revenue": NaN,
        "Operating Revenue": NaN
    },
    "2022-12-31": {
        "Tax Effect Of Unusual Items": NaN,
        "Tax Rate For Calcs": NaN,
        "Normalized EBITDA": NaN,
        "Net Income From Continuing Operation Net Minority Interest": NaN,
        "Reconciled Depreciation": NaN,
        "Reconciled Cost Of Revenue": NaN,
        "EBITDA": NaN,
        "EBIT": NaN,
        "Net Interest Income": NaN,
        "Interest Expense": NaN,
        "Interest Income": NaN,
        "Normalized Income": NaN,
        "Net Income From Continuing And Discontinued Operation": NaN,
        "Total Expenses": NaN,
        "Total Operating Income As Reported": NaN,
        "Diluted Average Shares": NaN,
        "Basic Average Shares": NaN,
        "Diluted EPS": NaN,
        "Basic EPS": NaN,
        "Diluted NI Availto Com Stockholders": NaN,
        "Net Income Common Stockholders": NaN,
        "Net Income": NaN,
        "Net Income Including Noncontrolling Interests": NaN,
        "Net Income Continuous Operations": NaN,
        "Tax Provision": NaN,
        "Pretax Income": NaN,
        "Other Income Expense": -2284.0,
        "Other Non Operating Income Expenses": -2284.0,
        "Net Non Operating Interest Income Expense": NaN,
        "Interest Expense Non Operating": NaN,
        "Interest Income Non Operating": NaN,
        "Operating Income": NaN,
        "Operating Expense": NaN,
        "Depreciation Amortization Depletion Income Statement": NaN,
        "Depreciation And Amortization In Income Statement": NaN,
        "Research And Development": NaN,
        "Selling General And Administration": NaN,
        "Selling And Marketing Expense": NaN,
        "General And Administrative Expense": NaN,
        "Other Gand A": NaN,
        "Salaries And Wages": NaN,
        "Gross Profit": NaN,
        "Cost Of Revenue": NaN,
        "Total Revenue": NaN,
        "Operating Revenue": NaN
    },
    "2022-09-30": {
        "Tax Effect Of Unusual Items": NaN,
        "Tax Rate For Calcs": NaN,
        "Normalized EBITDA": NaN,
        "Net Income From Continuing Operation Net Minority Interest": NaN,
        "Reconciled Depreciation": NaN,
        "Reconciled Cost Of Revenue": NaN,
        "EBITDA": NaN,
        "EBIT": NaN,
        "Net Interest Income": NaN,
        "Interest Expense": NaN,
        "Interest Income": NaN,
        "Normalized Income": NaN,
        "Net Income From Continuing And Discontinued Operation": NaN,
        "Total Expenses": NaN,
        "Total Operating Income As Reported": NaN,
        "Diluted Average Shares": 11813610.0,
        "Basic Average Shares": 11813610.0,
        "Diluted EPS": -0.25,
        "Basic EPS": -0.25,
        "Diluted NI Availto Com Stockholders": NaN,
        "Net Income Common Stockholders": NaN,
        "Net Income": NaN,
        "Net Income Including Noncontrolling Interests": NaN,
        "Net Income Continuous Operations": NaN,
        "Pretax Income": NaN,
        "Other Income Expense": -22.0,
        "Other Non Operating Income Expenses": -22.0,
        "Net Non Operating Interest Income Expense": NaN,
        "Interest Expense Non Operating": NaN,
        "Interest Income Non Operating": NaN,
        "Operating Income": NaN,
        "Operating Expense": NaN,
        "Depreciation Amortization Depletion Income Statement": NaN,
        "Depreciation And Amortization In Income Statement": NaN,
        "Research And Development": NaN,
        "Selling General And Administration": NaN,
        "Selling And Marketing Expense": NaN,
        "General And Administrative Expense": NaN,
        "Other Gand A": NaN,
        "Salaries And Wages": NaN,
        "Gross Profit": NaN,
        "Cost Of Revenue": NaN,
        "Total Revenue": NaN,
        "Operating Revenue": NaN
    },
    "2022-06-30": {
        "Tax Effect Of Unusual Items": 0.0,
        "Tax Rate For Calcs": 0.0,
        "Normalized EBITDA": -2407087.0,
        "Net Income From Continuing Operation Net Minority Interest": -2634101.0,
        "Reconciled Depreciation": 226131.0,
        "Reconciled Cost Of Revenue": 18906.0,
        "EBITDA": -2407087.0,
        "EBIT": -2633218.0,
        "Net Interest Income": 25862.0,
        "Interest Expense": 883.0,
        "Interest Income": 26745.0,
        "Normalized Income": -2634101.0,
        "Net Income From Continuing And Discontinued Operation": -2634101.0,
        "Total Expenses": 2963076.0,
        "Total Operating Income As Reported": -2659963.0,
        "Diluted Average Shares": 11812988.0,
        "Basic Average Shares": 11812988.0,
        "Diluted EPS": -0.22,
        "Basic EPS": -0.22,
        "Diluted NI Availto Com Stockholders": -2634101.0,
        "Net Income Common Stockholders": -2634101.0,
        "Net Income": -2634101.0,
        "Net Income Including Noncontrolling Interests": -2634101.0,
        "Net Income Continuous Operations": -2634101.0,
        "Pretax Income": -2634101.0,
        "Other Income Expense": NaN,
        "Other Non Operating Income Expenses": NaN,
        "Net Non Operating Interest Income Expense": 25862.0,
        "Interest Expense Non Operating": 883.0,
        "Interest Income Non Operating": 26745.0,
        "Operating Income": -2659963.0,
        "Operating Expense": 2860723.0,
        "Depreciation Amortization Depletion Income Statement": 142684.0,
        "Depreciation And Amortization In Income Statement": 142684.0,
        "Research And Development": 1472924.0,
        "Selling General And Administration": 1245115.0,
        "Selling And Marketing Expense": 63177.0,
        "General And Administrative Expense": 1181938.0,
        "Other Gand A": 1181938.0,
        "Salaries And Wages": NaN,
        "Gross Profit": 200760.0,
        "Cost Of Revenue": 102353.0,
        "Total Revenue": 303113.0,
        "Operating Revenue": 303113.0
    },
    "2022-03-31": {
        "Diluted EPS": -0.24,
        "Total Revenue": 0,
        "Gross Profit": 0,
        "Operating Income": -3,
        "EBIT": -3,
        "Net Income": -3
    },
    "2021-12-31": {
        "Diluted EPS": 1.43,
        "Total Revenue": 0,
        "Gross Profit": 0,
        "Operating Income": -2,
        "EBIT": -2,
        "Net Income": -2
    },
    "2021-09-30": {
        "Diluted EPS": -0.19,
        "Total Revenue": 0,
        "Gross Profit": 0,
        "Operating Income": -2,
        "EBIT": -2,
        "Net Income": -2
    },
    "2021-06-30": {
        "Diluted EPS": -0.52,
        "Total Revenue": 0,
        "Gross Profit": 0,
        "Operating Income": -2,
        "EBIT": -2,
        "Net Income": -1
    },
    "2021-03-31": {
        "Diluted EPS": -1.84,
        "Total Revenue": 0,
        "Gross Profit": 0,
        "Operating Income": -2,
        "EBIT": -2,
        "Net Income": -2
    },
    "2020-12-31": {
        "Diluted EPS": 0.0,
        "Total Revenue": NaN,
        "Gross Profit": NaN,
        "Operating Income": NaN,
        "EBIT": NaN,
        "Net Income": NaN
    },
    "2020-09-30": {
        "Diluted EPS": -1.64,
        "Total Revenue": 0,
        "Gross Profit": 0,
        "Operating Income": -2,
        "EBIT": -1,
        "Net Income": -2
    },
    "2020-06-30": {
        "Diluted EPS": -1.55,
        "Total Revenue": 0,
        "Gross Profit": 0,
        "Operating Income": -1,
        "EBIT": -1,
        "Net Income": -1
    },
    "2023-06-30": {
        "Tax Effect Of Unusual Items": NaN,
        "Tax Rate For Calcs": NaN,
        "Normalized EBITDA": NaN,
        "Net Income From Continuing Operation Net Minority Interest": NaN,
        "Reconciled Depreciation": NaN,
        "Reconciled Cost Of Revenue": NaN,
        "EBITDA": NaN,
        "EBIT": NaN,
        "Net Interest Income": NaN,
        "Interest Expense": NaN,
        "Interest Income": NaN,
        "Normalized Income": NaN,
        "Net Income From Continuing And Discontinued Operation": NaN,
        "Total Expenses": NaN,
        "Total Operating Income As Reported": NaN,
        "Diluted Average Shares": 13107590.0,
        "Basic Average Shares": 13107590.0,
        "Diluted EPS": -0.22,
        "Basic EPS": -0.22,
        "Diluted NI Availto Com Stockholders": NaN,
        "Net Income Common Stockholders": NaN,
        "Net Income": NaN,
        "Net Income Including Noncontrolling Interests": NaN,
        "Net Income Continuous Operations": NaN,
        "Tax Provision": 0.0,
        "Pretax Income": NaN,
        "Net Non Operating Interest Income Expense": NaN,
        "Interest Expense Non Operating": NaN,
        "Interest Income Non Operating": NaN,
        "Operating Income": NaN,
        "Operating Expense": NaN,
        "Depreciation Amortization Depletion Income Statement": NaN,
        "Depreciation And Amortization In Income Statement": NaN,
        "Research And Development": NaN,
        "Selling General And Administration": NaN,
        "Selling And Marketing Expense": NaN,
        "General And Administrative Expense": NaN,
        "Other Gand A": NaN,
        "Salaries And Wages": 38024.0,
        "Gross Profit": NaN,
        "Cost Of Revenue": NaN,
        "Total Revenue": NaN,
        "Operating Revenue": NaN
    },
    "2023-09-30": {
        "Tax Effect Of Unusual Items": NaN,
        "Tax Rate For Calcs": NaN,
        "Normalized EBITDA": NaN,
        "Net Income From Continuing Operation Net Minority Interest": NaN,
        "Reconciled Depreciation": NaN,
        "Reconciled Cost Of Revenue": NaN,
        "EBITDA": NaN,
        "EBIT": NaN,
        "Net Interest Income": NaN,
        "Interest Expense": NaN,
        "Interest Income": NaN,
        "Normalized Income": NaN,
        "Net Income From Continuing And Discontinued Operation": NaN,
        "Total Expenses": NaN,
        "Total Operating Income As Reported": NaN,
        "Diluted Average Shares": 15093147.0,
        "Basic Average Shares": 15093147.0,
        "Diluted EPS": -0.26,
        "Basic EPS": -0.26,
        "Diluted NI Availto Com Stockholders": NaN,
        "Net Income Common Stockholders": NaN,
        "Net Income": NaN,
        "Net Income Including Noncontrolling Interests": NaN,
        "Net Income Continuous Operations": NaN,
        "Tax Provision": NaN,
        "Pretax Income": NaN,
        "Net Non Operating Interest Income Expense": NaN,
        "Interest Expense Non Operating": NaN,
        "Interest Income Non Operating": NaN,
        "Operating Income": NaN,
        "Operating Expense": NaN,
        "Depreciation Amortization Depletion Income Statement": NaN,
        "Depreciation And Amortization In Income Statement": NaN,
        "Research And Development": NaN,
        "Selling General And Administration": NaN,
        "Selling And Marketing Expense": NaN,
        "General And Administrative Expense": NaN,
        "Other Gand A": NaN,
        "Gross Profit": NaN,
        "Cost Of Revenue": NaN,
        "Total Revenue": NaN,
        "Operating Revenue": NaN
    },
    "2023-12-31": {
        "Tax Effect Of Unusual Items": 0.0,
        "Tax Rate For Calcs": 0.0,
        "Normalized EBITDA": -4008485.0,
        "Net Income From Continuing Operation Net Minority Interest": -4410454.0,
        "Reconciled Depreciation": 242144.0,
        "Reconciled Cost Of Revenue": 78294.0,
        "EBITDA": -4008485.0,
        "EBIT": -4250629.0,
        "Net Interest Income": 43399.0,
        "Interest Expense": 155487.0,
        "Interest Income": 198886.0,
        "Normalized Income": -4410454.0,
        "Net Income From Continuing And Discontinued Operation": -4410454.0,
        "Total Expenses": 4662626.0,
        "Total Operating Income As Reported": -4449515.0,
        "Diluted Average Shares": NaN,
        "Basic Average Shares": NaN,
        "Diluted EPS": NaN,
        "Basic EPS": NaN,
        "Diluted NI Availto Com Stockholders": -4410454.0,
        "Net Income Common Stockholders": -4410454.0,
        "Net Income": -4410454.0,
        "Net Income Including Noncontrolling Interests": -4410454.0,
        "Net Income Continuous Operations": -4410454.0,
        "Tax Provision": NaN,
        "Pretax Income": -4406116.0,
        "Net Non Operating Interest Income Expense": 43399.0,
        "Interest Expense Non Operating": 155487.0,
        "Interest Income Non Operating": 198886.0,
        "Operating Income": -4449515.0,
        "Operating Expense": 4584332.0,
        "Depreciation Amortization Depletion Income Statement": 91798.0,
        "Depreciation And Amortization In Income Statement": 91798.0,
        "Research And Development": 2071260.0,
        "Selling General And Administration": 2421274.0,
        "Selling And Marketing Expense": 205448.0,
        "General And Administrative Expense": 2215826.0,
        "Other Gand A": 2215826.0,
        "Gross Profit": 134817.0,
        "Cost Of Revenue": 78294.0,
        "Total Revenue": 213111.0,
        "Operating Revenue": 213111.0
    },
    "2024-03-31": {
        "Tax Effect Of Unusual Items": 0.0,
        "Tax Rate For Calcs": 0.0,
        "Normalized EBITDA": -3014066.0,
        "Net Income From Continuing Operation Net Minority Interest": -3599510.0,
        "Reconciled Depreciation": 223892.0,
        "Reconciled Cost Of Revenue": 88532.0,
        "EBITDA": -3014066.0,
        "EBIT": -3237958.0,
        "Net Interest Income": -136868.0,
        "Interest Expense": 361552.0,
        "Interest Income": 224684.0,
        "Normalized Income": -3599510.0,
        "Net Income From Continuing And Discontinued Operation": -3599510.0,
        "Total Expenses": 3733782.0,
        "Total Operating Income As Reported": -3462642.0,
        "Diluted Average Shares": 21775357.0,
        "Basic Average Shares": 21775357.0,
        "Diluted EPS": -0.17,
        "Basic EPS": -0.17,
        "Diluted NI Availto Com Stockholders": -3599510.0,
        "Net Income Common Stockholders": -3599510.0,
        "Net Income": -3599510.0,
        "Net Income Including Noncontrolling Interests": -3599510.0,
        "Net Income Continuous Operations": -3599510.0,
        "Tax Provision": 0.0,
        "Pretax Income": -3599510.0,
        "Net Non Operating Interest Income Expense": -136868.0,
        "Interest Expense Non Operating": 361552.0,
        "Interest Income Non Operating": 224684.0,
        "Operating Income": -3462642.0,
        "Operating Expense": 3645250.0,
        "Depreciation Amortization Depletion Income Statement": 71228.0,
        "Depreciation And Amortization In Income Statement": 71228.0,
        "Research And Development": 1770731.0,
        "Selling General And Administration": 1803291.0,
        "Selling And Marketing Expense": 300487.0,
        "General And Administrative Expense": 1502804.0,
        "Other Gand A": 1502804.0,
        "Gross Profit": 182608.0,
        "Cost Of Revenue": 88532.0,
        "Total Revenue": 271140.0,
        "Operating Revenue": 271140.0
    },
    "2024-06-30": {
        "Tax Effect Of Unusual Items": 0.0,
        "Tax Rate For Calcs": 0.0,
        "Normalized EBITDA": -4083878.0,
        "Net Income From Continuing Operation Net Minority Interest": -4684574.0,
        "Reconciled Depreciation": 214135.0,
        "Reconciled Cost Of Revenue": 73125.0,
        "EBITDA": -4083878.0,
        "EBIT": -4298013.0,
        "Net Interest Income": -204173.0,
        "Interest Expense": 388311.0,
        "Interest Income": 184138.0,
        "Normalized Income": -4684574.0,
        "Net Income From Continuing And Discontinued Operation": -4684574.0,
        "Total Expenses": 4703635.0,
        "Total Operating Income As Reported": -4482151.0,
        "Diluted Average Shares": 22215516.0,
        "Basic Average Shares": 22215516.0,
        "Diluted EPS": -0.21,
        "Basic EPS": -0.21,
        "Diluted NI Availto Com Stockholders": -4684574.0,
        "Net Income Common Stockholders": -4684574.0,
        "Net Income": -4684574.0,
        "Net Income Including Noncontrolling Interests": -4684574.0,
        "Net Income Continuous Operations": -4684574.0,
        "Tax Provision": -1750.0,
        "Pretax Income": -4686324.0,
        "Net Non Operating Interest Income Expense": -204173.0,
        "Interest Expense Non Operating": 388311.0,
        "Interest Income Non Operating": 184138.0,
        "Operating Income": -4482151.0,
        "Operating Expense": 4630510.0,
        "Depreciation Amortization Depletion Income Statement": 67628.0,
        "Depreciation And Amortization In Income Statement": 67628.0,
        "Research And Development": 1975875.0,
        "Selling General And Administration": 2587007.0,
        "Selling And Marketing Expense": 975190.0,
        "General And Administrative Expense": 1611817.0,
        "Other Gand A": 1611817.0,
        "Gross Profit": 148359.0,
        "Cost Of Revenue": 73125.0,
        "Total Revenue": 221484.0,
        "Operating Revenue": 221484.0
    },
    "2024-09-30": {
        "Tax Effect Of Unusual Items": 0.0,
        "Tax Rate For Calcs": 0.0,
        "Normalized EBITDA": -4778694.0,
        "Net Income From Continuing Operation Net Minority Interest": -5408860.0,
        "Reconciled Depreciation": 215718.0,
        "Reconciled Cost Of Revenue": 51409.0,
        "EBITDA": -4778694.0,
        "EBIT": -4994412.0,
        "Net Interest Income": -289262.0,
        "Interest Expense": 413290.0,
        "Interest Income": 124028.0,
        "Normalized Income": -5408860.0,
        "Net Income From Continuing And Discontinued Operation": -5408860.0,
        "Total Expenses": 5673348.0,
        "Total Operating Income As Reported": -5118440.0,
        "Diluted Average Shares": 22232799.0,
        "Basic Average Shares": 22232799.0,
        "Diluted EPS": -0.24,
        "Basic EPS": -0.24,
        "Diluted NI Availto Com Stockholders": -5408860.0,
        "Net Income Common Stockholders": -5408860.0,
        "Net Income": -5408860.0,
        "Net Income Including Noncontrolling Interests": -5408860.0,
        "Net Income Continuous Operations": -5408860.0,
        "Tax Provision": 1158.0,
        "Pretax Income": -5407702.0,
        "Net Non Operating Interest Income Expense": -289262.0,
        "Interest Expense Non Operating": 413290.0,
        "Interest Income Non Operating": 124028.0,
        "Operating Income": -5118440.0,
        "Operating Expense": 5482509.0,
        "Depreciation Amortization Depletion Income Statement": 76288.0,
        "Depreciation And Amortization In Income Statement": 76288.0,
        "Research And Development": 2303241.0,
        "Selling General And Administration": 3102980.0,
        "Selling And Marketing Expense": 1572189.0,
        "General And Administrative Expense": 1530791.0,
        "Other Gand A": 1530791.0,
        "Gross Profit": 364069.0,
        "Cost Of Revenue": 190839.0,
        "Total Revenue": 554908.0,
        "Operating Revenue": 554908.0
    },
    "2024-12-31": {
        "Tax Effect Of Unusual Items": 0.0,
        "Tax Rate For Calcs": 0.21,
        "Normalized EBITDA": -4454813.0,
        "Net Income From Continuing Operation Net Minority Interest": -5123684.0,
        "Reconciled Depreciation": 218255.0,
        "Reconciled Cost Of Revenue": 56326.0,
        "EBITDA": -4454813.0,
        "EBIT": -4673068.0,
        "Net Interest Income": -390918.0,
        "Interest Expense": 440422.0,
        "Interest Income": 49504.0,
        "Normalized Income": -5123684.0,
        "Net Income From Continuing And Discontinued Operation": -5123684.0,
        "Total Expenses": 5304148.0,
        "Total Operating Income As Reported": -4722572.0,
        "Diluted Average Shares": NaN,
        "Basic Average Shares": NaN,
        "Diluted EPS": NaN,
        "Basic EPS": NaN,
        "Diluted NI Availto Com Stockholders": -5123684.0,
        "Net Income Common Stockholders": -5123684.0,
        "Net Income": -5123684.0,
        "Net Income Including Noncontrolling Interests": -5123684.0,
        "Net Income Continuous Operations": -5123684.0,
        "Tax Provision": 10194.0,
        "Pretax Income": -5113490.0,
        "Net Non Operating Interest Income Expense": -390918.0,
        "Interest Expense Non Operating": 440422.0,
        "Interest Income Non Operating": 49504.0,
        "Operating Income": -4722572.0,
        "Operating Expense": 5111741.0,
        "Depreciation Amortization Depletion Income Statement": 82174.0,
        "Depreciation And Amortization In Income Statement": 82174.0,
        "Research And Development": 2166696.0,
        "Selling General And Administration": 2862871.0,
        "Selling And Marketing Expense": 1182284.0,
        "General And Administrative Expense": 1680587.0,
        "Other Gand A": 1680587.0,
        "Gross Profit": 389169.0,
        "Cost Of Revenue": 192407.0,
        "Total Revenue": 581576.0,
        "Operating Revenue": 581576.0
    },
    "2025-03-31": {
        "Tax Effect Of Unusual Items": 0.0,
        "Tax Rate For Calcs": 0.00071,
        "Normalized EBITDA": -5224518.0,
        "Net Income From Continuing Operation Net Minority Interest": -5896839.0,
        "Reconciled Depreciation": 217060.0,
        "Reconciled Cost Of Revenue": 117266.0,
        "EBITDA": -5224518.0,
        "EBIT": -5441578.0,
        "Net Interest Income": -440420.0,
        "Interest Expense": 459449.0,
        "Interest Income": 19029.0,
        "Normalized Income": -5896839.0,
        "Net Income From Continuing And Discontinued Operation": -5896839.0,
        "Total Expenses": 5801871.0,
        "Total Operating Income As Reported": -5460607.0,
        "Diluted Average Shares": 25149236.0,
        "Basic Average Shares": 25149236.0,
        "Diluted EPS": -0.23,
        "Basic EPS": -0.23,
        "Diluted NI Availto Com Stockholders": -5896839.0,
        "Net Income Common Stockholders": -5896839.0,
        "Net Income": -5896839.0,
        "Net Income Including Noncontrolling Interests": -5896839.0,
        "Net Income Continuous Operations": -5896839.0,
        "Tax Provision": -4188.0,
        "Pretax Income": -5901027.0,
        "Net Non Operating Interest Income Expense": -440420.0,
        "Interest Expense Non Operating": 459449.0,
        "Interest Income Non Operating": 19029.0,
        "Operating Income": -5460607.0,
        "Operating Expense": 5684605.0,
        "Depreciation Amortization Depletion Income Statement": 84853.0,
        "Depreciation And Amortization In Income Statement": 84853.0,
        "Research And Development": 2968472.0,
        "Selling General And Administration": 2631280.0,
        "Selling And Marketing Expense": 908567.0,
        "General And Administrative Expense": 1722713.0,
        "Other Gand A": 1722713.0,
        "Gross Profit": 223998.0,
        "Cost Of Revenue": 117266.0,
        "Total Revenue": 341264.0,
        "Operating Revenue": 341264.0
    }
}