{
    "2023-04-30": {
        "Tax Effect Of Unusual Items": NaN,
        "Tax Rate For Calcs": NaN,
        "Normalized EBITDA": NaN,
        "Total Unusual Items": -127000000.0,
        "Total Unusual Items Excluding Goodwill": -127000000.0,
        "Net Income From Continuing Operation Net Minority Interest": NaN,
        "Reconciled Depreciation": NaN,
        "Reconciled Cost Of Revenue": NaN,
        "EBITDA": NaN,
        "EBIT": NaN,
        "Net Interest Income": NaN,
        "Interest Expense": NaN,
        "Normalized Income": NaN,
        "Net Income From Continuing And Discontinued Operation": NaN,
        "Total Expenses": NaN,
        "Total Operating Income As Reported": NaN,
        "Diluted Average Shares": NaN,
        "Basic Average Shares": NaN,
        "Diluted EPS": NaN,
        "Basic EPS": NaN,
        "Diluted NI Availto Com Stockholders": NaN,
        "Net Income Common Stockholders": NaN,
        "Otherunder Preferred Stock Dividend": NaN,
        "Net Income": NaN,
        "Net Income Including Noncontrolling Interests": NaN,
        "Net Income Discontinuous Operations": 0.0,
        "Net Income Continuous Operations": NaN,
        "Tax Provision": NaN,
        "Pretax Income": NaN,
        "Other Non Operating Income Expenses": NaN,
        "Special Income Charges": -127000000.0,
        "Impairment Of Capital Assets": 127000000.0,
        "Net Non Operating Interest Income Expense": NaN,
        "Interest Expense Non Operating": NaN,
        "Operating Income": NaN,
        "Operating Expense": NaN,
        "Depreciation And Amortization In Income Statement": NaN,
        "Depreciation Income Statement": NaN,
        "Selling General And Administration": NaN,
        "General And Administrative Expense": NaN,
        "Gross Profit": NaN,
        "Cost Of Revenue": NaN,
        "Total Revenue": NaN,
        "Operating Revenue": NaN
    },
    "2023-01-31": {
        "Tax Effect Of Unusual Items": NaN,
        "Tax Rate For Calcs": NaN,
        "Normalized EBITDA": NaN,
        "Total Unusual Items": NaN,
        "Total Unusual Items Excluding Goodwill": NaN,
        "Net Income From Continuing Operation Net Minority Interest": NaN,
        "Reconciled Depreciation": NaN,
        "Reconciled Cost Of Revenue": NaN,
        "EBITDA": NaN,
        "EBIT": NaN,
        "Net Interest Income": NaN,
        "Interest Expense": NaN,
        "Normalized Income": NaN,
        "Net Income From Continuing And Discontinued Operation": NaN,
        "Total Expenses": NaN,
        "Total Operating Income As Reported": NaN,
        "Diluted Average Shares": NaN,
        "Basic Average Shares": NaN,
        "Diluted EPS": NaN,
        "Basic EPS": NaN,
        "Diluted NI Availto Com Stockholders": NaN,
        "Net Income Common Stockholders": NaN,
        "Otherunder Preferred Stock Dividend": NaN,
        "Net Income": NaN,
        "Net Income Including Noncontrolling Interests": NaN,
        "Net Income Discontinuous Operations": 0.0,
        "Net Income Continuous Operations": NaN,
        "Tax Provision": NaN,
        "Pretax Income": NaN,
        "Other Non Operating Income Expenses": NaN,
        "Special Income Charges": NaN,
        "Impairment Of Capital Assets": NaN,
        "Net Non Operating Interest Income Expense": NaN,
        "Interest Expense Non Operating": NaN,
        "Operating Income": NaN,
        "Operating Expense": NaN,
        "Depreciation And Amortization In Income Statement": NaN,
        "Depreciation Income Statement": NaN,
        "Selling General And Administration": NaN,
        "General And Administrative Expense": NaN,
        "Gross Profit": NaN,
        "Cost Of Revenue": NaN,
        "Total Revenue": NaN,
        "Operating Revenue": NaN
    },
    "2022-10-31": {
        "Tax Effect Of Unusual Items": NaN,
        "Tax Rate For Calcs": NaN,
        "Normalized EBITDA": NaN,
        "Total Unusual Items": NaN,
        "Total Unusual Items Excluding Goodwill": NaN,
        "Net Income From Continuing Operation Net Minority Interest": NaN,
        "Reconciled Depreciation": NaN,
        "Reconciled Cost Of Revenue": NaN,
        "EBITDA": NaN,
        "EBIT": NaN,
        "Net Interest Income": NaN,
        "Interest Expense": NaN,
        "Normalized Income": NaN,
        "Net Income From Continuing And Discontinued Operation": NaN,
        "Total Expenses": NaN,
        "Total Operating Income As Reported": NaN,
        "Diluted Average Shares": NaN,
        "Basic Average Shares": NaN,
        "Diluted EPS": NaN,
        "Basic EPS": NaN,
        "Diluted NI Availto Com Stockholders": NaN,
        "Net Income Common Stockholders": NaN,
        "Otherunder Preferred Stock Dividend": NaN,
        "Net Income": NaN,
        "Net Income Including Noncontrolling Interests": NaN,
        "Net Income Discontinuous Operations": 0.0,
        "Net Income Continuous Operations": NaN,
        "Tax Provision": NaN,
        "Pretax Income": NaN,
        "Other Non Operating Income Expenses": NaN,
        "Special Income Charges": NaN,
        "Impairment Of Capital Assets": NaN,
        "Net Non Operating Interest Income Expense": NaN,
        "Interest Expense Non Operating": NaN,
        "Operating Income": NaN,
        "Operating Expense": NaN,
        "Depreciation And Amortization In Income Statement": NaN,
        "Depreciation Income Statement": NaN,
        "Selling General And Administration": NaN,
        "General And Administrative Expense": NaN,
        "Gross Profit": NaN,
        "Cost Of Revenue": NaN,
        "Total Revenue": NaN,
        "Operating Revenue": NaN
    },
    "2022-07-31": {
        "Tax Effect Of Unusual Items": 0.0,
        "Tax Rate For Calcs": 0.249032,
        "Normalized EBITDA": 892000000.0,
        "Total Unusual Items": NaN,
        "Total Unusual Items Excluding Goodwill": NaN,
        "Net Income From Continuing Operation Net Minority Interest": 582000000.0,
        "Reconciled Depreciation": 77000000.0,
        "Reconciled Cost Of Revenue": 5536000000.0,
        "EBITDA": 892000000.0,
        "EBIT": 815000000.0,
        "Net Interest Income": -40000000.0,
        "Interest Expense": 40000000.0,
        "Normalized Income": 582000000.0,
        "Net Income From Continuing And Discontinued Operation": 580000000.0,
        "Total Expenses": 7157000000.0,
        "Total Operating Income As Reported": 814000000.0,
        "Diluted Average Shares": 213800000.0,
        "Basic Average Shares": 212300000.0,
        "Diluted EPS": 2.7,
        "Basic EPS": 2.73,
        "Diluted NI Availto Com Stockholders": 580000000.0,
        "Net Income Common Stockholders": 580000000.0,
        "Otherunder Preferred Stock Dividend": 0.0,
        "Net Income": 580000000.0,
        "Net Income Including Noncontrolling Interests": 580000000.0,
        "Net Income Discontinuous Operations": -2000000.0,
        "Net Income Continuous Operations": 582000000.0,
        "Tax Provision": 193000000.0,
        "Pretax Income": 775000000.0,
        "Other Non Operating Income Expenses": 1000000.0,
        "Special Income Charges": NaN,
        "Impairment Of Capital Assets": NaN,
        "Net Non Operating Interest Income Expense": -40000000.0,
        "Interest Expense Non Operating": 40000000.0,
        "Operating Income": 814000000.0,
        "Operating Expense": 1621000000.0,
        "Depreciation And Amortization In Income Statement": 77000000.0,
        "Depreciation Income Statement": 77000000.0,
        "Selling General And Administration": 1544000000.0,
        "General And Administrative Expense": 1544000000.0,
        "Gross Profit": 2435000000.0,
        "Cost Of Revenue": 5536000000.0,
        "Total Revenue": 7971000000.0,
        "Operating Revenue": 7971000000.0
    },
    "2022-04-30": {
        "Diluted EPS": 25.0,
        "Total Revenue": NaN,
        "Gross Profit": NaN,
        "Operating Income": 712,
        "EBIT": 790,
        "Net Income": 546
    },
    "2022-01-31": {
        "Diluted EPS": 0.0,
        "Total Revenue": NaN,
        "Gross Profit": NaN,
        "Operating Income": NaN,
        "Net Income": NaN
    },
    "2021-10-31": {
        "Diluted EPS": 25.1,
        "Total Revenue": NaN,
        "Gross Profit": NaN,
        "Operating Income": 739,
        "EBIT": 813,
        "Net Income": 560
    },
    "2021-07-31": {
        "Diluted EPS": 0.0,
        "Total Revenue": NaN,
        "Gross Profit": NaN,
        "Operating Income": NaN,
        "EBIT": NaN,
        "Net Income": NaN
    },
    "2021-04-30": {
        "Diluted EPS": 16.4,
        "Total Revenue": NaN,
        "Gross Profit": NaN,
        "Operating Income": 520,
        "EBIT": 593,
        "Net Income": 369
    },
    "2021-01-31": {
        "Diluted EPS": 0.0,
        "Total Revenue": NaN,
        "Gross Profit": NaN,
        "Operating Income": NaN,
        "EBIT": NaN,
        "Net Income": NaN
    },
    "2020-10-31": {
        "Diluted EPS": 14.9,
        "Total Revenue": NaN,
        "Gross Profit": NaN,
        "Operating Income": 450,
        "EBIT": 518,
        "Net Income": 335
    },
    "2020-07-31": {
        "Diluted EPS": 0.0,
        "Total Revenue": NaN,
        "Gross Profit": NaN,
        "Operating Income": NaN,
        "EBIT": NaN,
        "Net Income": NaN
    },
    "2019-07-31": {
        "Diluted EPS": 0.0,
        "Total Revenue": NaN,
        "Gross Profit": NaN,
        "Operating Income": NaN,
        "EBIT": NaN,
        "Net Income": NaN
    },
    "2018-07-31": {
        "Diluted EPS": 0.0,
        "Total Revenue": NaN,
        "Gross Profit": NaN,
        "Operating Income": NaN,
        "EBIT": NaN,
        "Net Income": NaN
    },
    "2018-01-31": {
        "Diluted EPS": 0.0,
        "Total Revenue": NaN,
        "Gross Profit": NaN,
        "Operating Income": NaN,
        "EBIT": NaN,
        "Net Income": NaN
    },
    "2017-07-31": {
        "Diluted EPS": 0.0,
        "Total Revenue": NaN,
        "Gross Profit": NaN,
        "Operating Income": NaN,
        "EBIT": NaN,
        "Net Income": NaN
    },
    "2017-01-31": {
        "Diluted EPS": 0.0,
        "Total Revenue": NaN,
        "Gross Profit": NaN,
        "Operating Income": NaN,
        "EBIT": NaN,
        "Net Income": NaN
    },
    "2016-07-31": {
        "Diluted EPS": 0.0,
        "Total Revenue": NaN,
        "Gross Profit": NaN,
        "Operating Income": NaN,
        "EBIT": NaN,
        "Net Income": NaN
    },
    "2016-01-31": {
        "Diluted EPS": 0.0,
        "Total Revenue": NaN,
        "Gross Profit": NaN,
        "Operating Income": NaN,
        "EBIT": NaN,
        "Net Income": NaN
    },
    "2015-07-31": {
        "Diluted EPS": 0.0,
        "Total Revenue": NaN,
        "Gross Profit": NaN,
        "Operating Income": NaN,
        "EBIT": NaN,
        "Net Income": NaN
    },
    "2015-01-31": {
        "Diluted EPS": 0.0,
        "Total Revenue": NaN,
        "Gross Profit": NaN,
        "Operating Income": NaN,
        "EBIT": NaN,
        "Net Income": NaN
    },
    "2014-07-31": {
        "Diluted EPS": 0.0,
        "Total Revenue": NaN,
        "Gross Profit": NaN,
        "Operating Income": NaN,
        "EBIT": NaN,
        "Net Income": NaN
    },
    "2014-01-31": {
        "Diluted EPS": 0.0,
        "Total Revenue": NaN,
        "Gross Profit": NaN,
        "Operating Income": NaN,
        "EBIT": NaN,
        "Net Income": NaN
    },
    "2013-07-31": {
        "Diluted EPS": 0.0,
        "Total Revenue": NaN,
        "Gross Profit": NaN,
        "Operating Income": NaN,
        "EBIT": NaN,
        "Net Income": NaN
    },
    "2013-01-31": {
        "Diluted EPS": 0.0,
        "Total Revenue": NaN,
        "Gross Profit": NaN,
        "Operating Income": NaN,
        "EBIT": NaN,
        "Net Income": NaN
    },
    "2012-07-31": {
        "Diluted EPS": 0.0,
        "Total Revenue": NaN,
        "Gross Profit": NaN,
        "Operating Income": NaN,
        "EBIT": NaN,
        "Net Income": NaN
    },
    "2012-01-31": {
        "Diluted EPS": 0.0,
        "Total Revenue": NaN,
        "Gross Profit": NaN,
        "Operating Income": NaN,
        "EBIT": NaN,
        "Net Income": NaN
    },
    "2011-07-31": {
        "Diluted EPS": 0.0,
        "Total Revenue": NaN,
        "Gross Profit": NaN,
        "Operating Income": NaN,
        "EBIT": NaN,
        "Net Income": NaN
    },
    "2011-04-30": {
        "Diluted EPS": 0.0,
        "Total Revenue": NaN,
        "Gross Profit": NaN,
        "Operating Income": NaN,
        "EBIT": NaN,
        "Net Income": NaN
    },
    "2011-01-31": {
        "Diluted EPS": 0.0,
        "Total Revenue": NaN,
        "Gross Profit": NaN,
        "Operating Income": NaN,
        "EBIT": NaN,
        "Net Income": NaN
    },
    "2010-07-31": {
        "Diluted EPS": 0.0,
        "Total Revenue": NaN,
        "Gross Profit": NaN,
        "Operating Income": NaN,
        "EBIT": NaN,
        "Net Income": NaN
    },
    "2010-01-31": {
        "Diluted EPS": 0.0,
        "Total Revenue": NaN,
        "Gross Profit": NaN,
        "Operating Income": NaN,
        "EBIT": NaN,
        "Net Income": NaN
    },
    "2009-07-31": {
        "Diluted EPS": 0.0,
        "Total Revenue": NaN,
        "Gross Profit": NaN,
        "Operating Income": NaN,
        "EBIT": NaN,
        "Net Income": NaN
    },
    "2009-01-31": {
        "Diluted EPS": 0.0,
        "Total Revenue": NaN,
        "Gross Profit": NaN,
        "Operating Income": NaN,
        "EBIT": NaN,
        "Net Income": NaN
    },
    "2023-07-31": {
        "Tax Effect Of Unusual Items": NaN,
        "Tax Rate For Calcs": NaN,
        "Normalized EBITDA": NaN,
        "Total Unusual Items": 2000000.0,
        "Total Unusual Items Excluding Goodwill": 2000000.0,
        "Net Income From Continuing Operation Net Minority Interest": NaN,
        "Reconciled Depreciation": NaN,
        "Reconciled Cost Of Revenue": NaN,
        "EBITDA": NaN,
        "EBIT": NaN,
        "Net Interest Income": NaN,
        "Interest Expense": NaN,
        "Normalized Income": NaN,
        "Net Income From Continuing And Discontinued Operation": NaN,
        "Total Expenses": NaN,
        "Total Operating Income As Reported": NaN,
        "Diluted Average Shares": NaN,
        "Basic Average Shares": NaN,
        "Diluted EPS": NaN,
        "Basic EPS": NaN,
        "Diluted NI Availto Com Stockholders": NaN,
        "Net Income Common Stockholders": NaN,
        "Otherunder Preferred Stock Dividend": NaN,
        "Net Income": NaN,
        "Net Income Including Noncontrolling Interests": NaN,
        "Net Income Discontinuous Operations": 0.0,
        "Net Income Continuous Operations": NaN,
        "Tax Provision": NaN,
        "Pretax Income": NaN,
        "Other Non Operating Income Expenses": NaN,
        "Special Income Charges": 2000000.0,
        "Impairment Of Capital Assets": -2000000.0,
        "Net Non Operating Interest Income Expense": NaN,
        "Interest Expense Non Operating": NaN,
        "Operating Income": NaN,
        "Operating Expense": NaN,
        "Depreciation And Amortization In Income Statement": NaN,
        "Depreciation Income Statement": NaN,
        "Selling General And Administration": NaN,
        "General And Administrative Expense": NaN,
        "Gross Profit": NaN,
        "Cost Of Revenue": NaN,
        "Total Revenue": NaN,
        "Operating Revenue": NaN
    },
    "2023-10-31": {
        "Tax Effect Of Unusual Items": NaN,
        "Tax Rate For Calcs": NaN,
        "Normalized EBITDA": NaN,
        "Total Unusual Items": NaN,
        "Total Unusual Items Excluding Goodwill": NaN,
        "Net Income From Continuing Operation Net Minority Interest": NaN,
        "Reconciled Depreciation": NaN,
        "Reconciled Cost Of Revenue": NaN,
        "EBITDA": NaN,
        "EBIT": NaN,
        "Net Interest Income": NaN,
        "Interest Expense": NaN,
        "Normalized Income": NaN,
        "Net Income From Continuing And Discontinued Operation": NaN,
        "Total Expenses": NaN,
        "Total Operating Income As Reported": NaN,
        "Diluted Average Shares": NaN,
        "Basic Average Shares": NaN,
        "Diluted EPS": NaN,
        "Basic EPS": NaN,
        "Diluted NI Availto Com Stockholders": NaN,
        "Net Income Common Stockholders": NaN,
        "Otherunder Preferred Stock Dividend": NaN,
        "Net Income": NaN,
        "Net Income Including Noncontrolling Interests": NaN,
        "Net Income Continuous Operations": NaN,
        "Tax Provision": NaN,
        "Pretax Income": NaN,
        "Other Non Operating Income Expenses": -3000000.0,
        "Special Income Charges": NaN,
        "Impairment Of Capital Assets": NaN,
        "Net Non Operating Interest Income Expense": NaN,
        "Interest Expense Non Operating": NaN,
        "Operating Income": NaN,
        "Operating Expense": NaN,
        "Depreciation And Amortization In Income Statement": NaN,
        "Depreciation Income Statement": NaN,
        "Selling General And Administration": NaN,
        "General And Administrative Expense": NaN,
        "Gross Profit": NaN,
        "Cost Of Revenue": NaN,
        "Total Revenue": NaN,
        "Operating Revenue": NaN
    },
    "2024-01-31": {
        "Tax Effect Of Unusual Items": 0.0,
        "Tax Rate For Calcs": 0.256351,
        "Normalized EBITDA": 560000000.0,
        "Total Unusual Items": NaN,
        "Total Unusual Items Excluding Goodwill": NaN,
        "Net Income From Continuing Operation Net Minority Interest": 322000000.0,
        "Reconciled Depreciation": 83000000.0,
        "Reconciled Cost Of Revenue": 4644000000.0,
        "EBITDA": NaN,
        "EBIT": 477000000.0,
        "Net Interest Income": -44000000.0,
        "Interest Expense": NaN,
        "Normalized Income": 322000000.0,
        "Net Income From Continuing And Discontinued Operation": 322000000.0,
        "Total Expenses": 6196000000.0,
        "Total Operating Income As Reported": 477000000.0,
        "Diluted Average Shares": 203900000.0,
        "Basic Average Shares": 203400000.0,
        "Diluted EPS": 1.58,
        "Basic EPS": 1.58,
        "Diluted NI Availto Com Stockholders": 322000000.0,
        "Net Income Common Stockholders": 322000000.0,
        "Otherunder Preferred Stock Dividend": 0.0,
        "Net Income": 322000000.0,
        "Net Income Including Noncontrolling Interests": 322000000.0,
        "Net Income Continuous Operations": 322000000.0,
        "Tax Provision": 111000000.0,
        "Pretax Income": 433000000.0,
        "Other Non Operating Income Expenses": NaN,
        "Special Income Charges": NaN,
        "Impairment Of Capital Assets": NaN,
        "Net Non Operating Interest Income Expense": -44000000.0,
        "Interest Expense Non Operating": 44000000.0,
        "Operating Income": 477000000.0,
        "Operating Expense": 1552000000.0,
        "Depreciation And Amortization In Income Statement": 83000000.0,
        "Depreciation Income Statement": 83000000.0,
        "Selling General And Administration": 1469000000.0,
        "General And Administrative Expense": 1469000000.0,
        "Gross Profit": 2029000000.0,
        "Cost Of Revenue": NaN,
        "Total Revenue": 6673000000.0,
        "Operating Revenue": 6673000000.0
    },
    "2024-04-30": {
        "Tax Effect Of Unusual Items": NaN,
        "Tax Rate For Calcs": NaN,
        "Normalized EBITDA": NaN,
        "Total Unusual Items": -12000000.0,
        "Total Unusual Items Excluding Goodwill": -12000000.0,
        "Net Income From Continuing Operation Net Minority Interest": NaN,
        "Reconciled Depreciation": NaN,
        "Reconciled Cost Of Revenue": NaN,
        "EBITDA": NaN,
        "EBIT": NaN,
        "Net Interest Income": NaN,
        "Interest Expense": NaN,
        "Normalized Income": NaN,
        "Net Income From Continuing And Discontinued Operation": NaN,
        "Total Expenses": NaN,
        "Total Operating Income As Reported": NaN,
        "Diluted Average Shares": NaN,
        "Basic Average Shares": NaN,
        "Diluted EPS": NaN,
        "Basic EPS": NaN,
        "Diluted NI Availto Com Stockholders": NaN,
        "Net Income Common Stockholders": NaN,
        "Otherunder Preferred Stock Dividend": NaN,
        "Net Income": NaN,
        "Net Income Including Noncontrolling Interests": NaN,
        "Net Income Continuous Operations": NaN,
        "Tax Provision": NaN,
        "Pretax Income": NaN,
        "Other Non Operating Income Expenses": NaN,
        "Special Income Charges": -12000000.0,
        "Impairment Of Capital Assets": 0.0,
        "Restructuring And Mergern Acquisition": 12000000.0,
        "Net Non Operating Interest Income Expense": NaN,
        "Interest Expense Non Operating": NaN,
        "Operating Income": NaN,
        "Operating Expense": NaN,
        "Depreciation And Amortization In Income Statement": NaN,
        "Depreciation Income Statement": NaN,
        "Selling General And Administration": NaN,
        "General And Administrative Expense": NaN,
        "Gross Profit": NaN,
        "Cost Of Revenue": NaN,
        "Total Revenue": NaN,
        "Operating Revenue": NaN
    },
    "2024-07-31": {
        "Tax Effect Of Unusual Items": NaN,
        "Tax Rate For Calcs": NaN,
        "Normalized EBITDA": NaN,
        "Total Unusual Items": 0.0,
        "Total Unusual Items Excluding Goodwill": 0.0,
        "Net Income From Continuing Operation Net Minority Interest": NaN,
        "Reconciled Depreciation": NaN,
        "Reconciled Cost Of Revenue": NaN,
        "EBITDA": NaN,
        "EBIT": NaN,
        "Net Interest Income": NaN,
        "Interest Expense": NaN,
        "Normalized Income": NaN,
        "Net Income From Continuing And Discontinued Operation": NaN,
        "Total Expenses": NaN,
        "Total Operating Income As Reported": NaN,
        "Diluted Average Shares": NaN,
        "Basic Average Shares": NaN,
        "Diluted EPS": NaN,
        "Basic EPS": NaN,
        "Diluted NI Availto Com Stockholders": NaN,
        "Net Income Common Stockholders": NaN,
        "Otherunder Preferred Stock Dividend": NaN,
        "Net Income": NaN,
        "Net Income Including Noncontrolling Interests": NaN,
        "Net Income Continuous Operations": NaN,
        "Tax Provision": NaN,
        "Pretax Income": NaN,
        "Other Non Operating Income Expenses": NaN,
        "Special Income Charges": 0.0,
        "Impairment Of Capital Assets": 0.0,
        "Restructuring And Mergern Acquisition": NaN,
        "Net Non Operating Interest Income Expense": NaN,
        "Interest Expense Non Operating": NaN,
        "Operating Income": NaN,
        "Operating Expense": NaN,
        "Depreciation And Amortization In Income Statement": NaN,
        "Depreciation Income Statement": NaN,
        "Selling General And Administration": NaN,
        "General And Administrative Expense": NaN,
        "Gross Profit": NaN,
        "Cost Of Revenue": NaN,
        "Total Revenue": NaN,
        "Operating Revenue": NaN
    },
    "2024-10-31": {
        "Tax Effect Of Unusual Items": 0.0,
        "Tax Rate For Calcs": 0.247,
        "Normalized EBITDA": 760000000.0,
        "Total Unusual Items": NaN,
        "Total Unusual Items Excluding Goodwill": NaN,
        "Net Income From Continuing Operation Net Minority Interest": 470000000.0,
        "Reconciled Depreciation": 90000000.0,
        "Reconciled Cost Of Revenue": 5432000000.0,
        "EBITDA": 760000000.0,
        "EBIT": 670000000.0,
        "Net Interest Income": -46000000.0,
        "Interest Expense": 46000000.0,
        "Normalized Income": 470000000.0,
        "Net Income From Continuing And Discontinued Operation": 470000000.0,
        "Total Expenses": 7107000000.0,
        "Total Operating Income As Reported": 665000000.0,
        "Diluted Average Shares": 201300000.0,
        "Basic Average Shares": 200800000.0,
        "Diluted EPS": 2.34,
        "Basic EPS": 2.34,
        "Diluted NI Availto Com Stockholders": 470000000.0,
        "Net Income Common Stockholders": 470000000.0,
        "Otherunder Preferred Stock Dividend": 0.0,
        "Net Income": 470000000.0,
        "Net Income Including Noncontrolling Interests": 470000000.0,
        "Net Income Continuous Operations": 470000000.0,
        "Tax Provision": 154000000.0,
        "Pretax Income": 624000000.0,
        "Other Non Operating Income Expenses": 5000000.0,
        "Special Income Charges": NaN,
        "Impairment Of Capital Assets": NaN,
        "Restructuring And Mergern Acquisition": NaN,
        "Net Non Operating Interest Income Expense": -46000000.0,
        "Interest Expense Non Operating": 46000000.0,
        "Operating Income": 665000000.0,
        "Operating Expense": 1675000000.0,
        "Depreciation And Amortization In Income Statement": 90000000.0,
        "Depreciation Income Statement": 90000000.0,
        "Selling General And Administration": 1585000000.0,
        "General And Administrative Expense": 1585000000.0,
        "Gross Profit": 2340000000.0,
        "Cost Of Revenue": 5432000000.0,
        "Total Revenue": 7772000000.0,
        "Operating Revenue": 7772000000.0
    },
    "2025-01-31": {
        "Tax Effect Of Unusual Items": 0.0,
        "Tax Rate For Calcs": 0.254,
        "Normalized EBITDA": 510000000.0,
        "Total Unusual Items": NaN,
        "Total Unusual Items Excluding Goodwill": NaN,
        "Net Income From Continuing Operation Net Minority Interest": 276000000.0,
        "Reconciled Depreciation": 92000000.0,
        "Reconciled Cost Of Revenue": 4830000000.0,
        "EBITDA": 510000000.0,
        "EBIT": 418000000.0,
        "Net Interest Income": -48000000.0,
        "Interest Expense": 48000000.0,
        "Normalized Income": 276000000.0,
        "Net Income From Continuing And Discontinued Operation": 276000000.0,
        "Total Expenses": 6462000000.0,
        "Total Operating Income As Reported": 410000000.0,
        "Diluted Average Shares": 199800000.0,
        "Basic Average Shares": 199600000.0,
        "Diluted EPS": 1.38,
        "Basic EPS": 1.38,
        "Diluted NI Availto Com Stockholders": 276000000.0,
        "Net Income Common Stockholders": 276000000.0,
        "Otherunder Preferred Stock Dividend": 0.0,
        "Net Income": 276000000.0,
        "Net Income Including Noncontrolling Interests": 276000000.0,
        "Net Income Continuous Operations": 276000000.0,
        "Tax Provision": 94000000.0,
        "Pretax Income": 370000000.0,
        "Other Non Operating Income Expenses": 8000000.0,
        "Special Income Charges": NaN,
        "Impairment Of Capital Assets": NaN,
        "Restructuring And Mergern Acquisition": NaN,
        "Net Non Operating Interest Income Expense": -48000000.0,
        "Interest Expense Non Operating": 48000000.0,
        "Operating Income": 410000000.0,
        "Operating Expense": 1632000000.0,
        "Depreciation And Amortization In Income Statement": 92000000.0,
        "Depreciation Income Statement": 92000000.0,
        "Selling General And Administration": 1540000000.0,
        "General And Administrative Expense": 1540000000.0,
        "Gross Profit": 2042000000.0,
        "Cost Of Revenue": 4830000000.0,
        "Total Revenue": 6872000000.0,
        "Operating Revenue": 6872000000.0
    },
    "2025-04-30": {
        "Tax Effect Of Unusual Items": -18480000.0,
        "Tax Rate For Calcs": 0.264,
        "Normalized EBITDA": 767000000.0,
        "Total Unusual Items": -70000000.0,
        "Total Unusual Items Excluding Goodwill": -70000000.0,
        "Net Income From Continuing Operation Net Minority Interest": 410000000.0,
        "Reconciled Depreciation": 94000000.0,
        "Reconciled Cost Of Revenue": 5262000000.0,
        "EBITDA": 697000000.0,
        "EBIT": 603000000.0,
        "Net Interest Income": -46000000.0,
        "Interest Expense": 46000000.0,
        "Normalized Income": 461520000.0,
        "Net Income From Continuing And Discontinued Operation": 410000000.0,
        "Total Expenses": 6945000000.0,
        "Total Operating Income As Reported": 606000000.0,
        "Diluted Average Shares": 198500000.0,
        "Basic Average Shares": 198300000.0,
        "Diluted EPS": 2.07,
        "Basic EPS": 2.07,
        "Diluted NI Availto Com Stockholders": 410000000.0,
        "Net Income Common Stockholders": 410000000.0,
        "Otherunder Preferred Stock Dividend": 0.0,
        "Net Income": 410000000.0,
        "Net Income Including Noncontrolling Interests": 410000000.0,
        "Net Income Continuous Operations": 410000000.0,
        "Tax Provision": 147000000.0,
        "Pretax Income": 557000000.0,
        "Other Non Operating Income Expenses": -3000000.0,
        "Special Income Charges": -70000000.0,
        "Impairment Of Capital Assets": NaN,
        "Restructuring And Mergern Acquisition": 70000000.0,
        "Net Non Operating Interest Income Expense": -46000000.0,
        "Interest Expense Non Operating": 46000000.0,
        "Operating Income": 676000000.0,
        "Operating Expense": 1683000000.0,
        "Depreciation And Amortization In Income Statement": 94000000.0,
        "Depreciation Income Statement": 94000000.0,
        "Selling General And Administration": 1589000000.0,
        "General And Administrative Expense": 1589000000.0,
        "Gross Profit": 2359000000.0,
        "Cost Of Revenue": 5262000000.0,
        "Total Revenue": 7621000000.0,
        "Operating Revenue": 7621000000.0
    },
    "2025-07-31": {
        "Tax Effect Of Unusual Items": -1380733.944954,
        "Tax Rate For Calcs": 0.197248,
        "Normalized EBITDA": 1026000000.0,
        "Total Unusual Items": -7000000.0,
        "Total Unusual Items Excluding Goodwill": -7000000.0,
        "Net Income From Continuing Operation Net Minority Interest": 700000000.0,
        "Reconciled Depreciation": 97000000.0,
        "Reconciled Cost Of Revenue": 5803000000.0,
        "EBITDA": 1019000000.0,
        "EBIT": 922000000.0,
        "Net Interest Income": -50000000.0,
        "Interest Expense": 50000000.0,
        "Normalized Income": 705619266.055046,
        "Net Income From Continuing And Discontinued Operation": 700000000.0,
        "Total Expenses": 7565000000.0,
        "Total Operating Income As Reported": 925000000.0,
        "Diluted Average Shares": 197300000.0,
        "Basic Average Shares": 197000000.0,
        "Diluted EPS": 3.55,
        "Basic EPS": 3.55,
        "Diluted NI Availto Com Stockholders": 700000000.0,
        "Net Income Common Stockholders": 700000000.0,
        "Otherunder Preferred Stock Dividend": 0.0,
        "Net Income": 700000000.0,
        "Net Income Including Noncontrolling Interests": 700000000.0,
        "Net Income Continuous Operations": 700000000.0,
        "Tax Provision": 172000000.0,
        "Pretax Income": 872000000.0,
        "Other Non Operating Income Expenses": -3000000.0,
        "Special Income Charges": -7000000.0,
        "Impairment Of Capital Assets": NaN,
        "Restructuring And Mergern Acquisition": 7000000.0,
        "Net Non Operating Interest Income Expense": -50000000.0,
        "Interest Expense Non Operating": 50000000.0,
        "Operating Income": 932000000.0,
        "Operating Expense": 1762000000.0,
        "Depreciation And Amortization In Income Statement": 97000000.0,
        "Depreciation Income Statement": 97000000.0,
        "Selling General And Administration": 1665000000.0,
        "General And Administrative Expense": 1665000000.0,
        "Gross Profit": 2694000000.0,
        "Cost Of Revenue": 5803000000.0,
        "Total Revenue": 8497000000.0,
        "Operating Revenue": 8497000000.0
    },
    "2025-10-31": {
        "Tax Effect Of Unusual Items": 0.0,
        "Tax Rate For Calcs": 0.199438,
        "Normalized EBITDA": 852000000.0,
        "Total Unusual Items": NaN,
        "Total Unusual Items Excluding Goodwill": NaN,
        "Net Income From Continuing Operation Net Minority Interest": 570000000.0,
        "Reconciled Depreciation": 94000000.0,
        "Reconciled Cost Of Revenue": 5663000000.0,
        "EBITDA": 852000000.0,
        "EBIT": 758000000.0,
        "Net Interest Income": -46000000.0,
        "Interest Expense": 46000000.0,
        "Normalized Income": 570000000.0,
        "Net Income From Continuing And Discontinued Operation": 570000000.0,
        "Total Expenses": 7398000000.0,
        "Total Operating Income As Reported": 771000000.0,
        "Diluted Average Shares": 196600000.0,
        "Basic Average Shares": 196200000.0,
        "Diluted EPS": 2.9,
        "Basic EPS": 2.91,
        "Diluted NI Availto Com Stockholders": 570000000.0,
        "Net Income Common Stockholders": 570000000.0,
        "Otherunder Preferred Stock Dividend": 0.0,
        "Net Income": 570000000.0,
        "Net Income Including Noncontrolling Interests": 570000000.0,
        "Net Income Continuous Operations": 570000000.0,
        "Tax Provision": 142000000.0,
        "Pretax Income": 712000000.0,
        "Other Non Operating Income Expenses": -13000000.0,
        "Special Income Charges": NaN,
        "Impairment Of Capital Assets": NaN,
        "Restructuring And Mergern Acquisition": NaN,
        "Net Non Operating Interest Income Expense": -46000000.0,
        "Interest Expense Non Operating": 46000000.0,
        "Operating Income": 771000000.0,
        "Operating Expense": 1735000000.0,
        "Depreciation And Amortization In Income Statement": 94000000.0,
        "Depreciation Income Statement": 94000000.0,
        "Selling General And Administration": 1641000000.0,
        "General And Administrative Expense": 1641000000.0,
        "Gross Profit": 2506000000.0,
        "Cost Of Revenue": 5663000000.0,
        "Total Revenue": 8169000000.0,
        "Operating Revenue": 8169000000.0
    }
}