{
    "2023-03-31": {
        "Tax Effect Of Unusual Items": NaN,
        "Tax Rate For Calcs": NaN,
        "Normalized EBITDA": NaN,
        "Total Unusual Items": 533000.0,
        "Total Unusual Items Excluding Goodwill": 533000.0,
        "Net Income From Continuing Operation Net Minority Interest": NaN,
        "Reconciled Depreciation": NaN,
        "Reconciled Cost Of Revenue": NaN,
        "EBITDA": NaN,
        "EBIT": NaN,
        "Net Interest Income": NaN,
        "Interest Expense": NaN,
        "Interest Income": NaN,
        "Normalized Income": NaN,
        "Net Income From Continuing And Discontinued Operation": NaN,
        "Total Expenses": NaN,
        "Total Operating Income As Reported": NaN,
        "Diluted Average Shares": NaN,
        "Basic Average Shares": NaN,
        "Diluted EPS": NaN,
        "Basic EPS": NaN,
        "Diluted NI Availto Com Stockholders": NaN,
        "Net Income Common Stockholders": NaN,
        "Net Income": NaN,
        "Net Income Including Noncontrolling Interests": NaN,
        "Net Income Continuous Operations": NaN,
        "Tax Provision": NaN,
        "Pretax Income": NaN,
        "Other Income Expense": NaN,
        "Other Non Operating Income Expenses": 1000.0,
        "Gain On Sale Of Security": 533000.0,
        "Net Non Operating Interest Income Expense": NaN,
        "Interest Expense Non Operating": NaN,
        "Interest Income Non Operating": NaN,
        "Operating Income": NaN,
        "Operating Expense": NaN,
        "Research And Development": NaN,
        "Selling General And Administration": NaN,
        "Gross Profit": NaN,
        "Cost Of Revenue": NaN,
        "Total Revenue": NaN,
        "Operating Revenue": NaN
    },
    "2022-12-31": {
        "Tax Effect Of Unusual Items": NaN,
        "Tax Rate For Calcs": NaN,
        "Normalized EBITDA": NaN,
        "Total Unusual Items": -590000.0,
        "Total Unusual Items Excluding Goodwill": -590000.0,
        "Net Income From Continuing Operation Net Minority Interest": NaN,
        "Reconciled Depreciation": NaN,
        "Reconciled Cost Of Revenue": NaN,
        "EBITDA": NaN,
        "EBIT": NaN,
        "Net Interest Income": NaN,
        "Interest Expense": NaN,
        "Interest Income": NaN,
        "Normalized Income": NaN,
        "Net Income From Continuing And Discontinued Operation": NaN,
        "Total Expenses": NaN,
        "Total Operating Income As Reported": NaN,
        "Diluted Average Shares": NaN,
        "Basic Average Shares": NaN,
        "Diluted EPS": NaN,
        "Basic EPS": NaN,
        "Diluted NI Availto Com Stockholders": NaN,
        "Net Income Common Stockholders": NaN,
        "Net Income": NaN,
        "Net Income Including Noncontrolling Interests": NaN,
        "Net Income Continuous Operations": NaN,
        "Tax Provision": NaN,
        "Pretax Income": NaN,
        "Other Income Expense": NaN,
        "Other Non Operating Income Expenses": -1000.0,
        "Gain On Sale Of Security": -590000.0,
        "Net Non Operating Interest Income Expense": NaN,
        "Interest Expense Non Operating": NaN,
        "Interest Income Non Operating": NaN,
        "Operating Income": NaN,
        "Operating Expense": NaN,
        "Research And Development": NaN,
        "Selling General And Administration": NaN,
        "General And Administrative Expense": 2394000.0,
        "Other Gand A": 1190000.0,
        "Salaries And Wages": 1204000.0,
        "Gross Profit": NaN,
        "Cost Of Revenue": NaN,
        "Total Revenue": NaN,
        "Operating Revenue": NaN
    },
    "2022-09-30": {
        "Tax Effect Of Unusual Items": NaN,
        "Tax Rate For Calcs": NaN,
        "Normalized EBITDA": NaN,
        "Total Unusual Items": -590000.0,
        "Total Unusual Items Excluding Goodwill": -590000.0,
        "Net Income From Continuing Operation Net Minority Interest": NaN,
        "Reconciled Depreciation": NaN,
        "Reconciled Cost Of Revenue": NaN,
        "EBITDA": NaN,
        "EBIT": NaN,
        "Net Interest Income": NaN,
        "Interest Expense": NaN,
        "Interest Income": NaN,
        "Normalized Income": NaN,
        "Net Income From Continuing And Discontinued Operation": NaN,
        "Total Expenses": NaN,
        "Total Operating Income As Reported": NaN,
        "Diluted Average Shares": NaN,
        "Basic Average Shares": NaN,
        "Diluted EPS": NaN,
        "Basic EPS": NaN,
        "Diluted NI Availto Com Stockholders": NaN,
        "Net Income Common Stockholders": NaN,
        "Net Income": NaN,
        "Net Income Including Noncontrolling Interests": NaN,
        "Net Income Continuous Operations": NaN,
        "Tax Provision": NaN,
        "Pretax Income": NaN,
        "Other Income Expense": NaN,
        "Other Non Operating Income Expenses": -1000.0,
        "Gain On Sale Of Security": -590000.0,
        "Net Non Operating Interest Income Expense": NaN,
        "Interest Expense Non Operating": NaN,
        "Interest Income Non Operating": NaN,
        "Operating Income": NaN,
        "Operating Expense": NaN,
        "Research And Development": NaN,
        "Selling General And Administration": NaN,
        "General And Administrative Expense": 2128000.0,
        "Other Gand A": 1149000.0,
        "Salaries And Wages": 979000.0,
        "Gross Profit": NaN,
        "Cost Of Revenue": NaN,
        "Total Revenue": NaN,
        "Operating Revenue": NaN
    },
    "2022-06-30": {
        "Tax Effect Of Unusual Items": -751448.0,
        "Tax Rate For Calcs": 0.232,
        "Normalized EBITDA": 1936000.0,
        "Total Unusual Items": -3239000.0,
        "Total Unusual Items Excluding Goodwill": -3239000.0,
        "Net Income From Continuing Operation Net Minority Interest": -3104000.0,
        "Reconciled Depreciation": 2706000.0,
        "Reconciled Cost Of Revenue": 116819000.0,
        "EBITDA": -1303000.0,
        "EBIT": -4009000.0,
        "Net Interest Income": 714000.0,
        "Interest Expense": 33000.0,
        "Interest Income": 747000.0,
        "Normalized Income": -616448.0,
        "Net Income From Continuing And Discontinued Operation": -3104000.0,
        "Total Expenses": 119311000.0,
        "Total Operating Income As Reported": -1515000.0,
        "Diluted Average Shares": 43763243.0,
        "Basic Average Shares": 43763243.0,
        "Diluted EPS": -0.07,
        "Basic EPS": -0.07,
        "Diluted NI Availto Com Stockholders": -3104000.0,
        "Net Income Common Stockholders": -3104000.0,
        "Net Income": -3104000.0,
        "Net Income Including Noncontrolling Interests": -3104000.0,
        "Net Income Continuous Operations": -3104000.0,
        "Tax Provision": -938000.0,
        "Pretax Income": -4042000.0,
        "Other Income Expense": -3241000.0,
        "Other Non Operating Income Expenses": -2000.0,
        "Gain On Sale Of Security": -3239000.0,
        "Net Non Operating Interest Income Expense": 714000.0,
        "Interest Expense Non Operating": 33000.0,
        "Interest Income Non Operating": 747000.0,
        "Operating Income": -1515000.0,
        "Operating Expense": 2492000.0,
        "Research And Development": 755000.0,
        "Selling General And Administration": 1737000.0,
        "General And Administrative Expense": 1737000.0,
        "Other Gand A": 1036000.0,
        "Salaries And Wages": 701000.0,
        "Gross Profit": 977000.0,
        "Cost Of Revenue": 116819000.0,
        "Total Revenue": 117796000.0,
        "Operating Revenue": 117796000.0
    },
    "2023-06-30": {
        "Tax Effect Of Unusual Items": NaN,
        "Tax Rate For Calcs": NaN,
        "Normalized EBITDA": NaN,
        "Total Unusual Items": 42000.0,
        "Total Unusual Items Excluding Goodwill": 42000.0,
        "Net Income From Continuing Operation Net Minority Interest": NaN,
        "Reconciled Depreciation": NaN,
        "Reconciled Cost Of Revenue": NaN,
        "EBITDA": NaN,
        "EBIT": NaN,
        "Net Interest Income": NaN,
        "Interest Expense": NaN,
        "Interest Income": NaN,
        "Normalized Income": NaN,
        "Net Income From Continuing And Discontinued Operation": NaN,
        "Total Expenses": NaN,
        "Total Operating Income As Reported": NaN,
        "Diluted Average Shares": 43763243.0,
        "Basic Average Shares": 43763243.0,
        "Diluted EPS": -0.23,
        "Basic EPS": -0.23,
        "Diluted NI Availto Com Stockholders": NaN,
        "Net Income Common Stockholders": NaN,
        "Net Income": NaN,
        "Net Income Including Noncontrolling Interests": NaN,
        "Net Income Continuous Operations": NaN,
        "Tax Provision": NaN,
        "Pretax Income": NaN,
        "Other Income Expense": 41000.0,
        "Other Non Operating Income Expenses": -1000.0,
        "Gain On Sale Of Security": 42000.0,
        "Net Non Operating Interest Income Expense": NaN,
        "Interest Expense Non Operating": NaN,
        "Interest Income Non Operating": NaN,
        "Operating Income": NaN,
        "Operating Expense": NaN,
        "Research And Development": NaN,
        "Selling General And Administration": NaN,
        "Gross Profit": NaN,
        "Cost Of Revenue": NaN,
        "Total Revenue": NaN,
        "Operating Revenue": NaN
    },
    "2023-09-30": {
        "Tax Effect Of Unusual Items": NaN,
        "Tax Rate For Calcs": NaN,
        "Normalized EBITDA": NaN,
        "Total Unusual Items": NaN,
        "Total Unusual Items Excluding Goodwill": NaN,
        "Net Income From Continuing Operation Net Minority Interest": NaN,
        "Reconciled Depreciation": NaN,
        "Reconciled Cost Of Revenue": NaN,
        "EBITDA": NaN,
        "EBIT": NaN,
        "Net Interest Income": NaN,
        "Interest Expense": NaN,
        "Interest Income": NaN,
        "Normalized Income": NaN,
        "Net Income From Continuing And Discontinued Operation": NaN,
        "Total Expenses": NaN,
        "Total Operating Income As Reported": NaN,
        "Diluted Average Shares": 43765709.0,
        "Basic Average Shares": 43763243.0,
        "Diluted EPS": 0.06,
        "Basic EPS": 0.06,
        "Diluted NI Availto Com Stockholders": NaN,
        "Net Income Common Stockholders": NaN,
        "Net Income": NaN,
        "Net Income Including Noncontrolling Interests": NaN,
        "Net Income Continuous Operations": NaN,
        "Tax Provision": NaN,
        "Pretax Income": NaN,
        "Other Income Expense": NaN,
        "Other Non Operating Income Expenses": NaN,
        "Gain On Sale Of Security": NaN,
        "Net Non Operating Interest Income Expense": NaN,
        "Interest Expense Non Operating": NaN,
        "Interest Income Non Operating": NaN,
        "Operating Income": NaN,
        "Operating Expense": NaN,
        "Research And Development": NaN,
        "Selling General And Administration": NaN,
        "Gross Profit": NaN,
        "Cost Of Revenue": NaN,
        "Total Revenue": NaN,
        "Operating Revenue": NaN
    },
    "2023-12-31": {
        "Tax Effect Of Unusual Items": NaN,
        "Tax Rate For Calcs": NaN,
        "Normalized EBITDA": NaN,
        "Total Unusual Items": 0.0,
        "Total Unusual Items Excluding Goodwill": 0.0,
        "Net Income From Continuing Operation Net Minority Interest": NaN,
        "Reconciled Depreciation": NaN,
        "Reconciled Cost Of Revenue": NaN,
        "EBITDA": NaN,
        "EBIT": NaN,
        "Net Interest Income": NaN,
        "Interest Expense": NaN,
        "Interest Income": NaN,
        "Normalized Income": NaN,
        "Net Income From Continuing And Discontinued Operation": NaN,
        "Total Expenses": NaN,
        "Total Operating Income As Reported": NaN,
        "Diluted Average Shares": NaN,
        "Basic Average Shares": NaN,
        "Diluted EPS": NaN,
        "Basic EPS": NaN,
        "Diluted NI Availto Com Stockholders": NaN,
        "Net Income Common Stockholders": NaN,
        "Net Income": NaN,
        "Net Income Including Noncontrolling Interests": NaN,
        "Net Income Continuous Operations": NaN,
        "Tax Provision": NaN,
        "Pretax Income": NaN,
        "Other Income Expense": NaN,
        "Other Non Operating Income Expenses": NaN,
        "Gain On Sale Of Security": 0.0,
        "Net Non Operating Interest Income Expense": NaN,
        "Interest Expense Non Operating": NaN,
        "Interest Income Non Operating": NaN,
        "Operating Income": NaN,
        "Operating Expense": NaN,
        "Research And Development": NaN,
        "Selling General And Administration": NaN,
        "Gross Profit": NaN,
        "Cost Of Revenue": NaN,
        "Total Revenue": NaN,
        "Operating Revenue": NaN
    },
    "2024-03-31": {
        "Tax Effect Of Unusual Items": NaN,
        "Tax Rate For Calcs": NaN,
        "Normalized EBITDA": NaN,
        "Net Income From Continuing Operation Net Minority Interest": NaN,
        "Reconciled Depreciation": NaN,
        "Reconciled Cost Of Revenue": NaN,
        "EBITDA": NaN,
        "EBIT": NaN,
        "Net Interest Income": NaN,
        "Interest Expense": NaN,
        "Interest Income": NaN,
        "Normalized Income": NaN,
        "Net Income From Continuing And Discontinued Operation": NaN,
        "Total Expenses": NaN,
        "Total Operating Income As Reported": NaN,
        "Diluted Average Shares": NaN,
        "Basic Average Shares": NaN,
        "Diluted EPS": NaN,
        "Basic EPS": NaN,
        "Diluted NI Availto Com Stockholders": NaN,
        "Net Income Common Stockholders": NaN,
        "Net Income": NaN,
        "Net Income Including Noncontrolling Interests": NaN,
        "Net Income Continuous Operations": NaN,
        "Tax Provision": NaN,
        "Pretax Income": NaN,
        "Other Income Expense": -1000.0,
        "Other Non Operating Income Expenses": -1000.0,
        "Net Non Operating Interest Income Expense": NaN,
        "Interest Expense Non Operating": NaN,
        "Interest Income Non Operating": NaN,
        "Operating Income": NaN,
        "Operating Expense": NaN,
        "Research And Development": NaN,
        "Selling General And Administration": NaN,
        "Gross Profit": NaN,
        "Cost Of Revenue": NaN,
        "Total Revenue": NaN,
        "Operating Revenue": NaN
    },
    "2024-06-30": {
        "Tax Effect Of Unusual Items": NaN,
        "Tax Rate For Calcs": NaN,
        "Normalized EBITDA": NaN,
        "Net Income From Continuing Operation Net Minority Interest": NaN,
        "Reconciled Depreciation": NaN,
        "Reconciled Cost Of Revenue": NaN,
        "EBITDA": NaN,
        "EBIT": NaN,
        "Net Interest Income": NaN,
        "Interest Expense": NaN,
        "Interest Income": NaN,
        "Normalized Income": NaN,
        "Net Income From Continuing And Discontinued Operation": NaN,
        "Total Expenses": NaN,
        "Total Operating Income As Reported": NaN,
        "Diluted Average Shares": NaN,
        "Basic Average Shares": NaN,
        "Diluted EPS": NaN,
        "Basic EPS": NaN,
        "Diluted NI Availto Com Stockholders": NaN,
        "Net Income Common Stockholders": NaN,
        "Net Income": NaN,
        "Net Income Including Noncontrolling Interests": NaN,
        "Net Income Continuous Operations": NaN,
        "Tax Provision": NaN,
        "Pretax Income": NaN,
        "Other Income Expense": 2639000.0,
        "Other Non Operating Income Expenses": 2639000.0,
        "Net Non Operating Interest Income Expense": NaN,
        "Interest Expense Non Operating": NaN,
        "Interest Income Non Operating": NaN,
        "Operating Income": NaN,
        "Operating Expense": NaN,
        "Research And Development": NaN,
        "Selling General And Administration": NaN,
        "Gross Profit": NaN,
        "Cost Of Revenue": NaN,
        "Total Revenue": NaN,
        "Operating Revenue": NaN
    },
    "2024-09-30": {
        "Tax Effect Of Unusual Items": 0.0,
        "Tax Rate For Calcs": 0.002504,
        "Normalized EBITDA": 1000000.0,
        "Net Income From Continuing Operation Net Minority Interest": -1195000.0,
        "Reconciled Depreciation": 2163000.0,
        "Reconciled Cost Of Revenue": 50757000.0,
        "EBITDA": 1000000.0,
        "EBIT": -1163000.0,
        "Net Interest Income": 1795000.0,
        "Interest Expense": 35000.0,
        "Interest Income": 1830000.0,
        "Normalized Income": -1195000.0,
        "Net Income From Continuing And Discontinued Operation": -1195000.0,
        "Total Expenses": 54028000.0,
        "Total Operating Income As Reported": -2888000.0,
        "Diluted Average Shares": 43763243.0,
        "Basic Average Shares": 43763243.0,
        "Diluted EPS": -0.03,
        "Basic EPS": -0.03,
        "Diluted NI Availto Com Stockholders": -1195000.0,
        "Net Income Common Stockholders": -1195000.0,
        "Net Income": -1195000.0,
        "Net Income Including Noncontrolling Interests": -1195000.0,
        "Net Income Continuous Operations": -1195000.0,
        "Tax Provision": -3000.0,
        "Pretax Income": -1198000.0,
        "Other Income Expense": -105000.0,
        "Other Non Operating Income Expenses": -105000.0,
        "Net Non Operating Interest Income Expense": 1795000.0,
        "Interest Expense Non Operating": 35000.0,
        "Interest Income Non Operating": 1830000.0,
        "Operating Income": -2888000.0,
        "Operating Expense": 3271000.0,
        "Research And Development": 981000.0,
        "Selling General And Administration": 2290000.0,
        "Gross Profit": 383000.0,
        "Cost Of Revenue": 50757000.0,
        "Total Revenue": 51140000.0,
        "Operating Revenue": 51140000.0
    },
    "2024-12-31": {
        "Tax Effect Of Unusual Items": 0.0,
        "Tax Rate For Calcs": 0.053148,
        "Normalized EBITDA": 5273000.0,
        "Net Income From Continuing Operation Net Minority Interest": 2797000.0,
        "Reconciled Depreciation": 2285000.0,
        "Reconciled Cost Of Revenue": 55912000.0,
        "EBITDA": 5273000.0,
        "EBIT": 2988000.0,
        "Net Interest Income": 1471000.0,
        "Interest Expense": 34000.0,
        "Interest Income": 1505000.0,
        "Normalized Income": 2797000.0,
        "Net Income From Continuing And Discontinued Operation": 2797000.0,
        "Total Expenses": 59898000.0,
        "Total Operating Income As Reported": 1611000.0,
        "Diluted Average Shares": 43773243.0,
        "Basic Average Shares": 43773243.0,
        "Diluted EPS": 0.06,
        "Basic EPS": 0.06,
        "Diluted NI Availto Com Stockholders": 2797000.0,
        "Net Income Common Stockholders": 2797000.0,
        "Net Income": 2797000.0,
        "Net Income Including Noncontrolling Interests": 2797000.0,
        "Net Income Continuous Operations": 2797000.0,
        "Tax Provision": 157000.0,
        "Pretax Income": 2954000.0,
        "Other Income Expense": -128000.0,
        "Other Non Operating Income Expenses": -128000.0,
        "Net Non Operating Interest Income Expense": 1471000.0,
        "Interest Expense Non Operating": 34000.0,
        "Interest Income Non Operating": 1505000.0,
        "Operating Income": 1611000.0,
        "Operating Expense": 3986000.0,
        "Research And Development": 1190000.0,
        "Selling General And Administration": 2796000.0,
        "Gross Profit": 5597000.0,
        "Cost Of Revenue": 55912000.0,
        "Total Revenue": 61509000.0,
        "Operating Revenue": 61509000.0
    },
    "2025-03-31": {
        "Tax Effect Of Unusual Items": 0.0,
        "Tax Rate For Calcs": 0.0,
        "Normalized EBITDA": -15273000.0,
        "Net Income From Continuing Operation Net Minority Interest": -17643000.0,
        "Reconciled Depreciation": 2328000.0,
        "Reconciled Cost Of Revenue": 32101000.0,
        "EBITDA": -15273000.0,
        "EBIT": -17601000.0,
        "Net Interest Income": 1201000.0,
        "Interest Expense": 36000.0,
        "Interest Income": 1237000.0,
        "Normalized Income": -17643000.0,
        "Net Income From Continuing And Discontinued Operation": -17643000.0,
        "Total Expenses": 36376000.0,
        "Total Operating Income As Reported": -18838000.0,
        "Diluted Average Shares": 43803243.0,
        "Basic Average Shares": 43803243.0,
        "Diluted EPS": -0.4,
        "Basic EPS": -0.4,
        "Diluted NI Availto Com Stockholders": -17643000.0,
        "Net Income Common Stockholders": -17643000.0,
        "Net Income": -17643000.0,
        "Net Income Including Noncontrolling Interests": -17643000.0,
        "Net Income Continuous Operations": -17643000.0,
        "Tax Provision": 6000.0,
        "Pretax Income": -17637000.0,
        "Other Income Expense": NaN,
        "Other Non Operating Income Expenses": NaN,
        "Net Non Operating Interest Income Expense": 1201000.0,
        "Interest Expense Non Operating": 36000.0,
        "Interest Income Non Operating": 1237000.0,
        "Operating Income": -18838000.0,
        "Operating Expense": 4275000.0,
        "Research And Development": 1391000.0,
        "Selling General And Administration": 2884000.0,
        "Gross Profit": -14563000.0,
        "Cost Of Revenue": 32101000.0,
        "Total Revenue": 17538000.0,
        "Operating Revenue": 17538000.0
    },
    "2025-06-30": {
        "Tax Effect Of Unusual Items": 0.0,
        "Tax Rate For Calcs": 0.21,
        "Normalized EBITDA": -7944000.0,
        "Net Income From Continuing Operation Net Minority Interest": -10416000.0,
        "Reconciled Depreciation": 2411000.0,
        "Reconciled Cost Of Revenue": 44440000.0,
        "EBITDA": -7944000.0,
        "EBIT": -10355000.0,
        "Net Interest Income": 1042000.0,
        "Interest Expense": 26000.0,
        "Interest Income": 1068000.0,
        "Normalized Income": -10416000.0,
        "Net Income From Continuing And Discontinued Operation": -10416000.0,
        "Total Expenses": 47601000.0,
        "Total Operating Income As Reported": -11928000.0,
        "Diluted Average Shares": 43803243.0,
        "Basic Average Shares": 43803243.0,
        "Diluted EPS": -0.24,
        "Basic EPS": -0.24,
        "Diluted NI Availto Com Stockholders": -10416000.0,
        "Net Income Common Stockholders": -10416000.0,
        "Net Income": -10416000.0,
        "Net Income Including Noncontrolling Interests": -10416000.0,
        "Net Income Continuous Operations": -10416000.0,
        "Tax Provision": 35000.0,
        "Pretax Income": -10381000.0,
        "Other Income Expense": 505000.0,
        "Other Non Operating Income Expenses": 505000.0,
        "Net Non Operating Interest Income Expense": 1042000.0,
        "Interest Expense Non Operating": 26000.0,
        "Interest Income Non Operating": 1068000.0,
        "Operating Income": -11928000.0,
        "Operating Expense": 3161000.0,
        "Research And Development": 933000.0,
        "Selling General And Administration": 2228000.0,
        "Gross Profit": -8767000.0,
        "Cost Of Revenue": 44440000.0,
        "Total Revenue": 35673000.0,
        "Operating Revenue": 35673000.0
    },
    "2025-09-30": {
        "Tax Effect Of Unusual Items": 0.0,
        "Tax Rate For Calcs": 0.002886,
        "Normalized EBITDA": -6824000.0,
        "Net Income From Continuing Operation Net Minority Interest": -9327000.0,
        "Reconciled Depreciation": 2404000.0,
        "Reconciled Cost Of Revenue": 29520000.0,
        "EBITDA": -6824000.0,
        "EBIT": -9228000.0,
        "Net Interest Income": 886000.0,
        "Interest Expense": 126000.0,
        "Interest Income": 1012000.0,
        "Normalized Income": -9327000.0,
        "Net Income From Continuing And Discontinued Operation": -9327000.0,
        "Total Expenses": 32424000.0,
        "Total Operating Income As Reported": -9735000.0,
        "Diluted Average Shares": 43803243.0,
        "Basic Average Shares": 43803243.0,
        "Diluted EPS": -0.21,
        "Basic EPS": -0.21,
        "Diluted NI Availto Com Stockholders": -9327000.0,
        "Net Income Common Stockholders": -9327000.0,
        "Net Income": -9327000.0,
        "Net Income Including Noncontrolling Interests": -9327000.0,
        "Net Income Continuous Operations": -9327000.0,
        "Tax Provision": -27000.0,
        "Pretax Income": -9354000.0,
        "Other Income Expense": -505000.0,
        "Other Non Operating Income Expenses": -505000.0,
        "Net Non Operating Interest Income Expense": 886000.0,
        "Interest Expense Non Operating": 126000.0,
        "Interest Income Non Operating": 1012000.0,
        "Operating Income": -9735000.0,
        "Operating Expense": 2904000.0,
        "Research And Development": 855000.0,
        "Selling General And Administration": 2049000.0,
        "Gross Profit": -6831000.0,
        "Cost Of Revenue": 29520000.0,
        "Total Revenue": 22689000.0,
        "Operating Revenue": 22689000.0
    }
}