{
    "2024-09-30": {
        "Tax Effect Of Unusual Items": -679.985068,
        "Tax Rate For Calcs": 1.3e-05,
        "Normalized EBITDA": -4171000.0,
        "Total Unusual Items": -52826000.0,
        "Total Unusual Items Excluding Goodwill": -52826000.0,
        "Net Income From Continuing Operation Net Minority Interest": -77686000.0,
        "Reconciled Depreciation": 18036000.0,
        "Reconciled Cost Of Revenue": 21453000.0,
        "EBITDA": -56997000.0,
        "EBIT": -75033000.0,
        "Net Interest Income": -2654000.0,
        "Interest Expense": 2654000.0,
        "Normalized Income": -24860679.985068,
        "Net Income From Continuing And Discontinued Operation": -77686000.0,
        "Total Expenses": 22577000.0,
        "Total Operating Income As Reported": -25207000.0,
        "Diluted Average Shares": 15379402.0,
        "Basic Average Shares": 15379402.0,
        "Diluted EPS": -5.32,
        "Basic EPS": -5.32,
        "Diluted NI Availto Com Stockholders": -81839000.0,
        "Net Income Common Stockholders": -81839000.0,
        "Otherunder Preferred Stock Dividend": 4153000.0,
        "Net Income": -77686000.0,
        "Net Income Including Noncontrolling Interests": -77686000.0,
        "Net Income Continuous Operations": -77686000.0,
        "Tax Provision": -1000.0,
        "Pretax Income": -77687000.0,
        "Other Income Expense": -52465000.0,
        "Other Non Operating Income Expenses": 361000.0,
        "Special Income Charges": -61767000.0,
        "Gain On Sale Of Ppe": -2582000.0,
        "Other Special Charges": 59128000.0,
        "Impairment Of Capital Assets": 57000.0,
        "Restructuring And Mergern Acquisition": 0.0,
        "Gain On Sale Of Security": 8941000.0,
        "Net Non Operating Interest Income Expense": -2654000.0,
        "Interest Expense Non Operating": 2654000.0,
        "Operating Income": -22568000.0,
        "Operating Expense": 1124000.0,
        "Research And Development": -9755000.0,
        "Selling General And Administration": 10879000.0,
        "Selling And Marketing Expense": 2601000.0,
        "General And Administrative Expense": 8278000.0,
        "Other Gand A": 8278000.0,
        "Gross Profit": -21444000.0,
        "Cost Of Revenue": 21453000.0,
        "Total Revenue": 9000.0,
        "Operating Revenue": 9000.0
    },
    "2024-06-30": {
        "Tax Effect Of Unusual Items": -13059270.0,
        "Tax Rate For Calcs": 0.21,
        "Normalized EBITDA": -24331000.0,
        "Total Unusual Items": -62187000.0,
        "Total Unusual Items Excluding Goodwill": -62187000.0,
        "Net Income From Continuing Operation Net Minority Interest": -108685000.0,
        "Reconciled Depreciation": 18938000.0,
        "Reconciled Cost Of Revenue": 20970000.0,
        "EBITDA": -86518000.0,
        "EBIT": -105456000.0,
        "Net Interest Income": -3225000.0,
        "Interest Expense": 3225000.0,
        "Normalized Income": -59557270.0,
        "Net Income From Continuing And Discontinued Operation": -108685000.0,
        "Total Expenses": 43270000.0,
        "Total Operating Income As Reported": -50609000.0,
        "Diluted Average Shares": 8778200.0,
        "Basic Average Shares": 8778200.0,
        "Diluted EPS": -12.4,
        "Basic EPS": -12.4,
        "Diluted NI Availto Com Stockholders": -108685000.0,
        "Net Income Common Stockholders": -108685000.0,
        "Otherunder Preferred Stock Dividend": NaN,
        "Net Income": -108685000.0,
        "Net Income Including Noncontrolling Interests": -108685000.0,
        "Net Income Continuous Operations": -108685000.0,
        "Tax Provision": 4000.0,
        "Pretax Income": -108681000.0,
        "Other Income Expense": -62479000.0,
        "Other Non Operating Income Expenses": -292000.0,
        "Special Income Charges": -54610000.0,
        "Gain On Sale Of Ppe": -16000.0,
        "Other Special Charges": 46978000.0,
        "Impairment Of Capital Assets": 7616000.0,
        "Restructuring And Mergern Acquisition": 0.0,
        "Gain On Sale Of Security": -7577000.0,
        "Net Non Operating Interest Income Expense": -3225000.0,
        "Interest Expense Non Operating": 3225000.0,
        "Operating Income": -42977000.0,
        "Operating Expense": 22300000.0,
        "Research And Development": 3317000.0,
        "Selling General And Administration": 18983000.0,
        "Selling And Marketing Expense": 1782000.0,
        "General And Administrative Expense": 17201000.0,
        "Other Gand A": 17201000.0,
        "Gross Profit": -20677000.0,
        "Cost Of Revenue": 20970000.0,
        "Total Revenue": 293000.0,
        "Operating Revenue": 293000.0
    },
    "2024-03-31": {
        "Tax Effect Of Unusual Items": 0.0,
        "Tax Rate For Calcs": 0.0,
        "Normalized EBITDA": -24688000.0,
        "Total Unusual Items": 2267000.0,
        "Total Unusual Items Excluding Goodwill": 2267000.0,
        "Net Income From Continuing Operation Net Minority Interest": -48217000.0,
        "Reconciled Depreciation": 18477000.0,
        "Reconciled Cost Of Revenue": 20687000.0,
        "EBITDA": -22421000.0,
        "EBIT": -40898000.0,
        "Net Interest Income": -7319000.0,
        "Interest Expense": 7319000.0,
        "Normalized Income": -50484000.0,
        "Net Income From Continuing And Discontinued Operation": -48217000.0,
        "Total Expenses": 43697000.0,
        "Total Operating Income As Reported": -43608000.0,
        "Diluted Average Shares": 1837959.0,
        "Basic Average Shares": 1837959.0,
        "Diluted EPS": -26.23,
        "Basic EPS": -26.23,
        "Diluted NI Availto Com Stockholders": -48217000.0,
        "Net Income Common Stockholders": -48217000.0,
        "Otherunder Preferred Stock Dividend": NaN,
        "Net Income": -48217000.0,
        "Net Income Including Noncontrolling Interests": -48217000.0,
        "Net Income Continuous Operations": -48217000.0,
        "Tax Provision": 0.0,
        "Pretax Income": -48217000.0,
        "Other Income Expense": 2797000.0,
        "Other Non Operating Income Expenses": 530000.0,
        "Special Income Charges": -25611000.0,
        "Gain On Sale Of Ppe": 87000.0,
        "Other Special Charges": 25698000.0,
        "Impairment Of Capital Assets": NaN,
        "Restructuring And Mergern Acquisition": 0.0,
        "Gain On Sale Of Security": 27878000.0,
        "Net Non Operating Interest Income Expense": -7319000.0,
        "Interest Expense Non Operating": 7319000.0,
        "Operating Income": -43695000.0,
        "Operating Expense": 23010000.0,
        "Research And Development": 6688000.0,
        "Selling General And Administration": 16322000.0,
        "Selling And Marketing Expense": 2474000.0,
        "General And Administrative Expense": 13848000.0,
        "Other Gand A": 13848000.0,
        "Gross Profit": -20685000.0,
        "Cost Of Revenue": 20687000.0,
        "Total Revenue": 2000.0,
        "Operating Revenue": 2000.0
    },
    "2023-12-31": {
        "Tax Effect Of Unusual Items": NaN,
        "Tax Rate For Calcs": NaN,
        "Normalized EBITDA": NaN,
        "Total Unusual Items": NaN,
        "Total Unusual Items Excluding Goodwill": NaN,
        "Net Income From Continuing Operation Net Minority Interest": NaN,
        "Reconciled Depreciation": NaN,
        "Reconciled Cost Of Revenue": NaN,
        "EBITDA": NaN,
        "EBIT": NaN,
        "Net Interest Income": NaN,
        "Interest Expense": NaN,
        "Normalized Income": NaN,
        "Net Income From Continuing And Discontinued Operation": NaN,
        "Total Expenses": NaN,
        "Total Operating Income As Reported": NaN,
        "Diluted Average Shares": NaN,
        "Basic Average Shares": NaN,
        "Diluted EPS": NaN,
        "Basic EPS": NaN,
        "Diluted NI Availto Com Stockholders": NaN,
        "Net Income Common Stockholders": NaN,
        "Otherunder Preferred Stock Dividend": NaN,
        "Net Income": NaN,
        "Net Income Including Noncontrolling Interests": NaN,
        "Net Income Continuous Operations": NaN,
        "Tax Provision": NaN,
        "Pretax Income": NaN,
        "Other Income Expense": NaN,
        "Other Non Operating Income Expenses": NaN,
        "Special Income Charges": NaN,
        "Gain On Sale Of Ppe": NaN,
        "Other Special Charges": NaN,
        "Impairment Of Capital Assets": NaN,
        "Restructuring And Mergern Acquisition": 0.0,
        "Gain On Sale Of Security": NaN,
        "Net Non Operating Interest Income Expense": NaN,
        "Interest Expense Non Operating": NaN,
        "Operating Income": NaN,
        "Operating Expense": NaN,
        "Research And Development": NaN,
        "Selling General And Administration": NaN,
        "Selling And Marketing Expense": NaN,
        "General And Administrative Expense": NaN,
        "Other Gand A": NaN,
        "Gross Profit": NaN,
        "Cost Of Revenue": NaN,
        "Total Revenue": NaN,
        "Operating Revenue": NaN
    },
    "2023-09-30": {
        "Tax Effect Of Unusual Items": NaN,
        "Tax Rate For Calcs": NaN,
        "Normalized EBITDA": NaN,
        "Total Unusual Items": NaN,
        "Total Unusual Items Excluding Goodwill": NaN,
        "Net Income From Continuing Operation Net Minority Interest": NaN,
        "Reconciled Depreciation": NaN,
        "Reconciled Cost Of Revenue": NaN,
        "EBITDA": NaN,
        "EBIT": NaN,
        "Net Interest Income": NaN,
        "Interest Expense": NaN,
        "Normalized Income": NaN,
        "Net Income From Continuing And Discontinued Operation": NaN,
        "Total Expenses": NaN,
        "Total Operating Income As Reported": NaN,
        "Diluted Average Shares": 172062.0,
        "Basic Average Shares": 172062.0,
        "Diluted EPS": -453.59,
        "Basic EPS": -453.59,
        "Diluted NI Availto Com Stockholders": NaN,
        "Net Income Common Stockholders": NaN,
        "Otherunder Preferred Stock Dividend": 0.0,
        "Net Income": NaN,
        "Net Income Including Noncontrolling Interests": NaN,
        "Net Income Continuous Operations": NaN,
        "Tax Provision": NaN,
        "Pretax Income": NaN,
        "Other Income Expense": NaN,
        "Other Non Operating Income Expenses": NaN,
        "Special Income Charges": NaN,
        "Gain On Sale Of Ppe": NaN,
        "Other Special Charges": NaN,
        "Impairment Of Capital Assets": 0.0,
        "Restructuring And Mergern Acquisition": NaN,
        "Gain On Sale Of Security": NaN,
        "Net Non Operating Interest Income Expense": NaN,
        "Interest Expense Non Operating": NaN,
        "Operating Income": NaN,
        "Operating Expense": NaN,
        "Research And Development": NaN,
        "Selling General And Administration": NaN,
        "Selling And Marketing Expense": NaN,
        "General And Administrative Expense": NaN,
        "Other Gand A": NaN,
        "Gross Profit": NaN,
        "Cost Of Revenue": NaN,
        "Total Revenue": NaN,
        "Operating Revenue": NaN
    },
    "2023-06-30": {
        "Tax Effect Of Unusual Items": NaN,
        "Tax Rate For Calcs": NaN,
        "Normalized EBITDA": NaN,
        "Total Unusual Items": NaN,
        "Total Unusual Items Excluding Goodwill": NaN,
        "Net Income From Continuing Operation Net Minority Interest": NaN,
        "Reconciled Depreciation": NaN,
        "Reconciled Cost Of Revenue": NaN,
        "EBITDA": NaN,
        "EBIT": NaN,
        "Net Interest Income": NaN,
        "Interest Expense": NaN,
        "Normalized Income": NaN,
        "Net Income From Continuing And Discontinued Operation": NaN,
        "Total Expenses": NaN,
        "Total Operating Income As Reported": NaN,
        "Diluted Average Shares": 124674.0,
        "Basic Average Shares": 124674.0,
        "Diluted EPS": -1002.0,
        "Basic EPS": -1002.0,
        "Diluted NI Availto Com Stockholders": NaN,
        "Net Income Common Stockholders": NaN,
        "Otherunder Preferred Stock Dividend": NaN,
        "Net Income": NaN,
        "Net Income Including Noncontrolling Interests": NaN,
        "Net Income Continuous Operations": NaN,
        "Tax Provision": NaN,
        "Pretax Income": NaN,
        "Other Income Expense": NaN,
        "Other Non Operating Income Expenses": NaN,
        "Special Income Charges": NaN,
        "Gain On Sale Of Ppe": NaN,
        "Other Special Charges": NaN,
        "Impairment Of Capital Assets": 0.0,
        "Restructuring And Mergern Acquisition": NaN,
        "Gain On Sale Of Security": NaN,
        "Net Non Operating Interest Income Expense": NaN,
        "Interest Expense Non Operating": NaN,
        "Operating Income": NaN,
        "Operating Expense": NaN,
        "Research And Development": NaN,
        "Selling General And Administration": NaN,
        "Selling And Marketing Expense": NaN,
        "General And Administrative Expense": NaN,
        "Other Gand A": NaN,
        "Salaries And Wages": 159000.0,
        "Gross Profit": NaN,
        "Cost Of Revenue": NaN,
        "Total Revenue": NaN,
        "Operating Revenue": NaN
    },
    "2024-12-31": {
        "Tax Effect Of Unusual Items": 183587.291922,
        "Tax Rate For Calcs": 0.002222,
        "Normalized EBITDA": -182177000.0,
        "Total Unusual Items": 82634000.0,
        "Total Unusual Items Excluding Goodwill": 82634000.0,
        "Net Income From Continuing Operation Net Minority Interest": -121259000.0,
        "Reconciled Depreciation": 18579000.0,
        "Reconciled Cost Of Revenue": 20919000.0,
        "EBITDA": -99543000.0,
        "EBIT": -118122000.0,
        "Net Interest Income": -3407000.0,
        "Interest Expense": 3407000.0,
        "Normalized Income": -203709412.708078,
        "Net Income From Continuing And Discontinued Operation": -121259000.0,
        "Total Expenses": 37219000.0,
        "Total Operating Income As Reported": -30314000.0,
        "Diluted Average Shares": NaN,
        "Basic Average Shares": NaN,
        "Diluted EPS": NaN,
        "Basic EPS": NaN,
        "Diluted NI Availto Com Stockholders": -117106000.0,
        "Net Income Common Stockholders": -117106000.0,
        "Otherunder Preferred Stock Dividend": NaN,
        "Net Income": -121259000.0,
        "Net Income Including Noncontrolling Interests": -121259000.0,
        "Net Income Continuous Operations": -121259000.0,
        "Tax Provision": -270000.0,
        "Pretax Income": -121529000.0,
        "Other Income Expense": -81138000.0,
        "Other Non Operating Income Expenses": -163772000.0,
        "Special Income Charges": 124179000.0,
        "Gain On Sale Of Ppe": 844000.0,
        "Other Special Charges": -117509000.0,
        "Impairment Of Capital Assets": -5826000.0,
        "Restructuring And Mergern Acquisition": 0.0,
        "Gain On Sale Of Security": -41545000.0,
        "Net Non Operating Interest Income Expense": -3407000.0,
        "Interest Expense Non Operating": 3407000.0,
        "Operating Income": -36984000.0,
        "Operating Expense": 16300000.0,
        "Research And Development": 10042000.0,
        "Selling General And Administration": 6258000.0,
        "Selling And Marketing Expense": 2421000.0,
        "General And Administrative Expense": 3837000.0,
        "Other Gand A": 3837000.0,
        "Gross Profit": -20684000.0,
        "Cost Of Revenue": 20919000.0,
        "Total Revenue": 235000.0,
        "Operating Revenue": 235000.0
    },
    "2025-03-31": {
        "Tax Effect Of Unusual Items": 7147770.0,
        "Tax Rate For Calcs": 0.21,
        "Normalized EBITDA": -23923000.0,
        "Total Unusual Items": 34037000.0,
        "Total Unusual Items Excluding Goodwill": 34037000.0,
        "Net Income From Continuing Operation Net Minority Interest": -10278000.0,
        "Reconciled Depreciation": 18080000.0,
        "Reconciled Cost Of Revenue": 21381000.0,
        "EBITDA": 10114000.0,
        "EBIT": -7966000.0,
        "Net Interest Income": -2302000.0,
        "Interest Expense": 2302000.0,
        "Normalized Income": -37167230.0,
        "Net Income From Continuing And Discontinued Operation": -10278000.0,
        "Total Expenses": 44103000.0,
        "Total Operating Income As Reported": -43831000.0,
        "Diluted Average Shares": 75749893.0,
        "Basic Average Shares": 75749893.0,
        "Diluted EPS": -0.14,
        "Basic EPS": -0.14,
        "Diluted NI Availto Com Stockholders": -10278000.0,
        "Net Income Common Stockholders": -10278000.0,
        "Otherunder Preferred Stock Dividend": NaN,
        "Net Income": -10278000.0,
        "Net Income Including Noncontrolling Interests": -10278000.0,
        "Net Income Continuous Operations": -10278000.0,
        "Tax Provision": 10000.0,
        "Pretax Income": -10268000.0,
        "Other Income Expense": 35821000.0,
        "Other Non Operating Income Expenses": 1784000.0,
        "Special Income Charges": -17144000.0,
        "Gain On Sale Of Ppe": -44000.0,
        "Other Special Charges": 17100000.0,
        "Impairment Of Capital Assets": NaN,
        "Restructuring And Mergern Acquisition": NaN,
        "Gain On Sale Of Security": 51181000.0,
        "Net Non Operating Interest Income Expense": -2302000.0,
        "Interest Expense Non Operating": 2302000.0,
        "Operating Income": -43787000.0,
        "Operating Expense": 22722000.0,
        "Research And Development": 6419000.0,
        "Selling General And Administration": 16303000.0,
        "Selling And Marketing Expense": 2629000.0,
        "General And Administrative Expense": 13674000.0,
        "Other Gand A": 13674000.0,
        "Gross Profit": -21065000.0,
        "Cost Of Revenue": 21381000.0,
        "Total Revenue": 316000.0,
        "Operating Revenue": 316000.0
    }
}