{
    "2023-03-31": {
        "Tax Effect Of Unusual Items": NaN,
        "Tax Rate For Calcs": NaN,
        "Normalized EBITDA": NaN,
        "Total Unusual Items": NaN,
        "Total Unusual Items Excluding Goodwill": NaN,
        "Net Income From Continuing Operation Net Minority Interest": NaN,
        "Reconciled Depreciation": NaN,
        "EBITDA": NaN,
        "EBIT": NaN,
        "Net Interest Income": NaN,
        "Interest Income": NaN,
        "Normalized Income": NaN,
        "Net Income From Continuing And Discontinued Operation": NaN,
        "Total Expenses": NaN,
        "Total Operating Income As Reported": NaN,
        "Diluted Average Shares": 41811087.0,
        "Basic Average Shares": 41811087.0,
        "Diluted EPS": -0.73,
        "Basic EPS": -0.73,
        "Diluted NI Availto Com Stockholders": NaN,
        "Net Income Common Stockholders": NaN,
        "Net Income": NaN,
        "Net Income Including Noncontrolling Interests": NaN,
        "Net Income Continuous Operations": NaN,
        "Tax Provision": NaN,
        "Pretax Income": NaN,
        "Other Income Expense": NaN,
        "Other Non Operating Income Expenses": NaN,
        "Special Income Charges": NaN,
        "Impairment Of Capital Assets": NaN,
        "Net Non Operating Interest Income Expense": NaN,
        "Interest Income Non Operating": NaN,
        "Operating Income": NaN,
        "Operating Expense": NaN,
        "Research And Development": NaN,
        "Selling General And Administration": NaN,
        "General And Administrative Expense": NaN,
        "Other Gand A": NaN,
        "Salaries And Wages": NaN,
        "Total Revenue": NaN,
        "Operating Revenue": NaN
    },
    "2022-12-31": {
        "Tax Effect Of Unusual Items": NaN,
        "Tax Rate For Calcs": NaN,
        "Normalized EBITDA": NaN,
        "Total Unusual Items": NaN,
        "Total Unusual Items Excluding Goodwill": NaN,
        "Net Income From Continuing Operation Net Minority Interest": NaN,
        "Reconciled Depreciation": NaN,
        "EBITDA": NaN,
        "EBIT": NaN,
        "Net Interest Income": NaN,
        "Interest Expense": 0.0,
        "Interest Income": NaN,
        "Normalized Income": NaN,
        "Net Income From Continuing And Discontinued Operation": NaN,
        "Total Expenses": NaN,
        "Total Operating Income As Reported": NaN,
        "Diluted Average Shares": NaN,
        "Basic Average Shares": NaN,
        "Diluted EPS": NaN,
        "Basic EPS": NaN,
        "Diluted NI Availto Com Stockholders": NaN,
        "Net Income Common Stockholders": NaN,
        "Net Income": NaN,
        "Net Income Including Noncontrolling Interests": NaN,
        "Net Income Continuous Operations": NaN,
        "Tax Provision": NaN,
        "Pretax Income": NaN,
        "Other Income Expense": NaN,
        "Other Non Operating Income Expenses": NaN,
        "Special Income Charges": NaN,
        "Impairment Of Capital Assets": NaN,
        "Net Non Operating Interest Income Expense": NaN,
        "Interest Expense Non Operating": 0.0,
        "Interest Income Non Operating": NaN,
        "Operating Income": NaN,
        "Operating Expense": NaN,
        "Research And Development": NaN,
        "Selling General And Administration": NaN,
        "General And Administrative Expense": NaN,
        "Other Gand A": NaN,
        "Salaries And Wages": NaN,
        "Total Revenue": NaN,
        "Operating Revenue": NaN
    },
    "2022-09-30": {
        "Tax Effect Of Unusual Items": NaN,
        "Tax Rate For Calcs": NaN,
        "Normalized EBITDA": NaN,
        "Net Income From Continuing Operation Net Minority Interest": NaN,
        "Reconciled Depreciation": NaN,
        "EBITDA": NaN,
        "EBIT": NaN,
        "Net Interest Income": NaN,
        "Interest Expense": 0.0,
        "Interest Income": NaN,
        "Normalized Income": NaN,
        "Net Income From Continuing And Discontinued Operation": NaN,
        "Total Expenses": NaN,
        "Total Operating Income As Reported": NaN,
        "Diluted Average Shares": 41672621.0,
        "Basic Average Shares": 41672621.0,
        "Diluted EPS": -0.62,
        "Basic EPS": -0.62,
        "Diluted NI Availto Com Stockholders": NaN,
        "Net Income Common Stockholders": NaN,
        "Net Income": NaN,
        "Net Income Including Noncontrolling Interests": NaN,
        "Net Income Continuous Operations": NaN,
        "Tax Provision": NaN,
        "Pretax Income": NaN,
        "Other Income Expense": NaN,
        "Other Non Operating Income Expenses": NaN,
        "Net Non Operating Interest Income Expense": NaN,
        "Interest Expense Non Operating": 0.0,
        "Interest Income Non Operating": NaN,
        "Operating Income": NaN,
        "Operating Expense": NaN,
        "Research And Development": NaN,
        "Selling General And Administration": NaN,
        "General And Administrative Expense": NaN,
        "Other Gand A": NaN,
        "Salaries And Wages": NaN,
        "Total Revenue": NaN,
        "Operating Revenue": NaN
    },
    "2022-06-30": {
        "Tax Effect Of Unusual Items": 0.0,
        "Tax Rate For Calcs": 0.0,
        "Normalized EBITDA": -26494000.0,
        "Net Income From Continuing Operation Net Minority Interest": -27313000.0,
        "Reconciled Depreciation": 819000.0,
        "EBITDA": -26494000.0,
        "EBIT": -27313000.0,
        "Net Interest Income": 1875000.0,
        "Interest Expense": 0.0,
        "Interest Income": 1875000.0,
        "Normalized Income": -27313000.0,
        "Net Income From Continuing And Discontinued Operation": -27313000.0,
        "Total Expenses": 33678000.0,
        "Total Operating Income As Reported": -29188000.0,
        "Diluted Average Shares": 41515305.0,
        "Basic Average Shares": 41515305.0,
        "Diluted EPS": -0.66,
        "Basic EPS": -0.66,
        "Diluted NI Availto Com Stockholders": -27313000.0,
        "Net Income Common Stockholders": -27313000.0,
        "Net Income": -27313000.0,
        "Net Income Including Noncontrolling Interests": -27313000.0,
        "Net Income Continuous Operations": -27313000.0,
        "Tax Provision": NaN,
        "Pretax Income": -27313000.0,
        "Other Income Expense": NaN,
        "Other Non Operating Income Expenses": NaN,
        "Net Non Operating Interest Income Expense": 1875000.0,
        "Interest Expense Non Operating": 0.0,
        "Interest Income Non Operating": 1875000.0,
        "Operating Income": -29188000.0,
        "Operating Expense": 33678000.0,
        "Research And Development": 25974000.0,
        "Selling General And Administration": 7704000.0,
        "General And Administrative Expense": 7704000.0,
        "Other Gand A": 3227000.0,
        "Salaries And Wages": 4477000.0,
        "Total Revenue": 4490000.0,
        "Operating Revenue": 4490000.0
    },
    "2022-03-31": {
        "Diluted EPS": -0.65,
        "Total Revenue": 4,
        "Gross Profit": 4,
        "Operating Income": -28,
        "EBIT": -27,
        "Net Income": -27
    },
    "2021-12-31": {
        "Diluted EPS": -0.77,
        "Total Revenue": 1,
        "Gross Profit": 1,
        "Operating Income": -28,
        "EBIT": -27,
        "Net Income": -29
    },
    "2021-09-30": {
        "Diluted EPS": -0.71,
        "Total Revenue": 0,
        "Gross Profit": 0,
        "Operating Income": -26,
        "EBIT": -25,
        "Net Income": -26
    },
    "2021-06-30": {
        "Diluted EPS": -0.63,
        "Total Revenue": 0,
        "Gross Profit": 0,
        "Operating Income": -23,
        "EBIT": -22,
        "Net Income": -23
    },
    "2021-03-31": {
        "Diluted EPS": -0.62,
        "Total Revenue": 0,
        "Gross Profit": 0,
        "Operating Income": -23,
        "EBIT": -22,
        "Net Income": -23
    },
    "2020-12-31": {
        "Diluted EPS": 2.5,
        "Total Revenue": 0,
        "Gross Profit": 0,
        "Operating Income": -21,
        "EBIT": -20,
        "Net Income": -21
    },
    "2020-09-30": {
        "Diluted EPS": -3.12,
        "Total Revenue": 0,
        "Gross Profit": 0,
        "Operating Income": -18,
        "EBIT": -18,
        "Net Income": -18
    },
    "2020-06-30": {
        "Diluted EPS": -2.9,
        "Total Revenue": NaN,
        "Gross Profit": NaN,
        "Operating Income": -16,
        "EBIT": -15,
        "Net Income": -16
    },
    "2020-03-31": {
        "Diluted EPS": -2.71,
        "Total Revenue": NaN,
        "Gross Profit": NaN,
        "Operating Income": -14,
        "EBIT": -13,
        "Net Income": -14
    },
    "2019-12-31": {
        "Diluted EPS": 0.0,
        "Total Revenue": NaN,
        "Gross Profit": NaN,
        "Operating Income": NaN,
        "EBIT": NaN,
        "Net Income": NaN
    },
    "2019-09-30": {
        "Diluted EPS": -3.05,
        "Total Revenue": NaN,
        "Gross Profit": NaN,
        "Operating Income": -13,
        "EBIT": -13,
        "Net Income": -13
    },
    "2023-06-30": {
        "Tax Effect Of Unusual Items": NaN,
        "Tax Rate For Calcs": NaN,
        "Normalized EBITDA": NaN,
        "Total Unusual Items": 0.0,
        "Total Unusual Items Excluding Goodwill": 0.0,
        "Net Income From Continuing Operation Net Minority Interest": NaN,
        "Reconciled Depreciation": NaN,
        "EBITDA": NaN,
        "EBIT": NaN,
        "Net Interest Income": NaN,
        "Interest Income": NaN,
        "Normalized Income": NaN,
        "Net Income From Continuing And Discontinued Operation": NaN,
        "Total Expenses": NaN,
        "Total Operating Income As Reported": NaN,
        "Diluted Average Shares": 41825555.0,
        "Basic Average Shares": 41825555.0,
        "Diluted EPS": -0.7,
        "Basic EPS": -0.7,
        "Diluted NI Availto Com Stockholders": NaN,
        "Net Income Common Stockholders": NaN,
        "Net Income": NaN,
        "Net Income Including Noncontrolling Interests": NaN,
        "Net Income Continuous Operations": NaN,
        "Tax Provision": NaN,
        "Pretax Income": NaN,
        "Other Income Expense": NaN,
        "Other Non Operating Income Expenses": NaN,
        "Special Income Charges": 0.0,
        "Impairment Of Capital Assets": 0.0,
        "Net Non Operating Interest Income Expense": NaN,
        "Interest Income Non Operating": NaN,
        "Operating Income": NaN,
        "Operating Expense": NaN,
        "Research And Development": NaN,
        "Selling General And Administration": NaN,
        "General And Administrative Expense": NaN,
        "Other Gand A": NaN,
        "Salaries And Wages": NaN,
        "Total Revenue": NaN,
        "Operating Revenue": NaN
    },
    "2023-09-30": {
        "Tax Effect Of Unusual Items": NaN,
        "Tax Rate For Calcs": NaN,
        "Normalized EBITDA": NaN,
        "Total Unusual Items": 0.0,
        "Total Unusual Items Excluding Goodwill": 0.0,
        "Net Income From Continuing Operation Net Minority Interest": NaN,
        "Reconciled Depreciation": NaN,
        "EBITDA": NaN,
        "EBIT": NaN,
        "Net Interest Income": NaN,
        "Interest Income": NaN,
        "Normalized Income": NaN,
        "Net Income From Continuing And Discontinued Operation": NaN,
        "Total Expenses": NaN,
        "Total Operating Income As Reported": NaN,
        "Diluted Average Shares": 42025938.0,
        "Basic Average Shares": 42025938.0,
        "Diluted EPS": -0.34,
        "Basic EPS": -0.34,
        "Diluted NI Availto Com Stockholders": NaN,
        "Net Income Common Stockholders": NaN,
        "Net Income": NaN,
        "Net Income Including Noncontrolling Interests": NaN,
        "Net Income Continuous Operations": NaN,
        "Tax Provision": NaN,
        "Pretax Income": NaN,
        "Other Income Expense": NaN,
        "Other Non Operating Income Expenses": NaN,
        "Special Income Charges": 0.0,
        "Impairment Of Capital Assets": 0.0,
        "Net Non Operating Interest Income Expense": NaN,
        "Interest Income Non Operating": NaN,
        "Operating Income": NaN,
        "Operating Expense": NaN,
        "Research And Development": NaN,
        "Selling General And Administration": NaN,
        "General And Administrative Expense": NaN,
        "Other Gand A": NaN,
        "Salaries And Wages": NaN,
        "Total Revenue": NaN,
        "Operating Revenue": NaN
    },
    "2023-12-31": {
        "Tax Effect Of Unusual Items": NaN,
        "Tax Rate For Calcs": NaN,
        "Normalized EBITDA": NaN,
        "Total Unusual Items": NaN,
        "Total Unusual Items Excluding Goodwill": NaN,
        "Net Income From Continuing Operation Net Minority Interest": NaN,
        "Reconciled Depreciation": NaN,
        "EBITDA": NaN,
        "EBIT": NaN,
        "Net Interest Income": NaN,
        "Interest Income": NaN,
        "Normalized Income": NaN,
        "Net Income From Continuing And Discontinued Operation": NaN,
        "Total Expenses": NaN,
        "Total Operating Income As Reported": NaN,
        "Diluted Average Shares": NaN,
        "Basic Average Shares": NaN,
        "Diluted EPS": NaN,
        "Basic EPS": NaN,
        "Diluted NI Availto Com Stockholders": NaN,
        "Net Income Common Stockholders": NaN,
        "Net Income": NaN,
        "Net Income Including Noncontrolling Interests": NaN,
        "Net Income Continuous Operations": NaN,
        "Tax Provision": 1986000.0,
        "Pretax Income": NaN,
        "Other Income Expense": NaN,
        "Other Non Operating Income Expenses": NaN,
        "Special Income Charges": NaN,
        "Write Off": NaN,
        "Impairment Of Capital Assets": NaN,
        "Net Non Operating Interest Income Expense": NaN,
        "Interest Income Non Operating": NaN,
        "Operating Income": NaN,
        "Operating Expense": NaN,
        "Research And Development": NaN,
        "Selling General And Administration": NaN,
        "General And Administrative Expense": NaN,
        "Other Gand A": NaN,
        "Salaries And Wages": NaN,
        "Total Revenue": NaN,
        "Operating Revenue": NaN
    },
    "2024-03-31": {
        "Tax Effect Of Unusual Items": NaN,
        "Tax Rate For Calcs": NaN,
        "Normalized EBITDA": NaN,
        "Total Unusual Items": NaN,
        "Total Unusual Items Excluding Goodwill": NaN,
        "Net Income From Continuing Operation Net Minority Interest": NaN,
        "Reconciled Depreciation": NaN,
        "EBITDA": NaN,
        "EBIT": NaN,
        "Net Interest Income": NaN,
        "Interest Income": NaN,
        "Normalized Income": NaN,
        "Net Income From Continuing And Discontinued Operation": NaN,
        "Total Expenses": NaN,
        "Total Operating Income As Reported": NaN,
        "Diluted Average Shares": 42428813.0,
        "Basic Average Shares": 42428813.0,
        "Diluted EPS": -0.59,
        "Basic EPS": -0.59,
        "Diluted NI Availto Com Stockholders": NaN,
        "Net Income Common Stockholders": NaN,
        "Net Income": NaN,
        "Net Income Including Noncontrolling Interests": NaN,
        "Net Income Continuous Operations": NaN,
        "Tax Provision": 0.0,
        "Pretax Income": NaN,
        "Other Income Expense": NaN,
        "Other Non Operating Income Expenses": NaN,
        "Special Income Charges": NaN,
        "Write Off": NaN,
        "Impairment Of Capital Assets": NaN,
        "Net Non Operating Interest Income Expense": NaN,
        "Interest Income Non Operating": NaN,
        "Operating Income": NaN,
        "Operating Expense": NaN,
        "Research And Development": NaN,
        "Selling General And Administration": NaN,
        "General And Administrative Expense": NaN,
        "Other Gand A": NaN,
        "Salaries And Wages": NaN,
        "Total Revenue": NaN,
        "Operating Revenue": NaN
    },
    "2024-06-30": {
        "Tax Effect Of Unusual Items": 0.0,
        "Tax Rate For Calcs": 0.0,
        "Normalized EBITDA": -21045000.0,
        "Total Unusual Items": -2398000.0,
        "Total Unusual Items Excluding Goodwill": -2398000.0,
        "Net Income From Continuing Operation Net Minority Interest": -22979000.0,
        "Reconciled Depreciation": 791000.0,
        "EBITDA": -23443000.0,
        "EBIT": -24234000.0,
        "Net Interest Income": 2870000.0,
        "Interest Income": 2870000.0,
        "Normalized Income": -20581000.0,
        "Net Income From Continuing And Discontinued Operation": -22979000.0,
        "Total Expenses": 31122000.0,
        "Total Operating Income As Reported": -26632000.0,
        "Diluted Average Shares": 51580310.0,
        "Basic Average Shares": 51580310.0,
        "Diluted EPS": -0.45,
        "Basic EPS": -0.45,
        "Diluted NI Availto Com Stockholders": -22979000.0,
        "Net Income Common Stockholders": -22979000.0,
        "Net Income": -22979000.0,
        "Net Income Including Noncontrolling Interests": -22979000.0,
        "Net Income Continuous Operations": -22979000.0,
        "Tax Provision": 0.0,
        "Pretax Income": -22979000.0,
        "Other Income Expense": -1615000.0,
        "Other Non Operating Income Expenses": 783000.0,
        "Special Income Charges": -2398000.0,
        "Write Off": 2398000.0,
        "Impairment Of Capital Assets": 2398000.0,
        "Net Non Operating Interest Income Expense": 2870000.0,
        "Interest Income Non Operating": 2870000.0,
        "Operating Income": -24234000.0,
        "Operating Expense": 31122000.0,
        "Research And Development": 23797000.0,
        "Selling General And Administration": 7325000.0,
        "General And Administrative Expense": 7325000.0,
        "Other Gand A": 2917000.0,
        "Salaries And Wages": 4408000.0,
        "Total Revenue": 6888000.0,
        "Operating Revenue": 6888000.0
    },
    "2024-09-30": {
        "Tax Effect Of Unusual Items": 0.0,
        "Tax Rate For Calcs": 0.0,
        "Normalized EBITDA": -23119000.0,
        "Total Unusual Items": 0.0,
        "Total Unusual Items Excluding Goodwill": 0.0,
        "Net Income From Continuing Operation Net Minority Interest": -19122000.0,
        "Reconciled Depreciation": 733000.0,
        "EBITDA": -23119000.0,
        "EBIT": -23852000.0,
        "Net Interest Income": 3495000.0,
        "Interest Income": 3495000.0,
        "Normalized Income": -19122000.0,
        "Net Income From Continuing And Discontinued Operation": -19122000.0,
        "Total Expenses": 31660000.0,
        "Total Operating Income As Reported": -23852000.0,
        "Diluted Average Shares": 62602848.0,
        "Basic Average Shares": 62602848.0,
        "Diluted EPS": -0.31,
        "Basic EPS": -0.31,
        "Diluted NI Availto Com Stockholders": -19122000.0,
        "Net Income Common Stockholders": -19122000.0,
        "Net Income": -19122000.0,
        "Net Income Including Noncontrolling Interests": -19122000.0,
        "Net Income Continuous Operations": -19122000.0,
        "Tax Provision": 0.0,
        "Pretax Income": -19122000.0,
        "Other Income Expense": 1235000.0,
        "Other Non Operating Income Expenses": 1235000.0,
        "Special Income Charges": 0.0,
        "Write Off": 0.0,
        "Impairment Of Capital Assets": 0.0,
        "Net Non Operating Interest Income Expense": 3495000.0,
        "Interest Income Non Operating": 3495000.0,
        "Operating Income": -23852000.0,
        "Operating Expense": 31660000.0,
        "Research And Development": 24689000.0,
        "Selling General And Administration": 6971000.0,
        "General And Administrative Expense": 6971000.0,
        "Other Gand A": 2645000.0,
        "Salaries And Wages": 4326000.0,
        "Total Revenue": 7808000.0,
        "Operating Revenue": 7808000.0
    },
    "2024-12-31": {
        "Tax Effect Of Unusual Items": 0.0,
        "Tax Rate For Calcs": 0.0,
        "Normalized EBITDA": -23244000.0,
        "Total Unusual Items": 0.0,
        "Total Unusual Items Excluding Goodwill": 0.0,
        "Net Income From Continuing Operation Net Minority Interest": -19503000.0,
        "Reconciled Depreciation": 761000.0,
        "EBITDA": -23244000.0,
        "EBIT": -24005000.0,
        "Net Interest Income": 3096000.0,
        "Interest Income": 3096000.0,
        "Normalized Income": -19503000.0,
        "Net Income From Continuing And Discontinued Operation": -19503000.0,
        "Total Expenses": 26861000.0,
        "Total Operating Income As Reported": -24005000.0,
        "Diluted Average Shares": NaN,
        "Basic Average Shares": NaN,
        "Diluted EPS": NaN,
        "Basic EPS": NaN,
        "Diluted NI Availto Com Stockholders": -19503000.0,
        "Net Income Common Stockholders": -19503000.0,
        "Net Income": -19503000.0,
        "Net Income Including Noncontrolling Interests": -19503000.0,
        "Net Income Continuous Operations": -19503000.0,
        "Tax Provision": 0.0,
        "Pretax Income": -19503000.0,
        "Other Income Expense": 1406000.0,
        "Other Non Operating Income Expenses": 1406000.0,
        "Special Income Charges": 0.0,
        "Write Off": 0.0,
        "Impairment Of Capital Assets": 0.0,
        "Net Non Operating Interest Income Expense": 3096000.0,
        "Interest Income Non Operating": 3096000.0,
        "Operating Income": -24005000.0,
        "Operating Expense": 26861000.0,
        "Research And Development": 20508000.0,
        "Selling General And Administration": 6353000.0,
        "General And Administrative Expense": 6353000.0,
        "Other Gand A": 2432000.0,
        "Salaries And Wages": 3921000.0,
        "Total Revenue": 2856000.0,
        "Operating Revenue": 2856000.0
    },
    "2025-03-31": {
        "Tax Effect Of Unusual Items": 0.0,
        "Tax Rate For Calcs": 0.0,
        "Normalized EBITDA": -22086000.0,
        "Total Unusual Items": NaN,
        "Total Unusual Items Excluding Goodwill": NaN,
        "Net Income From Continuing Operation Net Minority Interest": -18834000.0,
        "Reconciled Depreciation": 827000.0,
        "EBITDA": -22086000.0,
        "EBIT": -22913000.0,
        "Net Interest Income": 2692000.0,
        "Interest Income": 2692000.0,
        "Normalized Income": -18834000.0,
        "Net Income From Continuing And Discontinued Operation": -18834000.0,
        "Total Expenses": 28865000.0,
        "Total Operating Income As Reported": -22913000.0,
        "Diluted Average Shares": 62848673.0,
        "Basic Average Shares": 62848673.0,
        "Diluted EPS": -0.3,
        "Basic EPS": -0.3,
        "Diluted NI Availto Com Stockholders": -18834000.0,
        "Net Income Common Stockholders": -18834000.0,
        "Net Income": -18834000.0,
        "Net Income Including Noncontrolling Interests": -18834000.0,
        "Net Income Continuous Operations": -18834000.0,
        "Tax Provision": NaN,
        "Pretax Income": -18834000.0,
        "Other Income Expense": 1387000.0,
        "Other Non Operating Income Expenses": 1387000.0,
        "Special Income Charges": NaN,
        "Write Off": NaN,
        "Impairment Of Capital Assets": NaN,
        "Net Non Operating Interest Income Expense": 2692000.0,
        "Interest Income Non Operating": 2692000.0,
        "Operating Income": -22913000.0,
        "Operating Expense": 28865000.0,
        "Research And Development": 21626000.0,
        "Selling General And Administration": 7239000.0,
        "General And Administrative Expense": 7239000.0,
        "Other Gand A": 2699000.0,
        "Salaries And Wages": 4540000.0,
        "Total Revenue": 5952000.0,
        "Operating Revenue": 5952000.0
    },
    "2025-06-30": {
        "Tax Effect Of Unusual Items": 0.0,
        "Tax Rate For Calcs": 0.0,
        "Normalized EBITDA": -20246000.0,
        "Total Unusual Items": 0.0,
        "Total Unusual Items Excluding Goodwill": 0.0,
        "Net Income From Continuing Operation Net Minority Interest": -17936000.0,
        "Reconciled Depreciation": 851000.0,
        "EBITDA": -20246000.0,
        "EBIT": -21097000.0,
        "Net Interest Income": 2309000.0,
        "Interest Income": 2309000.0,
        "Normalized Income": -17936000.0,
        "Net Income From Continuing And Discontinued Operation": -17936000.0,
        "Total Expenses": 28654000.0,
        "Total Operating Income As Reported": -21097000.0,
        "Diluted Average Shares": 62978219.0,
        "Basic Average Shares": 62978219.0,
        "Diluted EPS": -0.28,
        "Basic EPS": -0.28,
        "Diluted NI Availto Com Stockholders": -17936000.0,
        "Net Income Common Stockholders": -17936000.0,
        "Net Income": -17936000.0,
        "Net Income Including Noncontrolling Interests": -17936000.0,
        "Net Income Continuous Operations": -17936000.0,
        "Tax Provision": NaN,
        "Pretax Income": -17936000.0,
        "Other Income Expense": 852000.0,
        "Other Non Operating Income Expenses": 852000.0,
        "Special Income Charges": 0.0,
        "Write Off": 0.0,
        "Impairment Of Capital Assets": NaN,
        "Net Non Operating Interest Income Expense": 2309000.0,
        "Interest Income Non Operating": 2309000.0,
        "Operating Income": -21097000.0,
        "Operating Expense": 28654000.0,
        "Research And Development": 21792000.0,
        "Selling General And Administration": 6862000.0,
        "General And Administrative Expense": 6862000.0,
        "Other Gand A": 2458000.0,
        "Salaries And Wages": 4404000.0,
        "Total Revenue": 7557000.0,
        "Operating Revenue": 7557000.0
    }
}