{
    "2023-06-30": {
        "Tax Effect Of Unusual Items": 0.0,
        "Tax Rate For Calcs": 0.207331,
        "Normalized EBITDA": 1910000000.0,
        "Total Unusual Items": 0.0,
        "Total Unusual Items Excluding Goodwill": 0.0,
        "Net Income From Continuing Operation Net Minority Interest": 683000000.0,
        "Reconciled Depreciation": 800000000.0,
        "Reconciled Cost Of Revenue": 1929000000.0,
        "EBITDA": 1910000000.0,
        "EBIT": 1110000000.0,
        "Net Interest Income": -232000000.0,
        "Interest Expense": 237000000.0,
        "Interest Income": 5000000.0,
        "Normalized Income": 683000000.0,
        "Net Income From Continuing And Discontinued Operation": 683000000.0,
        "Total Expenses": 3625000000.0,
        "Total Operating Income As Reported": 1131000000.0,
        "Diluted Average Shares": 619200000.0,
        "Basic Average Shares": 615400000.0,
        "Diluted EPS": 1.1,
        "Basic EPS": 1.11,
        "Diluted NI Availto Com Stockholders": 683000000.0,
        "Net Income Common Stockholders": 683000000.0,
        "Net Income": 683000000.0,
        "Minority Interests": -12000000.0,
        "Net Income Including Noncontrolling Interests": 695000000.0,
        "Net Income Continuous Operations": 695000000.0,
        "Earnings From Equity Interest Net Of Tax": 3000000.0,
        "Tax Provision": 181000000.0,
        "Pretax Income": 873000000.0,
        "Other Income Expense": -26000000.0,
        "Other Non Operating Income Expenses": -26000000.0,
        "Special Income Charges": 0.0,
        "Gain On Sale Of Business": 0.0,
        "Net Non Operating Interest Income Expense": -232000000.0,
        "Interest Expense Non Operating": 237000000.0,
        "Interest Income Non Operating": 5000000.0,
        "Operating Income": 1131000000.0,
        "Operating Expense": 1696000000.0,
        "Selling General And Administration": 1696000000.0,
        "Gross Profit": 2827000000.0,
        "Cost Of Revenue": 1929000000.0,
        "Total Revenue": 4756000000.0,
        "Operating Revenue": 4756000000.0
    },
    "2023-03-31": {
        "Tax Effect Of Unusual Items": -696000.0,
        "Tax Rate For Calcs": 0.174,
        "Normalized EBITDA": 1711000000.0,
        "Total Unusual Items": -4000000.0,
        "Total Unusual Items Excluding Goodwill": -4000000.0,
        "Net Income From Continuing Operation Net Minority Interest": 563000000.0,
        "Reconciled Depreciation": 785000000.0,
        "Reconciled Cost Of Revenue": 2005000000.0,
        "EBITDA": 1707000000.0,
        "EBIT": 922000000.0,
        "Net Interest Income": -202000000.0,
        "Interest Expense": 210000000.0,
        "Interest Income": 8000000.0,
        "Normalized Income": 566304000.0,
        "Net Income From Continuing And Discontinued Operation": 563000000.0,
        "Total Expenses": 3609000000.0,
        "Total Operating Income As Reported": 934000000.0,
        "Diluted Average Shares": 631300000.0,
        "Basic Average Shares": 626900000.0,
        "Diluted EPS": 0.89,
        "Basic EPS": 0.9,
        "Diluted NI Availto Com Stockholders": 563000000.0,
        "Net Income Common Stockholders": 563000000.0,
        "Net Income": 563000000.0,
        "Minority Interests": -13000000.0,
        "Net Income Including Noncontrolling Interests": 576000000.0,
        "Net Income Continuous Operations": 576000000.0,
        "Earnings From Equity Interest Net Of Tax": -12000000.0,
        "Tax Provision": 124000000.0,
        "Pretax Income": 712000000.0,
        "Other Income Expense": -24000000.0,
        "Other Non Operating Income Expenses": -20000000.0,
        "Special Income Charges": -4000000.0,
        "Gain On Sale Of Business": -4000000.0,
        "Net Non Operating Interest Income Expense": -202000000.0,
        "Interest Expense Non Operating": 210000000.0,
        "Interest Income Non Operating": 8000000.0,
        "Operating Income": 938000000.0,
        "Operating Expense": 1604000000.0,
        "Selling General And Administration": 1604000000.0,
        "Gross Profit": 2542000000.0,
        "Cost Of Revenue": 2005000000.0,
        "Total Revenue": 4547000000.0,
        "Operating Revenue": 4547000000.0
    },
    "2022-12-31": {
        "Tax Effect Of Unusual Items": NaN,
        "Tax Rate For Calcs": NaN,
        "Normalized EBITDA": NaN,
        "Total Unusual Items": NaN,
        "Total Unusual Items Excluding Goodwill": NaN,
        "Net Income From Continuing Operation Net Minority Interest": NaN,
        "Reconciled Depreciation": NaN,
        "Reconciled Cost Of Revenue": NaN,
        "EBITDA": NaN,
        "EBIT": NaN,
        "Net Interest Income": NaN,
        "Interest Expense": NaN,
        "Interest Income": 5000000.0,
        "Normalized Income": NaN,
        "Net Income From Continuing And Discontinued Operation": NaN,
        "Total Expenses": NaN,
        "Total Operating Income As Reported": NaN,
        "Diluted Average Shares": NaN,
        "Basic Average Shares": NaN,
        "Diluted EPS": NaN,
        "Basic EPS": NaN,
        "Diluted NI Availto Com Stockholders": NaN,
        "Net Income Common Stockholders": NaN,
        "Net Income": NaN,
        "Minority Interests": NaN,
        "Net Income Including Noncontrolling Interests": NaN,
        "Net Income Continuous Operations": NaN,
        "Earnings From Equity Interest Net Of Tax": NaN,
        "Tax Provision": NaN,
        "Pretax Income": NaN,
        "Other Income Expense": NaN,
        "Other Non Operating Income Expenses": NaN,
        "Special Income Charges": NaN,
        "Gain On Sale Of Business": NaN,
        "Net Non Operating Interest Income Expense": NaN,
        "Interest Expense Non Operating": NaN,
        "Interest Income Non Operating": 5000000.0,
        "Operating Income": NaN,
        "Operating Expense": NaN,
        "Selling General And Administration": NaN,
        "Gross Profit": NaN,
        "Cost Of Revenue": NaN,
        "Total Revenue": NaN,
        "Operating Revenue": NaN
    },
    "2022-09-30": {
        "Tax Effect Of Unusual Items": -27055214.723926,
        "Tax Rate For Calcs": 0.22546,
        "Normalized EBITDA": 1752000000.0,
        "Total Unusual Items": -120000000.0,
        "Total Unusual Items Excluding Goodwill": -120000000.0,
        "Net Income From Continuing Operation Net Minority Interest": 481000000.0,
        "Reconciled Depreciation": 790000000.0,
        "Reconciled Cost Of Revenue": 1996000000.0,
        "EBITDA": 1632000000.0,
        "EBIT": 842000000.0,
        "Net Interest Income": -190000000.0,
        "Interest Expense": 190000000.0,
        "Interest Income": 3000000.0,
        "Normalized Income": 573944785.276074,
        "Net Income From Continuing And Discontinued Operation": 481000000.0,
        "Total Expenses": 3543000000.0,
        "Total Operating Income As Reported": 855000000.0,
        "Diluted Average Shares": 645000000.0,
        "Basic Average Shares": 639600000.0,
        "Diluted EPS": 0.75,
        "Basic EPS": 0.75,
        "Diluted NI Availto Com Stockholders": 481000000.0,
        "Net Income Common Stockholders": 481000000.0,
        "Net Income": 481000000.0,
        "Minority Interests": -12000000.0,
        "Net Income Including Noncontrolling Interests": 493000000.0,
        "Net Income Continuous Operations": 493000000.0,
        "Earnings From Equity Interest Net Of Tax": -12000000.0,
        "Tax Provision": 147000000.0,
        "Pretax Income": 652000000.0,
        "Other Income Expense": -133000000.0,
        "Other Non Operating Income Expenses": -13000000.0,
        "Special Income Charges": -120000000.0,
        "Gain On Sale Of Business": -120000000.0,
        "Net Non Operating Interest Income Expense": -190000000.0,
        "Interest Expense Non Operating": 190000000.0,
        "Interest Income Non Operating": 3000000.0,
        "Operating Income": 975000000.0,
        "Operating Expense": 1547000000.0,
        "Selling General And Administration": 1547000000.0,
        "Gross Profit": 2522000000.0,
        "Cost Of Revenue": 1996000000.0,
        "Total Revenue": 4518000000.0,
        "Operating Revenue": 4518000000.0
    },
    "2022-06-30": {
        "Tax Effect Of Unusual Items": 0.0,
        "Tax Rate For Calcs": 0.221683,
        "Normalized EBITDA": 1603000000.0,
        "Total Unusual Items": 0.0,
        "Total Unusual Items Excluding Goodwill": 0.0,
        "Net Income From Continuing Operation Net Minority Interest": 598000000.0,
        "Reconciled Depreciation": 809000000.0,
        "Reconciled Cost Of Revenue": 2044000000.0,
        "EBITDA": 1603000000.0,
        "EBIT": 794000000.0,
        "Net Interest Income": -176000000.0,
        "Interest Expense": 176000000.0,
        "Interest Income": 2000000.0,
        "Normalized Income": 598000000.0,
        "Net Income From Continuing And Discontinued Operation": 598000000.0,
        "Total Expenses": 3590000000.0,
        "Total Operating Income As Reported": 860000000.0,
        "Diluted Average Shares": 650800000.0,
        "Basic Average Shares": 645200000.0,
        "Diluted EPS": 0.92,
        "Basic EPS": 0.93,
        "Diluted NI Availto Com Stockholders": 598000000.0,
        "Net Income Common Stockholders": 598000000.0,
        "Net Income": 598000000.0,
        "Minority Interests": -11000000.0,
        "Net Income Including Noncontrolling Interests": 609000000.0,
        "Net Income Continuous Operations": 609000000.0,
        "Earnings From Equity Interest Net Of Tax": 128000000.0,
        "Tax Provision": 137000000.0,
        "Pretax Income": 618000000.0,
        "Other Income Expense": -66000000.0,
        "Other Non Operating Income Expenses": -66000000.0,
        "Special Income Charges": 0.0,
        "Gain On Sale Of Ppe": 0.0,
        "Gain On Sale Of Business": NaN,
        "Net Non Operating Interest Income Expense": -176000000.0,
        "Interest Expense Non Operating": 176000000.0,
        "Interest Income Non Operating": 2000000.0,
        "Operating Income": 860000000.0,
        "Operating Expense": 1546000000.0,
        "Selling General And Administration": 1546000000.0,
        "Gross Profit": 2406000000.0,
        "Cost Of Revenue": 2044000000.0,
        "Total Revenue": 4450000000.0,
        "Operating Revenue": 4450000000.0
    },
    "2023-09-30": {
        "Tax Effect Of Unusual Items": NaN,
        "Tax Rate For Calcs": NaN,
        "Normalized EBITDA": NaN,
        "Total Unusual Items": NaN,
        "Total Unusual Items Excluding Goodwill": NaN,
        "Net Income From Continuing Operation Net Minority Interest": NaN,
        "Reconciled Depreciation": NaN,
        "Reconciled Cost Of Revenue": NaN,
        "EBITDA": NaN,
        "EBIT": NaN,
        "Net Interest Income": NaN,
        "Interest Expense": NaN,
        "Interest Income": NaN,
        "Normalized Income": NaN,
        "Net Income From Continuing And Discontinued Operation": NaN,
        "Total Expenses": NaN,
        "Total Operating Income As Reported": NaN,
        "Diluted Average Shares": 610300000.0,
        "Basic Average Shares": 602000000.0,
        "Diluted EPS": 1.56,
        "Basic EPS": 1.581395,
        "Diluted NI Availto Com Stockholders": NaN,
        "Net Income Common Stockholders": NaN,
        "Net Income": NaN,
        "Minority Interests": NaN,
        "Net Income Including Noncontrolling Interests": NaN,
        "Net Income Continuous Operations": NaN,
        "Earnings From Equity Interest Net Of Tax": NaN,
        "Tax Provision": NaN,
        "Pretax Income": NaN,
        "Other Income Expense": NaN,
        "Other Non Operating Income Expenses": NaN,
        "Special Income Charges": NaN,
        "Gain On Sale Of Business": NaN,
        "Net Non Operating Interest Income Expense": NaN,
        "Interest Expense Non Operating": NaN,
        "Interest Income Non Operating": NaN,
        "Operating Income": NaN,
        "Operating Expense": NaN,
        "Selling General And Administration": NaN,
        "Gross Profit": NaN,
        "Cost Of Revenue": NaN,
        "Total Revenue": NaN,
        "Operating Revenue": NaN
    },
    "2023-12-31": {
        "Tax Effect Of Unusual Items": NaN,
        "Tax Rate For Calcs": NaN,
        "Normalized EBITDA": NaN,
        "Total Unusual Items": NaN,
        "Total Unusual Items Excluding Goodwill": NaN,
        "Net Income From Continuing Operation Net Minority Interest": NaN,
        "Reconciled Depreciation": NaN,
        "Reconciled Cost Of Revenue": NaN,
        "EBITDA": NaN,
        "EBIT": NaN,
        "Net Interest Income": NaN,
        "Interest Expense": NaN,
        "Interest Income": NaN,
        "Normalized Income": NaN,
        "Net Income From Continuing And Discontinued Operation": NaN,
        "Total Expenses": NaN,
        "Total Operating Income As Reported": NaN,
        "Diluted Average Shares": NaN,
        "Basic Average Shares": NaN,
        "Diluted EPS": NaN,
        "Basic EPS": NaN,
        "Diluted NI Availto Com Stockholders": NaN,
        "Net Income Common Stockholders": NaN,
        "Net Income": NaN,
        "Minority Interests": NaN,
        "Net Income Including Noncontrolling Interests": NaN,
        "Net Income Continuous Operations": NaN,
        "Earnings From Equity Interest Net Of Tax": NaN,
        "Tax Provision": NaN,
        "Pretax Income": NaN,
        "Other Income Expense": NaN,
        "Other Non Operating Income Expenses": NaN,
        "Special Income Charges": NaN,
        "Gain On Sale Of Ppe": NaN,
        "Gain On Sale Of Business": -5000000.0,
        "Net Non Operating Interest Income Expense": NaN,
        "Interest Expense Non Operating": NaN,
        "Interest Income Non Operating": NaN,
        "Operating Income": NaN,
        "Operating Expense": NaN,
        "Selling General And Administration": NaN,
        "Gross Profit": NaN,
        "Cost Of Revenue": NaN,
        "Total Revenue": NaN,
        "Operating Revenue": NaN
    },
    "2024-03-31": {
        "Tax Effect Of Unusual Items": NaN,
        "Tax Rate For Calcs": NaN,
        "Normalized EBITDA": NaN,
        "Total Unusual Items": NaN,
        "Total Unusual Items Excluding Goodwill": NaN,
        "Net Income From Continuing Operation Net Minority Interest": NaN,
        "Reconciled Depreciation": NaN,
        "Reconciled Cost Of Revenue": NaN,
        "EBITDA": NaN,
        "EBIT": NaN,
        "Net Interest Income": NaN,
        "Interest Expense": NaN,
        "Interest Income": NaN,
        "Normalized Income": NaN,
        "Net Income From Continuing And Discontinued Operation": NaN,
        "Total Expenses": NaN,
        "Total Operating Income As Reported": NaN,
        "Diluted Average Shares": NaN,
        "Basic Average Shares": NaN,
        "Diluted EPS": NaN,
        "Basic EPS": NaN,
        "Diluted NI Availto Com Stockholders": NaN,
        "Net Income Common Stockholders": NaN,
        "Net Income": NaN,
        "Minority Interests": NaN,
        "Net Income Including Noncontrolling Interests": NaN,
        "Net Income Continuous Operations": NaN,
        "Earnings From Equity Interest Net Of Tax": NaN,
        "Tax Provision": NaN,
        "Pretax Income": NaN,
        "Other Income Expense": NaN,
        "Other Non Operating Income Expenses": NaN,
        "Special Income Charges": NaN,
        "Gain On Sale Of Ppe": 0.0,
        "Gain On Sale Of Business": 0.0,
        "Net Non Operating Interest Income Expense": NaN,
        "Interest Expense Non Operating": NaN,
        "Interest Income Non Operating": NaN,
        "Operating Income": NaN,
        "Operating Expense": NaN,
        "Selling General And Administration": NaN,
        "Gross Profit": NaN,
        "Cost Of Revenue": NaN,
        "Total Revenue": NaN,
        "Operating Revenue": NaN
    },
    "2024-06-30": {
        "Tax Effect Of Unusual Items": 0.0,
        "Tax Rate For Calcs": 0.1942,
        "Normalized EBITDA": 2217000000.0,
        "Total Unusual Items": 0.0,
        "Total Unusual Items Excluding Goodwill": 0.0,
        "Net Income From Continuing Operation Net Minority Interest": 894000000.0,
        "Reconciled Depreciation": 785000000.0,
        "Reconciled Cost Of Revenue": 1982000000.0,
        "EBITDA": 2217000000.0,
        "EBIT": 1432000000.0,
        "Net Interest Income": -285000000.0,
        "Interest Expense": 294000000.0,
        "Interest Income": 9000000.0,
        "Normalized Income": 894000000.0,
        "Net Income From Continuing And Discontinued Operation": 894000000.0,
        "Total Expenses": 3679000000.0,
        "Total Operating Income As Reported": 1428000000.0,
        "Diluted Average Shares": 585400000.0,
        "Basic Average Shares": 577000000.0,
        "Diluted EPS": 1.53,
        "Basic EPS": 1.549393,
        "Diluted NI Availto Com Stockholders": 894000000.0,
        "Net Income Common Stockholders": 894000000.0,
        "Net Income": 894000000.0,
        "Minority Interests": -15000000.0,
        "Net Income Including Noncontrolling Interests": 909000000.0,
        "Net Income Continuous Operations": 909000000.0,
        "Earnings From Equity Interest Net Of Tax": -8000000.0,
        "Tax Provision": 221000000.0,
        "Pretax Income": 1138000000.0,
        "Other Income Expense": -5000000.0,
        "Other Non Operating Income Expenses": -5000000.0,
        "Special Income Charges": 0.0,
        "Gain On Sale Of Ppe": NaN,
        "Gain On Sale Of Business": 0.0,
        "Net Non Operating Interest Income Expense": -285000000.0,
        "Interest Expense Non Operating": 294000000.0,
        "Interest Income Non Operating": 9000000.0,
        "Operating Income": 1428000000.0,
        "Operating Expense": 1697000000.0,
        "Selling General And Administration": 1697000000.0,
        "Gross Profit": 3125000000.0,
        "Cost Of Revenue": 1982000000.0,
        "Total Revenue": 5107000000.0,
        "Operating Revenue": 5107000000.0
    },
    "2024-09-30": {
        "Tax Effect Of Unusual Items": 0.0,
        "Tax Rate For Calcs": 0.058,
        "Normalized EBITDA": 2388000000.0,
        "Total Unusual Items": 0.0,
        "Total Unusual Items Excluding Goodwill": 0.0,
        "Net Income From Continuing Operation Net Minority Interest": 564000000.0,
        "Reconciled Depreciation": 778000000.0,
        "Reconciled Cost Of Revenue": 2007000000.0,
        "EBITDA": 2388000000.0,
        "EBIT": 1610000000.0,
        "Net Interest Income": -326000000.0,
        "Interest Expense": 339000000.0,
        "Interest Income": 13000000.0,
        "Normalized Income": 564000000.0,
        "Net Income From Continuing And Discontinued Operation": 564000000.0,
        "Total Expenses": 3613000000.0,
        "Total Operating Income As Reported": 1602000000.0,
        "Diluted Average Shares": 576900000.0,
        "Basic Average Shares": 570000000.0,
        "Diluted EPS": 0.98,
        "Basic EPS": 0.989474,
        "Diluted NI Availto Com Stockholders": 564000000.0,
        "Net Income Common Stockholders": 564000000.0,
        "Net Income": 564000000.0,
        "Minority Interests": -7000000.0,
        "Net Income Including Noncontrolling Interests": 571000000.0,
        "Net Income Continuous Operations": 571000000.0,
        "Earnings From Equity Interest Net Of Tax": -626000000.0,
        "Tax Provision": 74000000.0,
        "Pretax Income": 1271000000.0,
        "Other Income Expense": -5000000.0,
        "Other Non Operating Income Expenses": -5000000.0,
        "Special Income Charges": 0.0,
        "Gain On Sale Of Ppe": NaN,
        "Gain On Sale Of Business": 0.0,
        "Net Non Operating Interest Income Expense": -326000000.0,
        "Interest Expense Non Operating": 339000000.0,
        "Interest Income Non Operating": 13000000.0,
        "Operating Income": 1602000000.0,
        "Operating Expense": 1606000000.0,
        "Selling General And Administration": 1606000000.0,
        "Gross Profit": 3208000000.0,
        "Cost Of Revenue": 2007000000.0,
        "Total Revenue": 5215000000.0,
        "Operating Revenue": 5215000000.0
    },
    "2024-12-31": {
        "Tax Effect Of Unusual Items": 0.0,
        "Tax Rate For Calcs": 0.163007,
        "Normalized EBITDA": 2276000000.0,
        "Total Unusual Items": 0.0,
        "Total Unusual Items Excluding Goodwill": 0.0,
        "Net Income From Continuing Operation Net Minority Interest": 938000000.0,
        "Reconciled Depreciation": 758000000.0,
        "Reconciled Cost Of Revenue": 2019000000.0,
        "EBITDA": 2276000000.0,
        "EBIT": 1518000000.0,
        "Net Interest Income": -323000000.0,
        "Interest Expense": 334000000.0,
        "Interest Income": 11000000.0,
        "Normalized Income": 938000000.0,
        "Net Income From Continuing And Discontinued Operation": 938000000.0,
        "Total Expenses": 3583000000.0,
        "Total Operating Income As Reported": 1668000000.0,
        "Diluted Average Shares": 571400000.0,
        "Basic Average Shares": 564000000.0,
        "Diluted EPS": 1.64,
        "Basic EPS": 1.663121,
        "Diluted NI Availto Com Stockholders": 938000000.0,
        "Net Income Common Stockholders": 938000000.0,
        "Net Income": 938000000.0,
        "Minority Interests": -10000000.0,
        "Net Income Including Noncontrolling Interests": 948000000.0,
        "Net Income Continuous Operations": 948000000.0,
        "Earnings From Equity Interest Net Of Tax": -43000000.0,
        "Tax Provision": 193000000.0,
        "Pretax Income": 1184000000.0,
        "Other Income Expense": -161000000.0,
        "Other Non Operating Income Expenses": -161000000.0,
        "Special Income Charges": 0.0,
        "Gain On Sale Of Ppe": NaN,
        "Gain On Sale Of Business": 0.0,
        "Net Non Operating Interest Income Expense": -323000000.0,
        "Interest Expense Non Operating": 334000000.0,
        "Interest Income Non Operating": 11000000.0,
        "Operating Income": 1668000000.0,
        "Operating Expense": 1564000000.0,
        "Selling General And Administration": 1564000000.0,
        "Gross Profit": 3232000000.0,
        "Cost Of Revenue": 2019000000.0,
        "Total Revenue": 5251000000.0,
        "Operating Revenue": 5251000000.0
    },
    "2025-03-31": {
        "Tax Effect Of Unusual Items": 3640000.0,
        "Tax Rate For Calcs": 0.182,
        "Normalized EBITDA": 2133000000.0,
        "Total Unusual Items": 20000000.0,
        "Total Unusual Items Excluding Goodwill": 20000000.0,
        "Net Income From Continuing Operation Net Minority Interest": 851000000.0,
        "Reconciled Depreciation": 768000000.0,
        "Reconciled Cost Of Revenue": 2073000000.0,
        "EBITDA": 2153000000.0,
        "EBIT": 1385000000.0,
        "Net Interest Income": -331000000.0,
        "Interest Expense": 339000000.0,
        "Interest Income": 8000000.0,
        "Normalized Income": 834640000.0,
        "Net Income From Continuing And Discontinued Operation": 851000000.0,
        "Total Expenses": 3755000000.0,
        "Total Operating Income As Reported": 1395000000.0,
        "Diluted Average Shares": 564700000.0,
        "Basic Average Shares": 556000000.0,
        "Diluted EPS": 1.51,
        "Basic EPS": 1.530576,
        "Diluted NI Availto Com Stockholders": 851000000.0,
        "Net Income Common Stockholders": 851000000.0,
        "Net Income": 851000000.0,
        "Minority Interests": 3000000.0,
        "Net Income Including Noncontrolling Interests": 848000000.0,
        "Net Income Continuous Operations": 848000000.0,
        "Earnings From Equity Interest Net Of Tax": -8000000.0,
        "Tax Provision": 190000000.0,
        "Pretax Income": 1046000000.0,
        "Other Income Expense": 2000000.0,
        "Other Non Operating Income Expenses": -18000000.0,
        "Special Income Charges": 20000000.0,
        "Gain On Sale Of Ppe": 20000000.0,
        "Gain On Sale Of Business": NaN,
        "Net Non Operating Interest Income Expense": -331000000.0,
        "Interest Expense Non Operating": 339000000.0,
        "Interest Income Non Operating": 8000000.0,
        "Operating Income": 1375000000.0,
        "Operating Expense": 1682000000.0,
        "Selling General And Administration": 1682000000.0,
        "Gross Profit": 3057000000.0,
        "Cost Of Revenue": 2073000000.0,
        "Total Revenue": 5130000000.0,
        "Operating Revenue": 5130000000.0
    },
    "2025-06-30": {
        "Tax Effect Of Unusual Items": -571207.430341,
        "Tax Rate For Calcs": 0.190402,
        "Normalized EBITDA": 2473000000.0,
        "Total Unusual Items": -3000000.0,
        "Total Unusual Items Excluding Goodwill": -3000000.0,
        "Net Income From Continuing Operation Net Minority Interest": 1026000000.0,
        "Reconciled Depreciation": 802000000.0,
        "Reconciled Cost Of Revenue": 2106000000.0,
        "EBITDA": 2470000000.0,
        "EBIT": 1668000000.0,
        "Net Interest Income": -365000000.0,
        "Interest Expense": 376000000.0,
        "Interest Income": 11000000.0,
        "Normalized Income": 1028428792.569659,
        "Net Income From Continuing And Discontinued Operation": 1026000000.0,
        "Total Expenses": 3817000000.0,
        "Total Operating Income As Reported": 1696000000.0,
        "Diluted Average Shares": 552700000.0,
        "Basic Average Shares": 544000000.0,
        "Diluted EPS": 1.86,
        "Basic EPS": 1.886029,
        "Diluted NI Availto Com Stockholders": 1026000000.0,
        "Net Income Common Stockholders": 1026000000.0,
        "Net Income": 1026000000.0,
        "Minority Interests": -4000000.0,
        "Net Income Including Noncontrolling Interests": 1030000000.0,
        "Net Income Continuous Operations": 1030000000.0,
        "Earnings From Equity Interest Net Of Tax": -16000000.0,
        "Tax Provision": 246000000.0,
        "Pretax Income": 1292000000.0,
        "Other Income Expense": -42000000.0,
        "Other Non Operating Income Expenses": -39000000.0,
        "Special Income Charges": -3000000.0,
        "Gain On Sale Of Ppe": -3000000.0,
        "Gain On Sale Of Business": NaN,
        "Net Non Operating Interest Income Expense": -365000000.0,
        "Interest Expense Non Operating": 376000000.0,
        "Interest Income Non Operating": 11000000.0,
        "Operating Income": 1699000000.0,
        "Operating Expense": 1711000000.0,
        "Selling General And Administration": 1711000000.0,
        "Gross Profit": 3410000000.0,
        "Cost Of Revenue": 2106000000.0,
        "Total Revenue": 5516000000.0,
        "Operating Revenue": 5516000000.0
    }
}