{
    "2023-06-30": {
        "Tax Effect Of Unusual Items": NaN,
        "Tax Rate For Calcs": NaN,
        "Normalized EBITDA": NaN,
        "Total Unusual Items": NaN,
        "Total Unusual Items Excluding Goodwill": NaN,
        "Net Income From Continuing Operation Net Minority Interest": NaN,
        "Reconciled Depreciation": NaN,
        "EBITDA": NaN,
        "EBIT": NaN,
        "Net Interest Income": NaN,
        "Interest Expense": NaN,
        "Normalized Income": NaN,
        "Net Income From Continuing And Discontinued Operation": NaN,
        "Total Expenses": NaN,
        "Diluted Average Shares": NaN,
        "Basic Average Shares": NaN,
        "Diluted EPS": NaN,
        "Basic EPS": NaN,
        "Diluted NI Availto Com Stockholders": NaN,
        "Net Income Common Stockholders": NaN,
        "Preferred Stock Dividends": NaN,
        "Net Income": NaN,
        "Minority Interests": NaN,
        "Net Income Including Noncontrolling Interests": NaN,
        "Net Income Continuous Operations": NaN,
        "Tax Provision": NaN,
        "Pretax Income": NaN,
        "Other Income Expense": NaN,
        "Other Non Operating Income Expenses": NaN,
        "Special Income Charges": NaN,
        "Gain On Sale Of Ppe": NaN,
        "Other Special Charges": NaN,
        "Write Off": NaN,
        "Impairment Of Capital Assets": 602000.0,
        "Restructuring And Mergern Acquisition": NaN,
        "Earnings From Equity Interest": NaN,
        "Net Non Operating Interest Income Expense": NaN,
        "Interest Expense Non Operating": NaN,
        "Operating Income": NaN,
        "Operating Expense": NaN,
        "Other Operating Expenses": NaN,
        "Depreciation Amortization Depletion Income Statement": NaN,
        "Depreciation And Amortization In Income Statement": NaN,
        "Selling General And Administration": NaN,
        "General And Administrative Expense": NaN,
        "Other Gand A": NaN,
        "Total Revenue": NaN,
        "Operating Revenue": NaN
    },
    "2023-03-31": {
        "Tax Effect Of Unusual Items": NaN,
        "Tax Rate For Calcs": NaN,
        "Normalized EBITDA": NaN,
        "Total Unusual Items": NaN,
        "Total Unusual Items Excluding Goodwill": NaN,
        "Net Income From Continuing Operation Net Minority Interest": NaN,
        "Reconciled Depreciation": NaN,
        "EBITDA": NaN,
        "EBIT": NaN,
        "Net Interest Income": NaN,
        "Interest Expense": NaN,
        "Normalized Income": NaN,
        "Net Income From Continuing And Discontinued Operation": NaN,
        "Total Expenses": NaN,
        "Diluted Average Shares": NaN,
        "Basic Average Shares": NaN,
        "Diluted EPS": NaN,
        "Basic EPS": NaN,
        "Diluted NI Availto Com Stockholders": NaN,
        "Net Income Common Stockholders": NaN,
        "Preferred Stock Dividends": NaN,
        "Net Income": NaN,
        "Minority Interests": NaN,
        "Net Income Including Noncontrolling Interests": NaN,
        "Net Income Continuous Operations": NaN,
        "Tax Provision": NaN,
        "Pretax Income": NaN,
        "Other Income Expense": NaN,
        "Other Non Operating Income Expenses": NaN,
        "Special Income Charges": NaN,
        "Gain On Sale Of Ppe": NaN,
        "Other Special Charges": NaN,
        "Write Off": NaN,
        "Impairment Of Capital Assets": 141000.0,
        "Restructuring And Mergern Acquisition": NaN,
        "Earnings From Equity Interest": NaN,
        "Net Non Operating Interest Income Expense": NaN,
        "Interest Expense Non Operating": NaN,
        "Operating Income": NaN,
        "Operating Expense": NaN,
        "Other Operating Expenses": NaN,
        "Depreciation Amortization Depletion Income Statement": NaN,
        "Depreciation And Amortization In Income Statement": NaN,
        "Selling General And Administration": NaN,
        "General And Administrative Expense": NaN,
        "Other Gand A": NaN,
        "Total Revenue": NaN,
        "Operating Revenue": NaN
    },
    "2022-12-31": {
        "Tax Effect Of Unusual Items": -26717.901681,
        "Tax Rate For Calcs": 0.010901,
        "Normalized EBITDA": -14811000.0,
        "Total Unusual Items": -2451000.0,
        "Total Unusual Items Excluding Goodwill": -2451000.0,
        "Net Income From Continuing Operation Net Minority Interest": -46469000.0,
        "Reconciled Depreciation": 18298000.0,
        "EBITDA": -17262000.0,
        "EBIT": -35560000.0,
        "Net Interest Income": -21133000.0,
        "Interest Expense": 21133000.0,
        "Normalized Income": -44044717.901681,
        "Net Income From Continuing And Discontinued Operation": -46469000.0,
        "Total Expenses": 84058000.0,
        "Diluted Average Shares": NaN,
        "Basic Average Shares": NaN,
        "Diluted EPS": NaN,
        "Basic EPS": NaN,
        "Diluted NI Availto Com Stockholders": -60863000.0,
        "Net Income Common Stockholders": -60863000.0,
        "Preferred Stock Dividends": 14394000.0,
        "Net Income": -46469000.0,
        "Minority Interests": 9606000.0,
        "Net Income Including Noncontrolling Interests": -56075000.0,
        "Net Income Continuous Operations": -56075000.0,
        "Tax Provision": -618000.0,
        "Pretax Income": -56693000.0,
        "Other Income Expense": -22893000.0,
        "Other Non Operating Income Expenses": -1025000.0,
        "Special Income Charges": -2451000.0,
        "Gain On Sale Of Ppe": -1469000.0,
        "Other Special Charges": NaN,
        "Write Off": NaN,
        "Impairment Of Capital Assets": NaN,
        "Restructuring And Mergern Acquisition": 982000.0,
        "Earnings From Equity Interest": -19417000.0,
        "Net Non Operating Interest Income Expense": -21133000.0,
        "Interest Expense Non Operating": 21133000.0,
        "Operating Income": -12667000.0,
        "Operating Expense": 84058000.0,
        "Other Operating Expenses": 59926000.0,
        "Depreciation Amortization Depletion Income Statement": 18298000.0,
        "Depreciation And Amortization In Income Statement": 18298000.0,
        "Selling General And Administration": 5834000.0,
        "General And Administrative Expense": 5834000.0,
        "Other Gand A": 5834000.0,
        "Total Revenue": 71391000.0,
        "Operating Revenue": 99575000.0
    },
    "2022-09-30": {
        "Tax Effect Of Unusual Items": -606480.0,
        "Tax Rate For Calcs": 0.21,
        "Normalized EBITDA": -1454000.0,
        "Total Unusual Items": -2888000.0,
        "Total Unusual Items Excluding Goodwill": -2888000.0,
        "Net Income From Continuing Operation Net Minority Interest": -34813000.0,
        "Reconciled Depreciation": 18136000.0,
        "EBITDA": -4342000.0,
        "EBIT": -22478000.0,
        "Net Interest Income": -19161000.0,
        "Interest Expense": 19161000.0,
        "Normalized Income": -32531480.0,
        "Net Income From Continuing And Discontinued Operation": -34813000.0,
        "Total Expenses": 84937000.0,
        "Diluted Average Shares": 102730033.0,
        "Basic Average Shares": 102730033.0,
        "Diluted EPS": -0.43,
        "Basic EPS": -0.43,
        "Diluted NI Availto Com Stockholders": -44076000.0,
        "Net Income Common Stockholders": -44076000.0,
        "Preferred Stock Dividends": 9263000.0,
        "Net Income": -34813000.0,
        "Minority Interests": 8381000.0,
        "Net Income Including Noncontrolling Interests": -43194000.0,
        "Net Income Continuous Operations": -43194000.0,
        "Tax Provision": 1555000.0,
        "Pretax Income": -41639000.0,
        "Other Income Expense": -16100000.0,
        "Other Non Operating Income Expenses": -1132000.0,
        "Special Income Charges": -2888000.0,
        "Gain On Sale Of Ppe": -134000.0,
        "Other Special Charges": NaN,
        "Write Off": NaN,
        "Impairment Of Capital Assets": NaN,
        "Restructuring And Mergern Acquisition": 2754000.0,
        "Earnings From Equity Interest": -12080000.0,
        "Net Non Operating Interest Income Expense": -19161000.0,
        "Interest Expense Non Operating": 19161000.0,
        "Operating Income": -6378000.0,
        "Operating Expense": 84937000.0,
        "Other Operating Expenses": 63593000.0,
        "Depreciation Amortization Depletion Income Statement": 18136000.0,
        "Depreciation And Amortization In Income Statement": 18136000.0,
        "Selling General And Administration": 3208000.0,
        "General And Administrative Expense": 3208000.0,
        "Other Gand A": 3208000.0,
        "Total Revenue": 78559000.0,
        "Operating Revenue": 78559000.0
    },
    "2022-06-30": {
        "Tax Effect Of Unusual Items": -3548800.0,
        "Tax Rate For Calcs": 0.4,
        "Normalized EBITDA": -3336000.0,
        "Total Unusual Items": -8872000.0,
        "Total Unusual Items Excluding Goodwill": -8872000.0,
        "Net Income From Continuing Operation Net Minority Interest": -29480000.0,
        "Reconciled Depreciation": 17319000.0,
        "EBITDA": -12208000.0,
        "EBIT": -29527000.0,
        "Net Interest Income": -6486000.0,
        "Interest Expense": 6486000.0,
        "Normalized Income": -24156800.0,
        "Net Income From Continuing And Discontinued Operation": -29480000.0,
        "Total Expenses": 72111000.0,
        "Diluted Average Shares": 99188696.0,
        "Basic Average Shares": 99188696.0,
        "Diluted EPS": -0.297211,
        "Basic EPS": -0.297211,
        "Diluted NI Availto Com Stockholders": -29480000.0,
        "Net Income Common Stockholders": -29480000.0,
        "Preferred Stock Dividends": NaN,
        "Net Income": -29480000.0,
        "Minority Interests": 8480000.0,
        "Net Income Including Noncontrolling Interests": -37960000.0,
        "Net Income Continuous Operations": -37960000.0,
        "Tax Provision": 1947000.0,
        "Pretax Income": -36013000.0,
        "Other Income Expense": -23284000.0,
        "Other Non Operating Income Expenses": -553000.0,
        "Special Income Charges": -8872000.0,
        "Gain On Sale Of Ppe": 0.0,
        "Impairment Of Capital Assets": NaN,
        "Restructuring And Mergern Acquisition": 8872000.0,
        "Earnings From Equity Interest": -13859000.0,
        "Net Non Operating Interest Income Expense": -6486000.0,
        "Interest Expense Non Operating": 6486000.0,
        "Operating Income": -6243000.0,
        "Operating Expense": 72111000.0,
        "Other Operating Expenses": 49229000.0,
        "Depreciation Amortization Depletion Income Statement": 17319000.0,
        "Depreciation And Amortization In Income Statement": 17319000.0,
        "Selling General And Administration": 5563000.0,
        "General And Administrative Expense": 5563000.0,
        "Other Gand A": 5563000.0,
        "Total Revenue": 65868000.0,
        "Operating Revenue": 52601000.0
    },
    "2022-03-31": {
        "Diluted EPS": -0.43,
        "Total Revenue": 46,
        "Gross Profit": 46,
        "Operating Income": -20,
        "EBIT": -2,
        "Net Income": -43
    },
    "2021-12-31": {
        "Diluted EPS": 0.0,
        "Total Revenue": NaN,
        "Gross Profit": NaN,
        "Operating Income": NaN,
        "EBIT": NaN,
        "Net Income": NaN
    },
    "2021-09-30": {
        "Diluted EPS": -0.27,
        "Total Revenue": 37,
        "Gross Profit": 37,
        "Operating Income": -24,
        "EBIT": -6,
        "Net Income": -27
    },
    "2021-06-30": {
        "Diluted EPS": -0.26,
        "Total Revenue": 15,
        "Gross Profit": 15,
        "Operating Income": -22,
        "EBIT": -22,
        "Net Income": -25
    },
    "2020-12-31": {
        "Diluted EPS": 0.0,
        "Total Revenue": NaN,
        "Gross Profit": NaN,
        "Operating Income": NaN,
        "EBIT": NaN,
        "Net Income": NaN
    },
    "2023-09-30": {
        "Tax Effect Of Unusual Items": NaN,
        "Tax Rate For Calcs": NaN,
        "Normalized EBITDA": NaN,
        "Total Unusual Items": NaN,
        "Total Unusual Items Excluding Goodwill": NaN,
        "Net Income From Continuing Operation Net Minority Interest": NaN,
        "Reconciled Depreciation": NaN,
        "EBITDA": NaN,
        "EBIT": NaN,
        "Net Interest Income": NaN,
        "Interest Expense": NaN,
        "Normalized Income": NaN,
        "Net Income From Continuing And Discontinued Operation": NaN,
        "Total Expenses": NaN,
        "Diluted Average Shares": 102820651.0,
        "Basic Average Shares": 102820651.0,
        "Diluted EPS": -0.55,
        "Basic EPS": -0.55,
        "Diluted NI Availto Com Stockholders": NaN,
        "Net Income Common Stockholders": NaN,
        "Preferred Stock Dividends": NaN,
        "Net Income": NaN,
        "Minority Interests": NaN,
        "Net Income Including Noncontrolling Interests": NaN,
        "Net Income Continuous Operations": NaN,
        "Tax Provision": NaN,
        "Pretax Income": NaN,
        "Other Income Expense": NaN,
        "Other Non Operating Income Expenses": NaN,
        "Special Income Charges": NaN,
        "Gain On Sale Of Ppe": NaN,
        "Other Special Charges": 2020000.0,
        "Write Off": NaN,
        "Restructuring And Mergern Acquisition": NaN,
        "Earnings From Equity Interest": NaN,
        "Net Non Operating Interest Income Expense": NaN,
        "Interest Expense Non Operating": NaN,
        "Operating Income": NaN,
        "Operating Expense": NaN,
        "Other Operating Expenses": NaN,
        "Depreciation Amortization Depletion Income Statement": NaN,
        "Depreciation And Amortization In Income Statement": NaN,
        "Selling General And Administration": NaN,
        "General And Administrative Expense": NaN,
        "Other Gand A": NaN,
        "Total Revenue": NaN,
        "Operating Revenue": NaN
    },
    "2023-12-31": {
        "Tax Effect Of Unusual Items": NaN,
        "Tax Rate For Calcs": NaN,
        "Normalized EBITDA": NaN,
        "Total Unusual Items": NaN,
        "Total Unusual Items Excluding Goodwill": NaN,
        "Net Income From Continuing Operation Net Minority Interest": NaN,
        "Reconciled Depreciation": NaN,
        "EBITDA": NaN,
        "EBIT": NaN,
        "Net Interest Income": NaN,
        "Interest Expense": NaN,
        "Normalized Income": NaN,
        "Net Income From Continuing And Discontinued Operation": NaN,
        "Total Expenses": NaN,
        "Diluted Average Shares": NaN,
        "Basic Average Shares": NaN,
        "Diluted EPS": NaN,
        "Basic EPS": NaN,
        "Diluted NI Availto Com Stockholders": NaN,
        "Net Income Common Stockholders": NaN,
        "Preferred Stock Dividends": NaN,
        "Net Income": NaN,
        "Minority Interests": NaN,
        "Net Income Including Noncontrolling Interests": NaN,
        "Net Income Continuous Operations": NaN,
        "Tax Provision": NaN,
        "Pretax Income": NaN,
        "Other Income Expense": NaN,
        "Other Non Operating Income Expenses": NaN,
        "Special Income Charges": NaN,
        "Gain On Sale Of Ppe": NaN,
        "Other Special Charges": 16000.0,
        "Write Off": NaN,
        "Restructuring And Mergern Acquisition": NaN,
        "Earnings From Equity Interest": NaN,
        "Net Non Operating Interest Income Expense": NaN,
        "Interest Expense Non Operating": NaN,
        "Operating Income": NaN,
        "Operating Expense": NaN,
        "Other Operating Expenses": NaN,
        "Depreciation Amortization Depletion Income Statement": NaN,
        "Depreciation And Amortization In Income Statement": NaN,
        "Selling General And Administration": NaN,
        "General And Administrative Expense": NaN,
        "Other Gand A": NaN,
        "Total Revenue": NaN,
        "Operating Revenue": NaN
    },
    "2024-03-31": {
        "Tax Effect Of Unusual Items": -197190.0,
        "Tax Rate For Calcs": 0.21,
        "Normalized EBITDA": 561000.0,
        "Total Unusual Items": -939000.0,
        "Total Unusual Items Excluding Goodwill": -939000.0,
        "Net Income From Continuing Operation Net Minority Interest": -39607000.0,
        "Reconciled Depreciation": 20521000.0,
        "EBITDA": -378000.0,
        "EBIT": -20899000.0,
        "Net Interest Income": -27593000.0,
        "Interest Expense": 27593000.0,
        "Normalized Income": -38865190.0,
        "Net Income From Continuing And Discontinued Operation": -39607000.0,
        "Total Expenses": 92958000.0,
        "Diluted Average Shares": 104189287.0,
        "Basic Average Shares": 104189287.0,
        "Diluted EPS": -0.54,
        "Basic EPS": -0.54,
        "Diluted NI Availto Com Stockholders": -56582000.0,
        "Net Income Common Stockholders": -56582000.0,
        "Preferred Stock Dividends": 16975000.0,
        "Net Income": -39607000.0,
        "Minority Interests": 10690000.0,
        "Net Income Including Noncontrolling Interests": -50297000.0,
        "Net Income Continuous Operations": -50297000.0,
        "Tax Provision": 1805000.0,
        "Pretax Income": -48492000.0,
        "Other Income Expense": -10476000.0,
        "Other Non Operating Income Expenses": 2365000.0,
        "Special Income Charges": -939000.0,
        "Gain On Sale Of Ppe": -13000.0,
        "Other Special Charges": NaN,
        "Write Off": 0.0,
        "Restructuring And Mergern Acquisition": 926000.0,
        "Earnings From Equity Interest": -11902000.0,
        "Net Non Operating Interest Income Expense": -27593000.0,
        "Interest Expense Non Operating": 27593000.0,
        "Operating Income": -10423000.0,
        "Operating Expense": 92958000.0,
        "Other Operating Expenses": 67576000.0,
        "Depreciation Amortization Depletion Income Statement": 20521000.0,
        "Depreciation And Amortization In Income Statement": 20521000.0,
        "Selling General And Administration": 4861000.0,
        "General And Administrative Expense": 4861000.0,
        "Other Gand A": 4861000.0,
        "Total Revenue": 82535000.0,
        "Operating Revenue": 82534000.0
    },
    "2024-06-30": {
        "Tax Effect Of Unusual Items": -2150610.0,
        "Tax Rate For Calcs": 0.21,
        "Normalized EBITDA": 12221000.0,
        "Total Unusual Items": -10241000.0,
        "Total Unusual Items Excluding Goodwill": -10241000.0,
        "Net Income From Continuing Operation Net Minority Interest": -36740000.0,
        "Reconciled Depreciation": 20163000.0,
        "EBITDA": 1980000.0,
        "EBIT": -18183000.0,
        "Net Interest Income": -29690000.0,
        "Interest Expense": 29690000.0,
        "Normalized Income": -28649610.0,
        "Net Income From Continuing And Discontinued Operation": -36740000.0,
        "Total Expenses": 87004000.0,
        "Diluted Average Shares": 105039831.0,
        "Basic Average Shares": 105039831.0,
        "Diluted EPS": -0.52,
        "Basic EPS": -0.52,
        "Diluted NI Availto Com Stockholders": -54350000.0,
        "Net Income Common Stockholders": -54350000.0,
        "Preferred Stock Dividends": 17610000.0,
        "Net Income": -36740000.0,
        "Minority Interests": 11400000.0,
        "Net Income Including Noncontrolling Interests": -48140000.0,
        "Net Income Continuous Operations": -48140000.0,
        "Tax Provision": 267000.0,
        "Pretax Income": -47873000.0,
        "Other Income Expense": -16066000.0,
        "Other Non Operating Income Expenses": 6963000.0,
        "Special Income Charges": -10241000.0,
        "Gain On Sale Of Ppe": -150000.0,
        "Other Special Charges": 9170000.0,
        "Write Off": 0.0,
        "Restructuring And Mergern Acquisition": 921000.0,
        "Earnings From Equity Interest": -12788000.0,
        "Net Non Operating Interest Income Expense": -29690000.0,
        "Interest Expense Non Operating": 29690000.0,
        "Operating Income": -2117000.0,
        "Operating Expense": 87004000.0,
        "Other Operating Expenses": 64001000.0,
        "Depreciation Amortization Depletion Income Statement": 20163000.0,
        "Depreciation And Amortization In Income Statement": 20163000.0,
        "Selling General And Administration": 2840000.0,
        "General And Administrative Expense": 2840000.0,
        "Other Gand A": 2840000.0,
        "Total Revenue": 84887000.0,
        "Operating Revenue": 84887000.0
    },
    "2024-09-30": {
        "Tax Effect Of Unusual Items": 2092.269095,
        "Tax Rate For Calcs": 0.002137,
        "Normalized EBITDA": 6978000.0,
        "Total Unusual Items": 979000.0,
        "Total Unusual Items Excluding Goodwill": 979000.0,
        "Net Income From Continuing Operation Net Minority Interest": -32993000.0,
        "Reconciled Depreciation": 19492000.0,
        "EBITDA": 7957000.0,
        "EBIT": -11535000.0,
        "Net Interest Income": -31513000.0,
        "Interest Expense": 31513000.0,
        "Normalized Income": -33969907.730905,
        "Net Income From Continuing And Discontinued Operation": -32993000.0,
        "Total Expenses": 88054000.0,
        "Diluted Average Shares": 109723831.0,
        "Basic Average Shares": 109723831.0,
        "Diluted EPS": -0.45,
        "Basic EPS": -0.45,
        "Diluted NI Availto Com Stockholders": -49971000.0,
        "Net Income Common Stockholders": -49971000.0,
        "Otherunder Preferred Stock Dividend": NaN,
        "Preferred Stock Dividends": 16978000.0,
        "Net Income": -32993000.0,
        "Minority Interests": 9963000.0,
        "Net Income Including Noncontrolling Interests": -42956000.0,
        "Net Income Continuous Operations": -42956000.0,
        "Tax Provision": -92000.0,
        "Pretax Income": -43048000.0,
        "Other Income Expense": -6792000.0,
        "Other Non Operating Income Expenses": 6537000.0,
        "Special Income Charges": 979000.0,
        "Gain On Sale Of Ppe": 2758000.0,
        "Other Special Charges": -747000.0,
        "Write Off": 0.0,
        "Restructuring And Mergern Acquisition": 2526000.0,
        "Earnings From Equity Interest": -14308000.0,
        "Net Non Operating Interest Income Expense": -31513000.0,
        "Interest Expense Non Operating": 31513000.0,
        "Operating Income": -4743000.0,
        "Operating Expense": 88054000.0,
        "Other Operating Expenses": 65573000.0,
        "Depreciation Amortization Depletion Income Statement": 19492000.0,
        "Depreciation And Amortization In Income Statement": 19492000.0,
        "Selling General And Administration": 2989000.0,
        "General And Administrative Expense": 2989000.0,
        "Other Gand A": 2989000.0,
        "Total Revenue": 83311000.0,
        "Operating Revenue": 83311000.0
    },
    "2024-12-31": {
        "Tax Effect Of Unusual Items": -15570870.0,
        "Tax Rate For Calcs": 0.21,
        "Normalized EBITDA": 3355000.0,
        "Total Unusual Items": -74147000.0,
        "Total Unusual Items Excluding Goodwill": -74147000.0,
        "Net Income From Continuing Operation Net Minority Interest": -114305000.0,
        "Reconciled Depreciation": 19234000.0,
        "EBITDA": -70792000.0,
        "EBIT": -90026000.0,
        "Net Interest Income": -33312000.0,
        "Interest Expense": 33312000.0,
        "Normalized Income": -55728870.0,
        "Net Income From Continuing And Discontinued Operation": -114305000.0,
        "Total Expenses": 85184000.0,
        "Diluted Average Shares": 113856854.0,
        "Basic Average Shares": 113856854.0,
        "Diluted EPS": -1.24,
        "Basic EPS": -1.24,
        "Diluted NI Availto Com Stockholders": -133556000.0,
        "Net Income Common Stockholders": -133556000.0,
        "Otherunder Preferred Stock Dividend": NaN,
        "Preferred Stock Dividends": 19251000.0,
        "Net Income": -114305000.0,
        "Minority Interests": 10366000.0,
        "Net Income Including Noncontrolling Interests": -124671000.0,
        "Net Income Continuous Operations": -124671000.0,
        "Tax Provision": 1333000.0,
        "Pretax Income": -123338000.0,
        "Other Income Expense": -85606000.0,
        "Other Non Operating Income Expenses": 5039000.0,
        "Special Income Charges": -74147000.0,
        "Gain On Sale Of Ppe": -225000.0,
        "Other Special Charges": 502000.0,
        "Write Off": 72336000.0,
        "Restructuring And Mergern Acquisition": 1084000.0,
        "Earnings From Equity Interest": -16498000.0,
        "Net Non Operating Interest Income Expense": -33312000.0,
        "Interest Expense Non Operating": 33312000.0,
        "Operating Income": -4420000.0,
        "Operating Expense": 85184000.0,
        "Other Operating Expenses": 61842000.0,
        "Depreciation Amortization Depletion Income Statement": 19234000.0,
        "Depreciation And Amortization In Income Statement": 19234000.0,
        "Selling General And Administration": 4108000.0,
        "General And Administrative Expense": 4108000.0,
        "Other Gand A": 4108000.0,
        "Total Revenue": 80764000.0,
        "Operating Revenue": 80732000.0
    },
    "2025-03-31": {
        "Tax Effect Of Unusual Items": 24135510.0,
        "Tax Rate For Calcs": 0.21,
        "Normalized EBITDA": 31843000.0,
        "Total Unusual Items": 114931000.0,
        "Total Unusual Items Excluding Goodwill": 114931000.0,
        "Net Income From Continuing Operation Net Minority Interest": 131565000.0,
        "Reconciled Depreciation": 25012000.0,
        "EBITDA": 146774000.0,
        "EBIT": 121762000.0,
        "Net Interest Income": -43112000.0,
        "Interest Expense": 43112000.0,
        "Normalized Income": 40769510.0,
        "Net Income From Continuing And Discontinued Operation": 131565000.0,
        "Total Expenses": 99712000.0,
        "Diluted Average Shares": 122758859.0,
        "Basic Average Shares": 114101860.0,
        "Diluted EPS": 0.89,
        "Basic EPS": 0.95,
        "Diluted NI Availto Com Stockholders": 108257000.0,
        "Net Income Common Stockholders": 108257000.0,
        "Otherunder Preferred Stock Dividend": NaN,
        "Preferred Stock Dividends": 23308000.0,
        "Net Income": 131565000.0,
        "Minority Interests": 11401000.0,
        "Net Income Including Noncontrolling Interests": 120164000.0,
        "Net Income Continuous Operations": 120164000.0,
        "Tax Provision": -41514000.0,
        "Pretax Income": 78650000.0,
        "Other Income Expense": 125313000.0,
        "Other Non Operating Income Expenses": 3693000.0,
        "Special Income Charges": 114931000.0,
        "Gain On Sale Of Ppe": 119828000.0,
        "Other Special Charges": 7000.0,
        "Write Off": 1375000.0,
        "Restructuring And Mergern Acquisition": 3515000.0,
        "Earnings From Equity Interest": 6689000.0,
        "Net Non Operating Interest Income Expense": -43112000.0,
        "Interest Expense Non Operating": 43112000.0,
        "Operating Income": -3551000.0,
        "Operating Expense": 99712000.0,
        "Other Operating Expenses": 69587000.0,
        "Depreciation Amortization Depletion Income Statement": 25012000.0,
        "Depreciation And Amortization In Income Statement": 25012000.0,
        "Selling General And Administration": 5113000.0,
        "General And Administrative Expense": 5113000.0,
        "Other Gand A": 5113000.0,
        "Total Revenue": 96161000.0,
        "Operating Revenue": 96160000.0
    },
    "2025-06-30": {
        "Tax Effect Of Unusual Items": -3605910.0,
        "Tax Rate For Calcs": 0.21,
        "Normalized EBITDA": 41366000.0,
        "Total Unusual Items": -17171000.0,
        "Total Unusual Items Excluding Goodwill": -17171000.0,
        "Net Income From Continuing Operation Net Minority Interest": -58859000.0,
        "Reconciled Depreciation": 33998000.0,
        "EBITDA": 24195000.0,
        "EBIT": -9803000.0,
        "Net Interest Income": -59204000.0,
        "Interest Expense": 59204000.0,
        "Normalized Income": -45293910.0,
        "Net Income From Continuing And Discontinued Operation": -58859000.0,
        "Total Expenses": 115975000.0,
        "Diluted Average Shares": 114880817.0,
        "Basic Average Shares": 114880817.0,
        "Diluted EPS": -0.73,
        "Basic EPS": -0.73,
        "Diluted NI Availto Com Stockholders": -83898000.0,
        "Net Income Common Stockholders": -83898000.0,
        "Otherunder Preferred Stock Dividend": NaN,
        "Preferred Stock Dividends": 25039000.0,
        "Net Income": -58859000.0,
        "Minority Interests": 11100000.0,
        "Net Income Including Noncontrolling Interests": -69959000.0,
        "Net Income Continuous Operations": -69959000.0,
        "Tax Provision": 952000.0,
        "Pretax Income": -69007000.0,
        "Other Income Expense": -16114000.0,
        "Other Non Operating Income Expenses": 3052000.0,
        "Special Income Charges": -17171000.0,
        "Gain On Sale Of Ppe": 0.0,
        "Other Special Charges": 4066000.0,
        "Write Off": 4401000.0,
        "Restructuring And Mergern Acquisition": 8704000.0,
        "Earnings From Equity Interest": -1995000.0,
        "Net Non Operating Interest Income Expense": -59204000.0,
        "Interest Expense Non Operating": 59204000.0,
        "Operating Income": 6311000.0,
        "Operating Expense": 115975000.0,
        "Other Operating Expenses": 78115000.0,
        "Depreciation Amortization Depletion Income Statement": 33998000.0,
        "Depreciation And Amortization In Income Statement": 33998000.0,
        "Selling General And Administration": 3862000.0,
        "General And Administrative Expense": 3862000.0,
        "Other Gand A": 3862000.0,
        "Total Revenue": 122286000.0,
        "Operating Revenue": 122007000.0
    },
    "2025-09-30": {
        "Tax Effect Of Unusual Items": -12264210.0,
        "Tax Rate For Calcs": 0.21,
        "Normalized EBITDA": 67069000.0,
        "Total Unusual Items": -58401000.0,
        "Total Unusual Items Excluding Goodwill": -58401000.0,
        "Net Income From Continuing Operation Net Minority Interest": -93041000.0,
        "Reconciled Depreciation": 34813000.0,
        "EBITDA": 8668000.0,
        "EBIT": -26145000.0,
        "Net Interest Income": -73312000.0,
        "Interest Expense": 73312000.0,
        "Normalized Income": -46904210.0,
        "Net Income From Continuing And Discontinued Operation": -93041000.0,
        "Total Expenses": 116782000.0,
        "Diluted Average Shares": 115555973.0,
        "Basic Average Shares": 115555973.0,
        "Diluted EPS": -1.38,
        "Basic EPS": -1.38,
        "Diluted NI Availto Com Stockholders": -159283000.0,
        "Net Income Common Stockholders": -159283000.0,
        "Otherunder Preferred Stock Dividend": 36700000.0,
        "Preferred Stock Dividends": 29542000.0,
        "Net Income": -93041000.0,
        "Minority Interests": 11497000.0,
        "Net Income Including Noncontrolling Interests": -104538000.0,
        "Net Income Continuous Operations": -104538000.0,
        "Tax Provision": 5081000.0,
        "Pretax Income": -99457000.0,
        "Other Income Expense": -49919000.0,
        "Other Non Operating Income Expenses": 5554000.0,
        "Special Income Charges": -58401000.0,
        "Gain On Sale Of Ppe": 28000.0,
        "Other Special Charges": 55208000.0,
        "Write Off": 0.0,
        "Restructuring And Mergern Acquisition": 3221000.0,
        "Earnings From Equity Interest": 2928000.0,
        "Net Non Operating Interest Income Expense": -73312000.0,
        "Interest Expense Non Operating": 73312000.0,
        "Operating Income": 23774000.0,
        "Operating Expense": 116782000.0,
        "Other Operating Expenses": 78767000.0,
        "Depreciation Amortization Depletion Income Statement": 34813000.0,
        "Depreciation And Amortization In Income Statement": 34813000.0,
        "Selling General And Administration": 3202000.0,
        "General And Administrative Expense": 3202000.0,
        "Other Gand A": 3202000.0,
        "Total Revenue": 140556000.0,
        "Operating Revenue": 140556000.0
    }
}