{
    "2023-03-31": {
        "Tax Effect Of Unusual Items": NaN,
        "Tax Rate For Calcs": NaN,
        "Normalized EBITDA": NaN,
        "Total Unusual Items": NaN,
        "Total Unusual Items Excluding Goodwill": NaN,
        "Net Income From Continuing Operation Net Minority Interest": NaN,
        "Reconciled Depreciation": NaN,
        "Reconciled Cost Of Revenue": NaN,
        "EBITDA": NaN,
        "EBIT": NaN,
        "Net Interest Income": NaN,
        "Interest Expense": NaN,
        "Normalized Income": NaN,
        "Net Income From Continuing And Discontinued Operation": NaN,
        "Total Expenses": NaN,
        "Total Operating Income As Reported": NaN,
        "Diluted Average Shares": NaN,
        "Basic Average Shares": NaN,
        "Diluted EPS": NaN,
        "Basic EPS": NaN,
        "Diluted NI Availto Com Stockholders": NaN,
        "Net Income Common Stockholders": NaN,
        "Net Income": NaN,
        "Minority Interests": NaN,
        "Net Income Including Noncontrolling Interests": NaN,
        "Net Income Discontinuous Operations": NaN,
        "Net Income Continuous Operations": NaN,
        "Earnings From Equity Interest Net Of Tax": NaN,
        "Tax Provision": NaN,
        "Pretax Income": NaN,
        "Other Income Expense": NaN,
        "Other Non Operating Income Expenses": NaN,
        "Special Income Charges": NaN,
        "Write Off": NaN,
        "Impairment Of Capital Assets": NaN,
        "Net Non Operating Interest Income Expense": NaN,
        "Total Other Finance Cost": 142000000.0,
        "Interest Expense Non Operating": NaN,
        "Operating Income": NaN,
        "Operating Expense": NaN,
        "Other Operating Expenses": NaN,
        "Selling General And Administration": NaN,
        "Gross Profit": NaN,
        "Cost Of Revenue": NaN,
        "Total Revenue": NaN,
        "Operating Revenue": NaN
    },
    "2022-12-31": {
        "Tax Effect Of Unusual Items": NaN,
        "Tax Rate For Calcs": NaN,
        "Normalized EBITDA": NaN,
        "Total Unusual Items": NaN,
        "Total Unusual Items Excluding Goodwill": NaN,
        "Net Income From Continuing Operation Net Minority Interest": NaN,
        "Reconciled Depreciation": NaN,
        "Reconciled Cost Of Revenue": NaN,
        "EBITDA": NaN,
        "EBIT": NaN,
        "Net Interest Income": NaN,
        "Interest Expense": NaN,
        "Normalized Income": NaN,
        "Net Income From Continuing And Discontinued Operation": NaN,
        "Total Expenses": NaN,
        "Total Operating Income As Reported": NaN,
        "Diluted Average Shares": NaN,
        "Basic Average Shares": NaN,
        "Diluted EPS": NaN,
        "Basic EPS": NaN,
        "Diluted NI Availto Com Stockholders": NaN,
        "Net Income Common Stockholders": NaN,
        "Net Income": NaN,
        "Minority Interests": NaN,
        "Net Income Including Noncontrolling Interests": NaN,
        "Net Income Discontinuous Operations": NaN,
        "Net Income Continuous Operations": NaN,
        "Earnings From Equity Interest Net Of Tax": 0.0,
        "Tax Provision": NaN,
        "Pretax Income": NaN,
        "Other Income Expense": NaN,
        "Other Non Operating Income Expenses": NaN,
        "Special Income Charges": NaN,
        "Write Off": NaN,
        "Impairment Of Capital Assets": NaN,
        "Net Non Operating Interest Income Expense": NaN,
        "Total Other Finance Cost": NaN,
        "Interest Expense Non Operating": NaN,
        "Operating Income": NaN,
        "Operating Expense": NaN,
        "Other Operating Expenses": NaN,
        "Selling General And Administration": NaN,
        "Gross Profit": NaN,
        "Cost Of Revenue": NaN,
        "Total Revenue": NaN,
        "Operating Revenue": NaN
    },
    "2022-09-30": {
        "Tax Effect Of Unusual Items": NaN,
        "Tax Rate For Calcs": NaN,
        "Normalized EBITDA": NaN,
        "Total Unusual Items": NaN,
        "Total Unusual Items Excluding Goodwill": NaN,
        "Net Income From Continuing Operation Net Minority Interest": NaN,
        "Reconciled Depreciation": NaN,
        "Reconciled Cost Of Revenue": NaN,
        "EBITDA": NaN,
        "EBIT": NaN,
        "Net Interest Income": NaN,
        "Interest Expense": 78000000.0,
        "Normalized Income": NaN,
        "Net Income From Continuing And Discontinued Operation": NaN,
        "Total Expenses": NaN,
        "Total Operating Income As Reported": NaN,
        "Diluted Average Shares": NaN,
        "Basic Average Shares": NaN,
        "Diluted EPS": NaN,
        "Basic EPS": NaN,
        "Diluted NI Availto Com Stockholders": NaN,
        "Net Income Common Stockholders": NaN,
        "Net Income": NaN,
        "Minority Interests": NaN,
        "Net Income Including Noncontrolling Interests": NaN,
        "Net Income Discontinuous Operations": 32000000.0,
        "Net Income Continuous Operations": NaN,
        "Earnings From Equity Interest Net Of Tax": 0.0,
        "Tax Provision": NaN,
        "Pretax Income": NaN,
        "Other Income Expense": NaN,
        "Other Non Operating Income Expenses": NaN,
        "Special Income Charges": NaN,
        "Write Off": 17000000.0,
        "Impairment Of Capital Assets": NaN,
        "Net Non Operating Interest Income Expense": NaN,
        "Total Other Finance Cost": 78000000.0,
        "Interest Expense Non Operating": 78000000.0,
        "Operating Income": NaN,
        "Operating Expense": NaN,
        "Other Operating Expenses": NaN,
        "Selling General And Administration": NaN,
        "Gross Profit": NaN,
        "Cost Of Revenue": NaN,
        "Total Revenue": NaN,
        "Operating Revenue": NaN
    },
    "2022-06-30": {
        "Tax Effect Of Unusual Items": -6254901.960784,
        "Tax Rate For Calcs": 0.215686,
        "Normalized EBITDA": 1408000000.0,
        "Total Unusual Items": -29000000.0,
        "Total Unusual Items Excluding Goodwill": -29000000.0,
        "Net Income From Continuing Operation Net Minority Interest": 277000000.0,
        "Reconciled Depreciation": 975000000.0,
        "Reconciled Cost Of Revenue": 2234000000.0,
        "EBITDA": 1379000000.0,
        "EBIT": 404000000.0,
        "Net Interest Income": -47000000.0,
        "Interest Expense": 47000000.0,
        "Normalized Income": 299745098.039216,
        "Net Income From Continuing And Discontinued Operation": 277000000.0,
        "Total Expenses": 3316000000.0,
        "Total Operating Income As Reported": 374000000.0,
        "Diluted Average Shares": 611000000.0,
        "Basic Average Shares": 608000000.0,
        "Diluted EPS": 0.45,
        "Basic EPS": 0.46,
        "Diluted NI Availto Com Stockholders": 277000000.0,
        "Net Income Common Stockholders": 277000000.0,
        "Net Income": 277000000.0,
        "Minority Interests": -3000000.0,
        "Net Income Including Noncontrolling Interests": 280000000.0,
        "Net Income Continuous Operations": 280000000.0,
        "Earnings From Equity Interest Net Of Tax": 0.0,
        "Tax Provision": 77000000.0,
        "Pretax Income": 357000000.0,
        "Other Income Expense": 1000000.0,
        "Other Non Operating Income Expenses": 30000000.0,
        "Special Income Charges": -29000000.0,
        "Write Off": 29000000.0,
        "Impairment Of Capital Assets": 29000000.0,
        "Net Non Operating Interest Income Expense": -47000000.0,
        "Interest Expense Non Operating": 47000000.0,
        "Operating Income": 403000000.0,
        "Operating Expense": 1082000000.0,
        "Selling General And Administration": 1082000000.0,
        "Gross Profit": 1485000000.0,
        "Cost Of Revenue": 2234000000.0,
        "Total Revenue": 3719000000.0,
        "Operating Revenue": 3719000000.0
    },
    "2023-06-30": {
        "Tax Effect Of Unusual Items": NaN,
        "Tax Rate For Calcs": NaN,
        "Normalized EBITDA": NaN,
        "Total Unusual Items": NaN,
        "Total Unusual Items Excluding Goodwill": NaN,
        "Net Income From Continuing Operation Net Minority Interest": NaN,
        "Reconciled Depreciation": NaN,
        "Reconciled Cost Of Revenue": NaN,
        "EBITDA": NaN,
        "EBIT": NaN,
        "Net Interest Income": NaN,
        "Interest Expense": NaN,
        "Normalized Income": NaN,
        "Net Income From Continuing And Discontinued Operation": NaN,
        "Total Expenses": NaN,
        "Total Operating Income As Reported": NaN,
        "Diluted Average Shares": NaN,
        "Basic Average Shares": NaN,
        "Diluted EPS": NaN,
        "Basic EPS": NaN,
        "Diluted NI Availto Com Stockholders": NaN,
        "Net Income Common Stockholders": NaN,
        "Net Income": NaN,
        "Minority Interests": NaN,
        "Net Income Including Noncontrolling Interests": NaN,
        "Net Income Discontinuous Operations": NaN,
        "Net Income Continuous Operations": NaN,
        "Earnings From Equity Interest Net Of Tax": NaN,
        "Tax Provision": NaN,
        "Pretax Income": NaN,
        "Other Income Expense": NaN,
        "Other Non Operating Income Expenses": NaN,
        "Special Income Charges": NaN,
        "Write Off": 6841000000.0,
        "Impairment Of Capital Assets": NaN,
        "Net Non Operating Interest Income Expense": NaN,
        "Total Other Finance Cost": 153000000.0,
        "Interest Expense Non Operating": NaN,
        "Operating Income": NaN,
        "Operating Expense": NaN,
        "Other Operating Expenses": NaN,
        "Selling General And Administration": NaN,
        "Gross Profit": NaN,
        "Cost Of Revenue": NaN,
        "Total Revenue": NaN,
        "Operating Revenue": NaN
    },
    "2022-03-31": {
        "Diluted EPS": 0.2,
        "Total Revenue": NaN,
        "Gross Profit": NaN,
        "Operating Income": 157,
        "EBIT": NaN,
        "Net Income": 120
    },
    "2021-12-31": {
        "Diluted EPS": 0.46,
        "Total Revenue": NaN,
        "Gross Profit": NaN,
        "Operating Income": 455,
        "EBIT": NaN,
        "Net Income": 291
    },
    "2021-09-30": {
        "Diluted EPS": 0.26,
        "Total Revenue": NaN,
        "Gross Profit": NaN,
        "Operating Income": 138,
        "EBIT": NaN,
        "Net Income": 158
    },
    "2021-06-30": {
        "Diluted EPS": 0.55,
        "Total Revenue": NaN,
        "Gross Profit": NaN,
        "Operating Income": 363,
        "EBIT": NaN,
        "Net Income": 341
    },
    "2021-03-31": {
        "Diluted EPS": -0.6,
        "Total Revenue": NaN,
        "Gross Profit": NaN,
        "Operating Income": 99,
        "EBIT": NaN,
        "Net Income": -373
    },
    "2020-12-31": {
        "Diluted EPS": 0.17,
        "Total Revenue": NaN,
        "Gross Profit": NaN,
        "Operating Income": 167,
        "EBIT": NaN,
        "Net Income": 104
    },
    "2020-09-30": {
        "Diluted EPS": 0.03,
        "Total Revenue": NaN,
        "Gross Profit": NaN,
        "Operating Income": 231,
        "EBIT": NaN,
        "Net Income": 20
    },
    "2020-06-30": {
        "Diluted EPS": 0.03,
        "Total Revenue": NaN,
        "Gross Profit": 916,
        "Operating Income": 46,
        "EBIT": 970,
        "Net Income": 19
    },
    "2020-03-31": {
        "Diluted EPS": 0.02,
        "Total Revenue": NaN,
        "Gross Profit": 989,
        "Operating Income": 108,
        "EBIT": NaN,
        "Net Income": 15
    },
    "2019-12-31": {
        "Diluted EPS": -0.55,
        "Total Revenue": NaN,
        "Gross Profit": NaN,
        "Operating Income": 123,
        "EBIT": NaN,
        "Net Income": -158
    },
    "2019-09-30": {
        "Diluted EPS": 0.29,
        "Total Revenue": NaN,
        "Gross Profit": 984,
        "Operating Income": 140,
        "EBIT": 899,
        "Net Income": 154
    },
    "2019-06-30": {
        "Diluted EPS": 0.47,
        "Total Revenue": NaN,
        "Gross Profit": 708,
        "Operating Income": 391,
        "EBIT": 765,
        "Net Income": 154
    },
    "2019-03-31": {
        "Diluted EPS": 0.45,
        "Total Revenue": NaN,
        "Gross Profit": 676,
        "Operating Income": 315,
        "EBIT": 687,
        "Net Income": 148
    },
    "2018-12-31": {
        "Diluted EPS": 0.9,
        "Total Revenue": NaN,
        "Gross Profit": 790,
        "Operating Income": 469,
        "EBIT": 833,
        "Net Income": 298
    },
    "2018-09-30": {
        "Diluted EPS": 0.47,
        "Total Revenue": NaN,
        "Gross Profit": 720,
        "Operating Income": 342,
        "EBIT": 700,
        "Net Income": 154
    },
    "2018-06-30": {
        "Diluted EPS": 0.64,
        "Total Revenue": NaN,
        "Gross Profit": 692,
        "Operating Income": 353,
        "EBIT": 711,
        "Net Income": 212
    },
    "2018-03-31": {
        "Diluted EPS": 0.54,
        "Total Revenue": NaN,
        "Gross Profit": 652,
        "Operating Income": 294,
        "EBIT": 651,
        "Net Income": 182
    },
    "2017-12-31": {
        "Diluted EPS": 2.76,
        "Total Revenue": NaN,
        "Gross Profit": 769,
        "Operating Income": 431,
        "EBIT": 786,
        "Net Income": 934
    },
    "2017-09-30": {
        "Diluted EPS": 0.18,
        "Total Revenue": NaN,
        "Gross Profit": 710,
        "Operating Income": 385,
        "EBIT": 725,
        "Net Income": 59
    },
    "2017-06-30": {
        "Diluted EPS": 0.42,
        "Total Revenue": NaN,
        "Gross Profit": 738,
        "Operating Income": 370,
        "EBIT": 716,
        "Net Income": 139
    },
    "2017-03-31": {
        "Diluted EPS": 0.39,
        "Total Revenue": NaN,
        "Gross Profit": 657,
        "Operating Income": 246,
        "EBIT": 590,
        "Net Income": 129
    },
    "2016-12-31": {
        "Diluted EPS": 0.49,
        "Total Revenue": NaN,
        "Gross Profit": 821,
        "Operating Income": 364,
        "EBIT": 646,
        "Net Income": 164
    },
    "2016-09-30": {
        "Diluted EPS": 0.56,
        "Total Revenue": NaN,
        "Gross Profit": 782,
        "Operating Income": 398,
        "EBIT": 695,
        "Net Income": 185
    },
    "2016-06-30": {
        "Diluted EPS": 0.37,
        "Total Revenue": NaN,
        "Gross Profit": 705,
        "Operating Income": 283,
        "EBIT": 578,
        "Net Income": 121
    },
    "2016-03-31": {
        "Diluted EPS": 0.17,
        "Total Revenue": NaN,
        "Gross Profit": 628,
        "Operating Income": 184,
        "EBIT": 482,
        "Net Income": 55
    },
    "2015-12-31": {
        "Diluted EPS": 0.34,
        "Total Revenue": NaN,
        "Gross Profit": 642,
        "Operating Income": 259,
        "EBIT": 468,
        "Net Income": 106
    },
    "2015-09-30": {
        "Diluted EPS": 0.62,
        "Total Revenue": NaN,
        "Gross Profit": 557,
        "Operating Income": 338,
        "EBIT": 497,
        "Net Income": 175
    },
    "2015-06-30": {
        "Diluted EPS": 0.84,
        "Total Revenue": NaN,
        "Gross Profit": 517,
        "Operating Income": 287,
        "EBIT": 444,
        "Net Income": 240
    },
    "2015-03-31": {
        "Diluted EPS": 0.39,
        "Total Revenue": NaN,
        "Gross Profit": 485,
        "Operating Income": 215,
        "EBIT": 370,
        "Net Income": 111
    },
    "2014-12-31": {
        "Diluted EPS": 0.68,
        "Total Revenue": NaN,
        "Gross Profit": 573,
        "Operating Income": 352,
        "EBIT": 516,
        "Net Income": 195
    },
    "2014-09-30": {
        "Diluted EPS": 0.52,
        "Total Revenue": NaN,
        "Gross Profit": 531,
        "Operating Income": 324,
        "EBIT": 489,
        "Net Income": 151
    },
    "2014-06-30": {
        "Diluted EPS": 0.62,
        "Total Revenue": NaN,
        "Gross Profit": 507,
        "Operating Income": 310,
        "EBIT": 470,
        "Net Income": 179
    },
    "2014-03-31": {
        "Diluted EPS": 0.53,
        "Total Revenue": NaN,
        "Gross Profit": 476,
        "Operating Income": 286,
        "EBIT": 441,
        "Net Income": 155
    },
    "2013-12-31": {
        "Diluted EPS": 0.24,
        "Total Revenue": NaN,
        "Gross Profit": 515,
        "Operating Income": 221,
        "EBIT": 381,
        "Net Income": 72
    },
    "2013-09-30": {
        "Diluted EPS": 0.59,
        "Total Revenue": NaN,
        "Gross Profit": 505,
        "Operating Income": 318,
        "EBIT": 472,
        "Net Income": 172
    },
    "2013-06-30": {
        "Diluted EPS": 0.36,
        "Total Revenue": NaN,
        "Gross Profit": 481,
        "Operating Income": 249,
        "EBIT": 413,
        "Net Income": 105
    },
    "2013-03-31": {
        "Diluted EPS": 0.49,
        "Total Revenue": NaN,
        "Gross Profit": 470,
        "Operating Income": 275,
        "EBIT": 431,
        "Net Income": 144
    },
    "2012-12-31": {
        "Diluted EPS": 0.47,
        "Total Revenue": NaN,
        "Gross Profit": 472,
        "Operating Income": 283,
        "EBIT": 445,
        "Net Income": 137
    },
    "2012-09-30": {
        "Diluted EPS": 0.29,
        "Total Revenue": NaN,
        "Gross Profit": 468,
        "Operating Income": 288,
        "EBIT": 446,
        "Net Income": 87
    },
    "2012-06-30": {
        "Diluted EPS": 0.5,
        "Total Revenue": NaN,
        "Gross Profit": 476,
        "Operating Income": 283,
        "EBIT": 445,
        "Net Income": 151
    },
    "2012-03-31": {
        "Diluted EPS": 0.29,
        "Total Revenue": NaN,
        "Gross Profit": 424,
        "Operating Income": 223,
        "EBIT": 402,
        "Net Income": 87
    },
    "2011-12-31": {
        "Diluted EPS": 0.39,
        "Total Revenue": NaN,
        "Gross Profit": 462,
        "Operating Income": 308,
        "EBIT": 501,
        "Net Income": 117
    },
    "2011-09-30": {
        "Diluted EPS": 0.44,
        "Total Revenue": NaN,
        "Gross Profit": 433,
        "Operating Income": 273,
        "EBIT": 438,
        "Net Income": 136
    },
    "2011-06-30": {
        "Diluted EPS": 0.4,
        "Total Revenue": NaN,
        "Gross Profit": 424,
        "Operating Income": 255,
        "EBIT": 414,
        "Net Income": 124
    },
    "2011-03-31": {
        "Diluted EPS": 0.3,
        "Total Revenue": NaN,
        "Gross Profit": 387,
        "Operating Income": 214,
        "EBIT": 372,
        "Net Income": 93
    },
    "2010-12-31": {
        "Diluted EPS": 0.34,
        "Total Revenue": NaN,
        "Gross Profit": 400,
        "Operating Income": 235,
        "EBIT": 399,
        "Net Income": 111
    },
    "2010-09-30": {
        "Diluted EPS": 0.33,
        "Total Revenue": NaN,
        "Gross Profit": 470,
        "Operating Income": 176,
        "EBIT": 335,
        "Net Income": 110
    },
    "2010-06-30": {
        "Diluted EPS": 0.23,
        "Total Revenue": NaN,
        "Gross Profit": 378,
        "Operating Income": 184,
        "EBIT": 341,
        "Net Income": 90
    },
    "2010-03-31": {
        "Diluted EPS": 0.25,
        "Total Revenue": NaN,
        "Gross Profit": 345,
        "Operating Income": 187,
        "EBIT": 342,
        "Net Income": 94
    },
    "2009-12-31": {
        "Diluted EPS": -0.39,
        "Total Revenue": NaN,
        "Gross Profit": 364,
        "Operating Income": -42,
        "EBIT": 119,
        "Net Income": -54
    },
    "2009-09-30": {
        "Diluted EPS": 0.35,
        "Total Revenue": 829,
        "Gross Profit": 223,
        "Operating Income": 134,
        "EBIT": 228,
        "Net Income": 68
    },
    "2009-06-30": {
        "Diluted EPS": 0.31,
        "Total Revenue": 829,
        "Gross Profit": 206,
        "Operating Income": 113,
        "EBIT": 206,
        "Net Income": 59
    },
    "2009-03-31": {
        "Diluted EPS": 0.17,
        "Total Revenue": 794,
        "Gross Profit": 176,
        "Operating Income": 80,
        "EBIT": 172,
        "Net Income": 33
    },
    "2023-09-30": {
        "Tax Effect Of Unusual Items": NaN,
        "Tax Rate For Calcs": NaN,
        "Normalized EBITDA": NaN,
        "Total Unusual Items": NaN,
        "Total Unusual Items Excluding Goodwill": NaN,
        "Net Income From Continuing Operation Net Minority Interest": NaN,
        "Reconciled Depreciation": NaN,
        "Reconciled Cost Of Revenue": NaN,
        "EBITDA": NaN,
        "EBIT": NaN,
        "Net Interest Income": NaN,
        "Interest Expense": NaN,
        "Normalized Income": NaN,
        "Net Income From Continuing And Discontinued Operation": NaN,
        "Total Expenses": NaN,
        "Total Operating Income As Reported": NaN,
        "Diluted Average Shares": NaN,
        "Basic Average Shares": NaN,
        "Diluted EPS": NaN,
        "Basic EPS": NaN,
        "Diluted NI Availto Com Stockholders": NaN,
        "Net Income Common Stockholders": NaN,
        "Net Income": NaN,
        "Minority Interests": NaN,
        "Net Income Including Noncontrolling Interests": NaN,
        "Net Income Discontinuous Operations": NaN,
        "Net Income Continuous Operations": NaN,
        "Earnings From Equity Interest Net Of Tax": 0.0,
        "Tax Provision": NaN,
        "Pretax Income": NaN,
        "Other Income Expense": NaN,
        "Other Non Operating Income Expenses": NaN,
        "Special Income Charges": NaN,
        "Write Off": 7000000.0,
        "Impairment Of Capital Assets": 7000000.0,
        "Net Non Operating Interest Income Expense": NaN,
        "Total Other Finance Cost": 162000000.0,
        "Interest Expense Non Operating": NaN,
        "Operating Income": NaN,
        "Operating Expense": NaN,
        "Other Operating Expenses": NaN,
        "Selling General And Administration": NaN,
        "Gross Profit": NaN,
        "Cost Of Revenue": NaN,
        "Total Revenue": NaN,
        "Operating Revenue": NaN
    },
    "2023-12-31": {
        "Tax Effect Of Unusual Items": -23048780.487805,
        "Tax Rate For Calcs": 0.219512,
        "Normalized EBITDA": 866000000.0,
        "Total Unusual Items": -105000000.0,
        "Total Unusual Items Excluding Goodwill": -105000000.0,
        "Net Income From Continuing Operation Net Minority Interest": 62000000.0,
        "Reconciled Depreciation": 430000000.0,
        "Reconciled Cost Of Revenue": 1535000000.0,
        "EBITDA": 761000000.0,
        "EBIT": 331000000.0,
        "Net Interest Income": -157000000.0,
        "Interest Expense": 249000000.0,
        "Normalized Income": 143951219.512195,
        "Net Income From Continuing And Discontinued Operation": 251000000.0,
        "Total Expenses": 2074000000.0,
        "Total Operating Income As Reported": 331000000.0,
        "Diluted Average Shares": 591000000.0,
        "Basic Average Shares": 589000000.0,
        "Diluted EPS": 0.42,
        "Basic EPS": 0.43,
        "Diluted NI Availto Com Stockholders": 251000000.0,
        "Net Income Common Stockholders": 251000000.0,
        "Net Income": 251000000.0,
        "Minority Interests": -2000000.0,
        "Net Income Including Noncontrolling Interests": 253000000.0,
        "Net Income Discontinuous Operations": 189000000.0,
        "Net Income Continuous Operations": 64000000.0,
        "Earnings From Equity Interest Net Of Tax": NaN,
        "Tax Provision": 18000000.0,
        "Pretax Income": 82000000.0,
        "Other Income Expense": -197000000.0,
        "Other Non Operating Income Expenses": -92000000.0,
        "Special Income Charges": -105000000.0,
        "Write Off": NaN,
        "Impairment Of Capital Assets": 105000000.0,
        "Net Non Operating Interest Income Expense": -157000000.0,
        "Total Other Finance Cost": NaN,
        "Interest Expense Non Operating": 249000000.0,
        "Operating Income": 436000000.0,
        "Operating Expense": 539000000.0,
        "Other Operating Expenses": NaN,
        "Selling General And Administration": 539000000.0,
        "Gross Profit": 975000000.0,
        "Cost Of Revenue": 1535000000.0,
        "Total Revenue": 2510000000.0,
        "Operating Revenue": 2510000000.0
    },
    "2024-03-31": {
        "Tax Effect Of Unusual Items": -2800000.0,
        "Tax Rate For Calcs": 0.2,
        "Normalized EBITDA": 649000000.0,
        "Total Unusual Items": -14000000.0,
        "Total Unusual Items Excluding Goodwill": -14000000.0,
        "Net Income From Continuing Operation Net Minority Interest": 17000000.0,
        "Reconciled Depreciation": 428000000.0,
        "Reconciled Cost Of Revenue": 1552000000.0,
        "EBITDA": 635000000.0,
        "EBIT": 207000000.0,
        "Net Interest Income": -77000000.0,
        "Interest Expense": 77000000.0,
        "Normalized Income": 28200000.0,
        "Net Income From Continuing And Discontinued Operation": 724000000.0,
        "Total Expenses": 2092000000.0,
        "Total Operating Income As Reported": 361000000.0,
        "Diluted Average Shares": 578000000.0,
        "Basic Average Shares": 576000000.0,
        "Diluted EPS": 1.25,
        "Basic EPS": 1.26,
        "Diluted NI Availto Com Stockholders": 724000000.0,
        "Net Income Common Stockholders": 724000000.0,
        "Net Income": 724000000.0,
        "Minority Interests": -1000000.0,
        "Net Income Including Noncontrolling Interests": 725000000.0,
        "Net Income Discontinuous Operations": 707000000.0,
        "Net Income Continuous Operations": 18000000.0,
        "Earnings From Equity Interest Net Of Tax": -86000000.0,
        "Tax Provision": 26000000.0,
        "Pretax Income": 130000000.0,
        "Other Income Expense": -168000000.0,
        "Other Non Operating Income Expenses": -154000000.0,
        "Special Income Charges": -14000000.0,
        "Write Off": 14000000.0,
        "Impairment Of Capital Assets": 14000000.0,
        "Net Non Operating Interest Income Expense": -77000000.0,
        "Total Other Finance Cost": 77000000.0,
        "Interest Expense Non Operating": 77000000.0,
        "Operating Income": 375000000.0,
        "Operating Expense": 540000000.0,
        "Other Operating Expenses": -33000000.0,
        "Selling General And Administration": 573000000.0,
        "Gross Profit": 915000000.0,
        "Cost Of Revenue": 1552000000.0,
        "Total Revenue": 2467000000.0,
        "Operating Revenue": 2467000000.0
    },
    "2024-06-30": {
        "Tax Effect Of Unusual Items": -1120000.0,
        "Tax Rate For Calcs": 0.28,
        "Normalized EBITDA": 800000000.0,
        "Total Unusual Items": -4000000.0,
        "Total Unusual Items Excluding Goodwill": -4000000.0,
        "Net Income From Continuing Operation Net Minority Interest": 242000000.0,
        "Reconciled Depreciation": 431000000.0,
        "Reconciled Cost Of Revenue": 1538000000.0,
        "EBITDA": 796000000.0,
        "EBIT": 365000000.0,
        "Net Interest Income": -43000000.0,
        "Interest Expense": 43000000.0,
        "Normalized Income": 244880000.0,
        "Net Income From Continuing And Discontinued Operation": 243000000.0,
        "Total Expenses": 2107000000.0,
        "Total Operating Income As Reported": 378000000.0,
        "Diluted Average Shares": 557000000.0,
        "Basic Average Shares": 554000000.0,
        "Diluted EPS": 0.44,
        "Basic EPS": 0.44,
        "Diluted NI Availto Com Stockholders": 243000000.0,
        "Net Income Common Stockholders": 243000000.0,
        "Net Income": 243000000.0,
        "Minority Interests": -1000000.0,
        "Net Income Including Noncontrolling Interests": 244000000.0,
        "Net Income Discontinuous Operations": 1000000.0,
        "Net Income Continuous Operations": 243000000.0,
        "Earnings From Equity Interest Net Of Tax": 10000000.0,
        "Tax Provision": 89000000.0,
        "Pretax Income": 322000000.0,
        "Other Income Expense": -17000000.0,
        "Other Non Operating Income Expenses": -13000000.0,
        "Special Income Charges": -4000000.0,
        "Write Off": NaN,
        "Impairment Of Capital Assets": 4000000.0,
        "Net Non Operating Interest Income Expense": -43000000.0,
        "Total Other Finance Cost": NaN,
        "Interest Expense Non Operating": 43000000.0,
        "Operating Income": 382000000.0,
        "Operating Expense": 569000000.0,
        "Other Operating Expenses": -40000000.0,
        "Selling General And Administration": 609000000.0,
        "Gross Profit": 951000000.0,
        "Cost Of Revenue": 1538000000.0,
        "Total Revenue": 2489000000.0,
        "Operating Revenue": 2489000000.0
    },
    "2024-09-30": {
        "Tax Effect Of Unusual Items": -560000.0,
        "Tax Rate For Calcs": 0.28,
        "Normalized EBITDA": 886000000.0,
        "Total Unusual Items": -2000000.0,
        "Total Unusual Items Excluding Goodwill": -2000000.0,
        "Net Income From Continuing Operation Net Minority Interest": 246000000.0,
        "Reconciled Depreciation": 432000000.0,
        "Reconciled Cost Of Revenue": 1593000000.0,
        "EBITDA": 884000000.0,
        "EBIT": 452000000.0,
        "Net Interest Income": -64000000.0,
        "Interest Expense": 64000000.0,
        "Normalized Income": 247440000.0,
        "Net Income From Continuing And Discontinued Operation": 224000000.0,
        "Total Expenses": 2078000000.0,
        "Total Operating Income As Reported": 490000000.0,
        "Diluted Average Shares": 548000000.0,
        "Basic Average Shares": 545000000.0,
        "Diluted EPS": 0.41,
        "Basic EPS": 0.41,
        "Diluted NI Availto Com Stockholders": 224000000.0,
        "Net Income Common Stockholders": 224000000.0,
        "Net Income": 224000000.0,
        "Minority Interests": -1000000.0,
        "Net Income Including Noncontrolling Interests": 225000000.0,
        "Net Income Discontinuous Operations": -22000000.0,
        "Net Income Continuous Operations": 247000000.0,
        "Earnings From Equity Interest Net Of Tax": -33000000.0,
        "Tax Provision": 108000000.0,
        "Pretax Income": 388000000.0,
        "Other Income Expense": -40000000.0,
        "Other Non Operating Income Expenses": -38000000.0,
        "Special Income Charges": -2000000.0,
        "Write Off": 2000000.0,
        "Impairment Of Capital Assets": 2000000.0,
        "Net Non Operating Interest Income Expense": -64000000.0,
        "Total Other Finance Cost": NaN,
        "Interest Expense Non Operating": 64000000.0,
        "Operating Income": 492000000.0,
        "Operating Expense": 485000000.0,
        "Other Operating Expenses": -36000000.0,
        "Selling General And Administration": 521000000.0,
        "Gross Profit": 977000000.0,
        "Cost Of Revenue": 1593000000.0,
        "Total Revenue": 2570000000.0,
        "Operating Revenue": 2570000000.0
    },
    "2024-12-31": {
        "Tax Effect Of Unusual Items": -9639344.262295,
        "Tax Rate For Calcs": 0.30123,
        "Normalized EBITDA": 1133000000.0,
        "Total Unusual Items": -32000000.0,
        "Total Unusual Items Excluding Goodwill": -32000000.0,
        "Net Income From Continuing Operation Net Minority Interest": 305000000.0,
        "Reconciled Depreciation": 446000000.0,
        "Reconciled Cost Of Revenue": 1623000000.0,
        "EBITDA": 1101000000.0,
        "EBIT": 655000000.0,
        "Net Interest Income": -66000000.0,
        "Interest Expense": 167000000.0,
        "Normalized Income": 327360655.737705,
        "Net Income From Continuing And Discontinued Operation": 281000000.0,
        "Total Expenses": 2073000000.0,
        "Total Operating Income As Reported": 494000000.0,
        "Diluted Average Shares": 540000000.0,
        "Basic Average Shares": 536000000.0,
        "Diluted EPS": 0.52,
        "Basic EPS": 0.52,
        "Diluted NI Availto Com Stockholders": 281000000.0,
        "Net Income Common Stockholders": 281000000.0,
        "Net Income": 281000000.0,
        "Minority Interests": -1000000.0,
        "Net Income Including Noncontrolling Interests": 282000000.0,
        "Net Income Discontinuous Operations": -24000000.0,
        "Net Income Continuous Operations": 306000000.0,
        "Earnings From Equity Interest Net Of Tax": -35000000.0,
        "Tax Provision": 147000000.0,
        "Pretax Income": 488000000.0,
        "Other Income Expense": 28000000.0,
        "Other Non Operating Income Expenses": 60000000.0,
        "Special Income Charges": -32000000.0,
        "Write Off": NaN,
        "Impairment Of Capital Assets": NaN,
        "Net Non Operating Interest Income Expense": -66000000.0,
        "Total Other Finance Cost": NaN,
        "Interest Expense Non Operating": 167000000.0,
        "Operating Income": 526000000.0,
        "Operating Expense": 450000000.0,
        "Other Operating Expenses": -32000000.0,
        "Selling General And Administration": 482000000.0,
        "Gross Profit": 976000000.0,
        "Cost Of Revenue": 1623000000.0,
        "Total Revenue": 2599000000.0,
        "Operating Revenue": 2599000000.0
    }
}