{
    "2023-06-30": {
        "Tax Effect Of Unusual Items": NaN,
        "Tax Rate For Calcs": NaN,
        "Total Unusual Items": NaN,
        "Total Unusual Items Excluding Goodwill": NaN,
        "Net Income From Continuing Operation Net Minority Interest": NaN,
        "Reconciled Depreciation": NaN,
        "Net Interest Income": NaN,
        "Interest Expense": NaN,
        "Interest Income": NaN,
        "Normalized Income": NaN,
        "Net Income From Continuing And Discontinued Operation": NaN,
        "Rent Expense Supplemental": NaN,
        "Diluted Average Shares": NaN,
        "Basic Average Shares": NaN,
        "Diluted EPS": NaN,
        "Basic EPS": NaN,
        "Diluted NI Availto Com Stockholders": NaN,
        "Average Dilution Earnings": 0.0,
        "Net Income Common Stockholders": NaN,
        "Preferred Stock Dividends": NaN,
        "Net Income": NaN,
        "Net Income Including Noncontrolling Interests": NaN,
        "Net Income Continuous Operations": NaN,
        "Tax Provision": NaN,
        "Pretax Income": NaN,
        "Special Income Charges": NaN,
        "Gain On Sale Of Business": NaN,
        "Other Special Charges": NaN,
        "Gain On Sale Of Security": NaN,
        "Depreciation Amortization Depletion Income Statement": NaN,
        "Depreciation And Amortization In Income Statement": NaN,
        "Amortization": NaN,
        "Amortization Of Intangibles Income Statement": NaN,
        "Selling General And Administration": NaN,
        "Selling And Marketing Expense": NaN,
        "General And Administrative Expense": NaN,
        "Insurance And Claims": NaN,
        "Rent And Landing Fees": NaN,
        "Salaries And Wages": NaN,
        "Total Revenue": NaN,
        "Operating Revenue": NaN,
        "Occupancy And Equipment": NaN,
        "Professional Expense And Contract Services Expense": NaN,
        "Other Non Interest Expense": NaN
    },
    "2023-03-31": {
        "Tax Effect Of Unusual Items": NaN,
        "Tax Rate For Calcs": NaN,
        "Total Unusual Items": NaN,
        "Total Unusual Items Excluding Goodwill": NaN,
        "Net Income From Continuing Operation Net Minority Interest": NaN,
        "Reconciled Depreciation": NaN,
        "Net Interest Income": NaN,
        "Interest Expense": NaN,
        "Interest Income": NaN,
        "Normalized Income": NaN,
        "Net Income From Continuing And Discontinued Operation": NaN,
        "Rent Expense Supplemental": NaN,
        "Diluted Average Shares": NaN,
        "Basic Average Shares": NaN,
        "Diluted EPS": NaN,
        "Basic EPS": NaN,
        "Diluted NI Availto Com Stockholders": NaN,
        "Average Dilution Earnings": NaN,
        "Net Income Common Stockholders": NaN,
        "Preferred Stock Dividends": NaN,
        "Net Income": NaN,
        "Net Income Including Noncontrolling Interests": NaN,
        "Net Income Continuous Operations": NaN,
        "Tax Provision": NaN,
        "Pretax Income": NaN,
        "Special Income Charges": NaN,
        "Gain On Sale Of Business": NaN,
        "Other Special Charges": -1000000.0,
        "Gain On Sale Of Security": NaN,
        "Depreciation Amortization Depletion Income Statement": NaN,
        "Depreciation And Amortization In Income Statement": NaN,
        "Amortization": NaN,
        "Amortization Of Intangibles Income Statement": NaN,
        "Selling General And Administration": NaN,
        "Selling And Marketing Expense": NaN,
        "General And Administrative Expense": NaN,
        "Insurance And Claims": NaN,
        "Rent And Landing Fees": NaN,
        "Salaries And Wages": NaN,
        "Total Revenue": NaN,
        "Operating Revenue": NaN,
        "Occupancy And Equipment": NaN,
        "Professional Expense And Contract Services Expense": NaN,
        "Other Non Interest Expense": NaN
    },
    "2022-12-31": {
        "Tax Effect Of Unusual Items": NaN,
        "Tax Rate For Calcs": NaN,
        "Total Unusual Items": NaN,
        "Total Unusual Items Excluding Goodwill": NaN,
        "Net Income From Continuing Operation Net Minority Interest": NaN,
        "Reconciled Depreciation": NaN,
        "Net Interest Income": NaN,
        "Interest Expense": NaN,
        "Interest Income": NaN,
        "Normalized Income": NaN,
        "Net Income From Continuing And Discontinued Operation": NaN,
        "Rent Expense Supplemental": NaN,
        "Diluted Average Shares": NaN,
        "Basic Average Shares": NaN,
        "Diluted EPS": NaN,
        "Basic EPS": NaN,
        "Diluted NI Availto Com Stockholders": NaN,
        "Average Dilution Earnings": NaN,
        "Net Income Common Stockholders": NaN,
        "Otherunder Preferred Stock Dividend": 1000000.0,
        "Preferred Stock Dividends": NaN,
        "Net Income": NaN,
        "Net Income Including Noncontrolling Interests": NaN,
        "Net Income Continuous Operations": NaN,
        "Tax Provision": NaN,
        "Pretax Income": NaN,
        "Special Income Charges": NaN,
        "Gain On Sale Of Business": NaN,
        "Other Special Charges": 5000000.0,
        "Gain On Sale Of Security": NaN,
        "Depreciation Amortization Depletion Income Statement": NaN,
        "Depreciation And Amortization In Income Statement": NaN,
        "Amortization": NaN,
        "Amortization Of Intangibles Income Statement": NaN,
        "Selling General And Administration": NaN,
        "Selling And Marketing Expense": NaN,
        "General And Administrative Expense": NaN,
        "Insurance And Claims": NaN,
        "Rent And Landing Fees": NaN,
        "Salaries And Wages": NaN,
        "Total Revenue": NaN,
        "Operating Revenue": NaN,
        "Occupancy And Equipment": NaN,
        "Professional Expense And Contract Services Expense": NaN,
        "Other Non Interest Expense": NaN
    },
    "2022-09-30": {
        "Tax Effect Of Unusual Items": NaN,
        "Tax Rate For Calcs": NaN,
        "Total Unusual Items": 0.0,
        "Total Unusual Items Excluding Goodwill": 0.0,
        "Net Income From Continuing Operation Net Minority Interest": NaN,
        "Reconciled Depreciation": NaN,
        "Net Interest Income": NaN,
        "Interest Expense": NaN,
        "Interest Income": NaN,
        "Normalized Income": NaN,
        "Net Income From Continuing And Discontinued Operation": NaN,
        "Rent Expense Supplemental": NaN,
        "Diluted Average Shares": NaN,
        "Basic Average Shares": NaN,
        "Diluted EPS": NaN,
        "Basic EPS": NaN,
        "Diluted NI Availto Com Stockholders": NaN,
        "Average Dilution Earnings": 0.0,
        "Net Income Common Stockholders": NaN,
        "Otherunder Preferred Stock Dividend": NaN,
        "Preferred Stock Dividends": NaN,
        "Net Income": NaN,
        "Net Income Including Noncontrolling Interests": NaN,
        "Net Income Continuous Operations": NaN,
        "Tax Provision": NaN,
        "Pretax Income": NaN,
        "Special Income Charges": 0.0,
        "Gain On Sale Of Business": 0.0,
        "Other Special Charges": NaN,
        "Gain On Sale Of Security": NaN,
        "Depreciation Amortization Depletion Income Statement": NaN,
        "Depreciation And Amortization In Income Statement": NaN,
        "Amortization": NaN,
        "Amortization Of Intangibles Income Statement": NaN,
        "Selling General And Administration": NaN,
        "Selling And Marketing Expense": NaN,
        "General And Administrative Expense": NaN,
        "Insurance And Claims": NaN,
        "Rent And Landing Fees": NaN,
        "Salaries And Wages": NaN,
        "Total Revenue": NaN,
        "Operating Revenue": NaN
    },
    "2022-06-30": {
        "Tax Effect Of Unusual Items": -1344000.0,
        "Tax Rate For Calcs": 0.224,
        "Total Unusual Items": -6000000.0,
        "Total Unusual Items Excluding Goodwill": -6000000.0,
        "Net Income From Continuing Operation Net Minority Interest": 562000000.0,
        "Reconciled Depreciation": 109000000.0,
        "Net Interest Income": 1339000000.0,
        "Interest Expense": 125000000.0,
        "Interest Income": 1464000000.0,
        "Normalized Income": 566656000.0,
        "Net Income From Continuing And Discontinued Operation": 562000000.0,
        "Rent Expense Supplemental": 31000000.0,
        "Diluted Average Shares": 694804715.0,
        "Basic Average Shares": 689018541.0,
        "Diluted EPS": 0.76,
        "Basic EPS": 0.76,
        "Diluted NI Availto Com Stockholders": 525000000.0,
        "Average Dilution Earnings": 0.0,
        "Net Income Common Stockholders": 525000000.0,
        "Otherunder Preferred Stock Dividend": 1000000.0,
        "Preferred Stock Dividends": 36000000.0,
        "Net Income": 562000000.0,
        "Net Income Including Noncontrolling Interests": 562000000.0,
        "Net Income Continuous Operations": 562000000.0,
        "Tax Provision": 162000000.0,
        "Pretax Income": 724000000.0,
        "Special Income Charges": -6000000.0,
        "Gain On Sale Of Business": -6000000.0,
        "Other Special Charges": NaN,
        "Write Off": NaN,
        "Restructuring And Mergern Acquisition": NaN,
        "Gain On Sale Of Security": -32000000.0,
        "Depreciation Amortization Depletion Income Statement": 11000000.0,
        "Depreciation And Amortization In Income Statement": 11000000.0,
        "Amortization": 11000000.0,
        "Amortization Of Intangibles Income Statement": 11000000.0,
        "Selling General And Administration": 643000000.0,
        "Selling And Marketing Expense": 28000000.0,
        "General And Administrative Expense": 615000000.0,
        "Insurance And Claims": 34000000.0,
        "Rent And Landing Fees": 31000000.0,
        "Salaries And Wages": 584000000.0,
        "Total Revenue": 2001000000.0,
        "Operating Revenue": 2001000000.0
    },
    "2022-03-31": {
        "Diluted EPS": 0.68,
        "Total Revenue": NaN,
        "Gross Profit": NaN,
        "Operating Income": 612,
        "EBIT": NaN,
        "Net Income": 474
    },
    "2021-12-31": {
        "Diluted EPS": 0.89,
        "Total Revenue": NaN,
        "Gross Profit": NaN,
        "Operating Income": 828,
        "EBIT": NaN,
        "Net Income": 628
    },
    "2021-09-30": {
        "Diluted EPS": 0.97,
        "Total Revenue": NaN,
        "Gross Profit": NaN,
        "Operating Income": 895,
        "EBIT": NaN,
        "Net Income": 683
    },
    "2021-06-30": {
        "Diluted EPS": 0.94,
        "Total Revenue": NaN,
        "Gross Profit": NaN,
        "Operating Income": 911,
        "EBIT": NaN,
        "Net Income": 674
    },
    "2021-03-31": {
        "Diluted EPS": 0.93,
        "Total Revenue": NaN,
        "Gross Profit": NaN,
        "Operating Income": 883,
        "EBIT": NaN,
        "Net Income": 674
    },
    "2020-12-31": {
        "Diluted EPS": 0.78,
        "Total Revenue": NaN,
        "Gross Profit": NaN,
        "Operating Income": 747,
        "EBIT": NaN,
        "Net Income": 569
    },
    "2020-09-30": {
        "Diluted EPS": 0.78,
        "Total Revenue": NaN,
        "Gross Profit": NaN,
        "Operating Income": 746,
        "EBIT": NaN,
        "Net Income": 562
    },
    "2020-06-30": {
        "Diluted EPS": 0.23,
        "Total Revenue": NaN,
        "Gross Profit": NaN,
        "Operating Income": 244,
        "EBIT": NaN,
        "Net Income": 163
    },
    "2020-03-31": {
        "Diluted EPS": 0.04,
        "Total Revenue": NaN,
        "Gross Profit": NaN,
        "Operating Income": 60,
        "EBIT": NaN,
        "Net Income": 29
    },
    "2019-12-31": {
        "Diluted EPS": 0.93,
        "Total Revenue": NaN,
        "Gross Profit": NaN,
        "Operating Income": 940,
        "EBIT": NaN,
        "Net Income": 702
    },
    "2019-09-30": {
        "Diluted EPS": 0.71,
        "Total Revenue": NaN,
        "Gross Profit": NaN,
        "Operating Income": 689,
        "EBIT": NaN,
        "Net Income": 530
    },
    "2019-06-30": {
        "Diluted EPS": 0.57,
        "Total Revenue": NaN,
        "Gross Profit": NaN,
        "Operating Income": 577,
        "EBIT": NaN,
        "Net Income": 427
    },
    "2019-03-31": {
        "Diluted EPS": 1.12,
        "Total Revenue": NaN,
        "Gross Profit": NaN,
        "Operating Income": 996,
        "EBIT": NaN,
        "Net Income": 760
    },
    "2018-12-31": {
        "Diluted EPS": 0.67,
        "Total Revenue": NaN,
        "Gross Profit": NaN,
        "Operating Income": 585,
        "EBIT": NaN,
        "Net Income": 432
    },
    "2018-09-30": {
        "Diluted EPS": 0.61,
        "Total Revenue": NaN,
        "Gross Profit": NaN,
        "Operating Income": 550,
        "EBIT": NaN,
        "Net Income": 421
    },
    "2018-06-30": {
        "Diluted EPS": 0.82,
        "Total Revenue": NaN,
        "Gross Profit": NaN,
        "Operating Income": 748,
        "EBIT": NaN,
        "Net Income": 579
    },
    "2018-03-31": {
        "Diluted EPS": 0.96,
        "Total Revenue": NaN,
        "Gross Profit": NaN,
        "Operating Income": 882,
        "EBIT": NaN,
        "Net Income": 686
    },
    "2017-12-31": {
        "Diluted EPS": 0.63,
        "Total Revenue": NaN,
        "Gross Profit": NaN,
        "Operating Income": 600,
        "EBIT": NaN,
        "Net Income": 476
    },
    "2017-09-30": {
        "Diluted EPS": 1.35,
        "Total Revenue": NaN,
        "Gross Profit": NaN,
        "Operating Income": NaN,
        "EBIT": NaN,
        "Net Income": 999
    },
    "2017-06-30": {
        "Diluted EPS": 0.45,
        "Total Revenue": NaN,
        "Gross Profit": NaN,
        "Operating Income": 494,
        "EBIT": NaN,
        "Net Income": 340
    },
    "2017-03-31": {
        "Diluted EPS": 0.38,
        "Total Revenue": NaN,
        "Gross Profit": NaN,
        "Operating Income": 396,
        "EBIT": NaN,
        "Net Income": 290
    },
    "2016-12-31": {
        "Diluted EPS": 0.47,
        "Total Revenue": NaN,
        "Gross Profit": NaN,
        "Operating Income": 652,
        "EBIT": NaN,
        "Net Income": 358
    },
    "2016-09-30": {
        "Diluted EPS": 0.65,
        "Total Revenue": NaN,
        "Gross Profit": NaN,
        "Operating Income": 694,
        "EBIT": NaN,
        "Net Income": 501
    },
    "2016-06-30": {
        "Diluted EPS": 0.39,
        "Total Revenue": NaN,
        "Gross Profit": NaN,
        "Operating Income": 427,
        "EBIT": NaN,
        "Net Income": 305
    },
    "2016-03-31": {
        "Diluted EPS": 0.4,
        "Total Revenue": NaN,
        "Gross Profit": NaN,
        "Operating Income": 435,
        "EBIT": NaN,
        "Net Income": 308
    },
    "2015-12-31": {
        "Diluted EPS": 0.78,
        "Total Revenue": NaN,
        "Gross Profit": NaN,
        "Operating Income": 948,
        "EBIT": NaN,
        "Net Income": 628
    },
    "2015-09-30": {
        "Diluted EPS": 0.45,
        "Total Revenue": NaN,
        "Gross Profit": NaN,
        "Operating Income": 515,
        "EBIT": NaN,
        "Net Income": 362
    },
    "2015-06-30": {
        "Diluted EPS": 0.36,
        "Total Revenue": NaN,
        "Gross Profit": NaN,
        "Operating Income": 417,
        "EBIT": NaN,
        "Net Income": 289
    },
    "2015-03-31": {
        "Diluted EPS": 0.42,
        "Total Revenue": NaN,
        "Gross Profit": NaN,
        "Operating Income": 485,
        "EBIT": NaN,
        "Net Income": 343
    },
    "2014-12-31": {
        "Diluted EPS": 0.42,
        "Total Revenue": NaN,
        "Gross Profit": NaN,
        "Operating Income": 520,
        "EBIT": NaN,
        "Net Income": 353
    },
    "2014-09-30": {
        "Diluted EPS": 0.39,
        "Total Revenue": NaN,
        "Gross Profit": NaN,
        "Operating Income": 464,
        "EBIT": NaN,
        "Net Income": 328
    },
    "2014-06-30": {
        "Diluted EPS": 0.49,
        "Total Revenue": NaN,
        "Gross Profit": NaN,
        "Operating Income": 606,
        "EBIT": NaN,
        "Net Income": 412
    },
    "2014-03-31": {
        "Diluted EPS": 0.36,
        "Total Revenue": NaN,
        "Gross Profit": NaN,
        "Operating Income": 438,
        "EBIT": NaN,
        "Net Income": 309
    },
    "2013-12-31": {
        "Diluted EPS": 0.44,
        "Total Revenue": NaN,
        "Gross Profit": NaN,
        "Operating Income": 562,
        "EBIT": NaN,
        "Net Income": 383
    },
    "2013-09-30": {
        "Diluted EPS": 0.47,
        "Total Revenue": NaN,
        "Gross Profit": NaN,
        "Operating Income": 604,
        "EBIT": NaN,
        "Net Income": 421
    },
    "2013-06-30": {
        "Diluted EPS": 0.65,
        "Total Revenue": NaN,
        "Gross Profit": NaN,
        "Operating Income": 841,
        "EBIT": NaN,
        "Net Income": 582
    },
    "2013-03-31": {
        "Diluted EPS": 0.46,
        "Total Revenue": NaN,
        "Gross Profit": NaN,
        "Operating Income": 591,
        "EBIT": NaN,
        "Net Income": 413
    },
    "2012-12-31": {
        "Diluted EPS": 0.43,
        "Total Revenue": NaN,
        "Gross Profit": NaN,
        "Operating Income": 539,
        "EBIT": NaN,
        "Net Income": 395
    },
    "2012-09-30": {
        "Diluted EPS": 0.38,
        "Total Revenue": NaN,
        "Gross Profit": NaN,
        "Operating Income": 503,
        "EBIT": NaN,
        "Net Income": 354
    },
    "2012-06-30": {
        "Diluted EPS": 0.4,
        "Total Revenue": NaN,
        "Gross Profit": NaN,
        "Operating Income": 565,
        "EBIT": NaN,
        "Net Income": 373
    },
    "2012-03-31": {
        "Diluted EPS": 0.45,
        "Total Revenue": NaN,
        "Gross Profit": NaN,
        "Operating Income": 603,
        "EBIT": NaN,
        "Net Income": 419
    },
    "2011-12-31": {
        "Diluted EPS": 0.33,
        "Total Revenue": NaN,
        "Gross Profit": NaN,
        "Operating Income": 418,
        "EBIT": NaN,
        "Net Income": 309
    },
    "2011-09-30": {
        "Diluted EPS": 0.4,
        "Total Revenue": NaN,
        "Gross Profit": NaN,
        "Operating Income": 530,
        "EBIT": NaN,
        "Net Income": 371
    },
    "2011-06-30": {
        "Diluted EPS": 0.35,
        "Total Revenue": NaN,
        "Gross Profit": NaN,
        "Operating Income": 506,
        "EBIT": NaN,
        "Net Income": 326
    },
    "2011-03-31": {
        "Diluted EPS": 0.1,
        "Total Revenue": NaN,
        "Gross Profit": NaN,
        "Operating Income": 377,
        "EBIT": NaN,
        "Net Income": 88
    },
    "2010-12-31": {
        "Diluted EPS": 0.34,
        "Total Revenue": NaN,
        "Gross Profit": NaN,
        "Operating Income": 417,
        "EBIT": NaN,
        "Net Income": 267
    },
    "2010-09-30": {
        "Diluted EPS": 0.22,
        "Total Revenue": NaN,
        "Gross Profit": NaN,
        "Operating Income": 303,
        "EBIT": NaN,
        "Net Income": 175
    },
    "2010-06-30": {
        "Diluted EPS": 0.16,
        "Total Revenue": NaN,
        "Gross Profit": NaN,
        "Operating Income": 242,
        "EBIT": NaN,
        "Net Income": 130
    },
    "2010-03-31": {
        "Diluted EPS": -0.09,
        "Total Revenue": NaN,
        "Gross Profit": NaN,
        "Operating Income": -22,
        "EBIT": NaN,
        "Net Income": -72
    },
    "2009-12-31": {
        "Diluted EPS": -0.24,
        "Total Revenue": NaN,
        "Gross Profit": NaN,
        "Operating Income": -215,
        "EBIT": NaN,
        "Net Income": -160
    },
    "2009-09-30": {
        "Diluted EPS": -0.2,
        "Total Revenue": NaN,
        "Gross Profit": NaN,
        "Operating Income": -108,
        "EBIT": NaN,
        "Net Income": -159
    },
    "2009-06-30": {
        "Diluted EPS": 1.15,
        "Total Revenue": NaN,
        "Gross Profit": NaN,
        "Operating Income": NaN,
        "EBIT": NaN,
        "Net Income": 856
    },
    "2009-03-31": {
        "Diluted EPS": -0.04,
        "Total Revenue": NaN,
        "Gross Profit": NaN,
        "Operating Income": -262,
        "EBIT": NaN,
        "Net Income": -26
    },
    "2023-09-30": {
        "Tax Effect Of Unusual Items": NaN,
        "Tax Rate For Calcs": NaN,
        "Total Unusual Items": NaN,
        "Total Unusual Items Excluding Goodwill": NaN,
        "Net Income From Continuing Operation Net Minority Interest": NaN,
        "Reconciled Depreciation": NaN,
        "Net Interest Income": NaN,
        "Interest Expense": NaN,
        "Interest Income": NaN,
        "Normalized Income": NaN,
        "Net Income From Continuing And Discontinued Operation": NaN,
        "Rent Expense Supplemental": NaN,
        "Diluted Average Shares": NaN,
        "Basic Average Shares": NaN,
        "Diluted EPS": NaN,
        "Basic EPS": NaN,
        "Diluted NI Availto Com Stockholders": NaN,
        "Average Dilution Earnings": 0.0,
        "Net Income Common Stockholders": NaN,
        "Preferred Stock Dividends": NaN,
        "Net Income": NaN,
        "Net Income Including Noncontrolling Interests": NaN,
        "Net Income Continuous Operations": NaN,
        "Tax Provision": NaN,
        "Pretax Income": NaN,
        "Special Income Charges": NaN,
        "Gain On Sale Of Business": 2000000.0,
        "Other Special Charges": NaN,
        "Gain On Sale Of Security": NaN,
        "Depreciation Amortization Depletion Income Statement": NaN,
        "Depreciation And Amortization In Income Statement": NaN,
        "Amortization": NaN,
        "Amortization Of Intangibles Income Statement": NaN,
        "Selling General And Administration": NaN,
        "Selling And Marketing Expense": NaN,
        "General And Administrative Expense": NaN,
        "Insurance And Claims": NaN,
        "Rent And Landing Fees": NaN,
        "Salaries And Wages": NaN,
        "Total Revenue": NaN,
        "Operating Revenue": NaN,
        "Occupancy And Equipment": NaN,
        "Professional Expense And Contract Services Expense": NaN,
        "Other Non Interest Expense": NaN
    },
    "2023-12-31": {
        "Tax Effect Of Unusual Items": NaN,
        "Tax Rate For Calcs": NaN,
        "Total Unusual Items": -221000000.0,
        "Total Unusual Items Excluding Goodwill": -221000000.0,
        "Net Income From Continuing Operation Net Minority Interest": NaN,
        "Reconciled Depreciation": NaN,
        "Net Interest Income": NaN,
        "Interest Expense": NaN,
        "Interest Income": NaN,
        "Normalized Income": NaN,
        "Net Income From Continuing And Discontinued Operation": NaN,
        "Rent Expense Supplemental": NaN,
        "Diluted Average Shares": NaN,
        "Basic Average Shares": NaN,
        "Diluted EPS": NaN,
        "Basic EPS": NaN,
        "Diluted NI Availto Com Stockholders": NaN,
        "Average Dilution Earnings": NaN,
        "Net Income Common Stockholders": NaN,
        "Preferred Stock Dividends": NaN,
        "Net Income": NaN,
        "Net Income Including Noncontrolling Interests": NaN,
        "Net Income Continuous Operations": NaN,
        "Tax Provision": NaN,
        "Pretax Income": NaN,
        "Special Income Charges": -221000000.0,
        "Gain On Sale Of Business": NaN,
        "Other Special Charges": 221000000.0,
        "Gain On Sale Of Security": NaN,
        "Depreciation Amortization Depletion Income Statement": NaN,
        "Depreciation And Amortization In Income Statement": NaN,
        "Amortization": NaN,
        "Amortization Of Intangibles Income Statement": NaN,
        "Selling General And Administration": NaN,
        "Selling And Marketing Expense": NaN,
        "General And Administrative Expense": NaN,
        "Insurance And Claims": NaN,
        "Rent And Landing Fees": NaN,
        "Salaries And Wages": NaN,
        "Total Revenue": NaN,
        "Operating Revenue": NaN,
        "Occupancy And Equipment": NaN,
        "Professional Expense And Contract Services Expense": NaN,
        "Other Non Interest Expense": NaN
    },
    "2024-03-31": {
        "Tax Effect Of Unusual Items": 0.0,
        "Tax Rate For Calcs": 0.209726,
        "Total Unusual Items": 6000000.0,
        "Total Unusual Items Excluding Goodwill": 6000000.0,
        "Net Income From Continuing Operation Net Minority Interest": 520000000.0,
        "Reconciled Depreciation": 128000000.0,
        "Net Interest Income": 1384000000.0,
        "Interest Expense": 1224000000.0,
        "Interest Income": 2608000000.0,
        "Normalized Income": 520000000.0,
        "Net Income From Continuing And Discontinued Operation": 520000000.0,
        "Rent Expense Supplemental": 25000000.0,
        "Diluted Average Shares": 690633531.0,
        "Basic Average Shares": 685749673.0,
        "Diluted EPS": 0.7,
        "Basic EPS": 0.7,
        "Diluted NI Availto Com Stockholders": 480000000.0,
        "Average Dilution Earnings": NaN,
        "Net Income Common Stockholders": 480000000.0,
        "Preferred Stock Dividends": 40000000.0,
        "Net Income": 520000000.0,
        "Net Income Including Noncontrolling Interests": 520000000.0,
        "Net Income Continuous Operations": 520000000.0,
        "Tax Provision": 138000000.0,
        "Pretax Income": 658000000.0,
        "Special Income Charges": 6000000.0,
        "Gain On Sale Of Business": 6000000.0,
        "Other Special Charges": NaN,
        "Gain On Sale Of Security": 10000000.0,
        "Depreciation Amortization Depletion Income Statement": 10000000.0,
        "Depreciation And Amortization In Income Statement": 10000000.0,
        "Amortization": 10000000.0,
        "Amortization Of Intangibles Income Statement": 10000000.0,
        "Selling General And Administration": 883000000.0,
        "Selling And Marketing Expense": 32000000.0,
        "General And Administrative Expense": 851000000.0,
        "Insurance And Claims": 73000000.0,
        "Rent And Landing Fees": 25000000.0,
        "Salaries And Wages": 753000000.0,
        "Total Revenue": 2045000000.0,
        "Operating Revenue": 2045000000.0,
        "Occupancy And Equipment": 124000000.0,
        "Professional Expense And Contract Services Expense": 9000000.0,
        "Other Non Interest Expense": 267000000.0
    },
    "2024-06-30": {
        "Tax Effect Of Unusual Items": 0.0,
        "Tax Rate For Calcs": 0.213,
        "Total Unusual Items": 0.0,
        "Total Unusual Items Excluding Goodwill": 0.0,
        "Net Income From Continuing Operation Net Minority Interest": 601000000.0,
        "Reconciled Depreciation": 120000000.0,
        "Net Interest Income": 1387000000.0,
        "Interest Expense": 1233000000.0,
        "Interest Income": 2620000000.0,
        "Normalized Income": 601000000.0,
        "Net Income From Continuing And Discontinued Operation": 601000000.0,
        "Rent Expense Supplemental": 22000000.0,
        "Diluted Average Shares": 691082792.0,
        "Basic Average Shares": 686781201.0,
        "Diluted EPS": 0.81,
        "Basic EPS": 0.82,
        "Diluted NI Availto Com Stockholders": 561000000.0,
        "Average Dilution Earnings": NaN,
        "Net Income Common Stockholders": 561000000.0,
        "Preferred Stock Dividends": 40000000.0,
        "Net Income": 601000000.0,
        "Net Income Including Noncontrolling Interests": 601000000.0,
        "Net Income Continuous Operations": 601000000.0,
        "Tax Provision": 163000000.0,
        "Pretax Income": 764000000.0,
        "Special Income Charges": 0.0,
        "Gain On Sale Of Business": 0.0,
        "Other Special Charges": NaN,
        "Gain On Sale Of Security": -7000000.0,
        "Depreciation Amortization Depletion Income Statement": 8000000.0,
        "Depreciation And Amortization In Income Statement": 8000000.0,
        "Amortization": 8000000.0,
        "Amortization Of Intangibles Income Statement": 8000000.0,
        "Selling General And Administration": 759000000.0,
        "Selling And Marketing Expense": 34000000.0,
        "General And Administrative Expense": 725000000.0,
        "Insurance And Claims": 47000000.0,
        "Rent And Landing Fees": 22000000.0,
        "Salaries And Wages": 656000000.0,
        "Total Revenue": 2026000000.0,
        "Operating Revenue": 2026000000.0,
        "Occupancy And Equipment": 121000000.0,
        "Professional Expense And Contract Services Expense": 14000000.0,
        "Other Non Interest Expense": 265000000.0
    },
    "2024-09-30": {
        "Tax Effect Of Unusual Items": 213000.0,
        "Tax Rate For Calcs": 0.213,
        "Total Unusual Items": 1000000.0,
        "Total Unusual Items Excluding Goodwill": 1000000.0,
        "Net Income From Continuing Operation Net Minority Interest": 573000000.0,
        "Reconciled Depreciation": 123000000.0,
        "Net Interest Income": 1421000000.0,
        "Interest Expense": 1248000000.0,
        "Interest Income": 2669000000.0,
        "Normalized Income": 572213000.0,
        "Net Income From Continuing And Discontinued Operation": 573000000.0,
        "Rent Expense Supplemental": 21000000.0,
        "Diluted Average Shares": 686108625.0,
        "Basic Average Shares": 680895306.0,
        "Diluted EPS": 0.78,
        "Basic EPS": 0.78,
        "Diluted NI Availto Com Stockholders": 532000000.0,
        "Average Dilution Earnings": NaN,
        "Net Income Common Stockholders": 532000000.0,
        "Preferred Stock Dividends": 41000000.0,
        "Net Income": 573000000.0,
        "Net Income Including Noncontrolling Interests": 573000000.0,
        "Net Income Continuous Operations": 573000000.0,
        "Tax Provision": 155000000.0,
        "Pretax Income": 728000000.0,
        "Special Income Charges": 1000000.0,
        "Gain On Sale Of Business": 1000000.0,
        "Other Special Charges": NaN,
        "Gain On Sale Of Security": -32000000.0,
        "Depreciation Amortization Depletion Income Statement": 8000000.0,
        "Depreciation And Amortization In Income Statement": 8000000.0,
        "Amortization": 8000000.0,
        "Amortization Of Intangibles Income Statement": 8000000.0,
        "Selling General And Administration": 772000000.0,
        "Selling And Marketing Expense": 26000000.0,
        "General And Administrative Expense": 746000000.0,
        "Insurance And Claims": 35000000.0,
        "Rent And Landing Fees": 21000000.0,
        "Salaries And Wages": 690000000.0,
        "Total Revenue": 2063000000.0,
        "Operating Revenue": 2063000000.0,
        "Occupancy And Equipment": 119000000.0,
        "Professional Expense And Contract Services Expense": 12000000.0,
        "Other Non Interest Expense": 277000000.0
    },
    "2024-12-31": {
        "Tax Effect Of Unusual Items": -2653594.771242,
        "Tax Rate For Calcs": 0.189542,
        "Total Unusual Items": -14000000.0,
        "Total Unusual Items Excluding Goodwill": -14000000.0,
        "Net Income From Continuing Operation Net Minority Interest": 620000000.0,
        "Reconciled Depreciation": 124000000.0,
        "Net Interest Income": 1438000000.0,
        "Interest Expense": 1091000000.0,
        "Interest Income": 2529000000.0,
        "Normalized Income": 631346405.228758,
        "Net Income From Continuing And Discontinued Operation": 620000000.0,
        "Rent Expense Supplemental": 63000000.0,
        "Diluted Average Shares": 681456000.0,
        "Basic Average Shares": 675307000.0,
        "Diluted EPS": 0.85,
        "Basic EPS": 0.86,
        "Diluted NI Availto Com Stockholders": 582000000.0,
        "Average Dilution Earnings": NaN,
        "Net Income Common Stockholders": 582000000.0,
        "Preferred Stock Dividends": 38000000.0,
        "Net Income": 620000000.0,
        "Net Income Including Noncontrolling Interests": 620000000.0,
        "Net Income Continuous Operations": 620000000.0,
        "Tax Provision": 145000000.0,
        "Pretax Income": 765000000.0,
        "Special Income Charges": -14000000.0,
        "Gain On Sale Of Business": 0.0,
        "Other Special Charges": NaN,
        "Gain On Sale Of Security": -37000000.0,
        "Depreciation Amortization Depletion Income Statement": 8000000.0,
        "Depreciation And Amortization In Income Statement": 8000000.0,
        "Amortization": 8000000.0,
        "Amortization Of Intangibles Income Statement": 8000000.0,
        "Selling General And Administration": 748000000.0,
        "Selling And Marketing Expense": 23000000.0,
        "General And Administrative Expense": 725000000.0,
        "Insurance And Claims": -2000000.0,
        "Rent And Landing Fees": 63000000.0,
        "Salaries And Wages": 664000000.0,
        "Total Revenue": 2143000000.0,
        "Operating Revenue": 2143000000.0,
        "Occupancy And Equipment": 127000000.0,
        "Professional Expense And Contract Services Expense": 14000000.0,
        "Other Non Interest Expense": 284000000.0
    },
    "2025-03-31": {
        "Tax Effect Of Unusual Items": 0.0,
        "Tax Rate For Calcs": 0.211332,
        "Total Unusual Items": NaN,
        "Total Unusual Items Excluding Goodwill": NaN,
        "Net Income From Continuing Operation Net Minority Interest": 515000000.0,
        "Reconciled Depreciation": 135000000.0,
        "Net Interest Income": 1437000000.0,
        "Interest Expense": 995000000.0,
        "Interest Income": 2432000000.0,
        "Normalized Income": 515000000.0,
        "Net Income From Continuing And Discontinued Operation": 515000000.0,
        "Rent Expense Supplemental": 18000000.0,
        "Diluted Average Shares": 676040080.0,
        "Basic Average Shares": 671052320.0,
        "Diluted EPS": 0.71,
        "Basic EPS": 0.71,
        "Diluted NI Availto Com Stockholders": 478000000.0,
        "Average Dilution Earnings": NaN,
        "Net Income Common Stockholders": 478000000.0,
        "Preferred Stock Dividends": 37000000.0,
        "Net Income": 515000000.0,
        "Net Income Including Noncontrolling Interests": 515000000.0,
        "Net Income Continuous Operations": 515000000.0,
        "Tax Provision": 138000000.0,
        "Pretax Income": 653000000.0,
        "Special Income Charges": NaN,
        "Gain On Sale Of Business": NaN,
        "Other Special Charges": NaN,
        "Gain On Sale Of Security": -9000000.0,
        "Depreciation Amortization Depletion Income Statement": 8000000.0,
        "Depreciation And Amortization In Income Statement": 8000000.0,
        "Amortization": 8000000.0,
        "Amortization Of Intangibles Income Statement": 8000000.0,
        "Selling General And Administration": 838000000.0,
        "Selling And Marketing Expense": 28000000.0,
        "General And Administrative Expense": 810000000.0,
        "Insurance And Claims": 42000000.0,
        "Rent And Landing Fees": 18000000.0,
        "Salaries And Wages": 750000000.0,
        "Total Revenue": 2080000000.0,
        "Operating Revenue": 2080000000.0,
        "Occupancy And Equipment": 129000000.0,
        "Professional Expense And Contract Services Expense": 12000000.0,
        "Other Non Interest Expense": 266000000.0
    }
}