{
    "2023-03-31": {
        "Tax Effect Of Unusual Items": 0.0,
        "Tax Rate For Calcs": 0.0,
        "Normalized EBITDA": -27286000.0,
        "Total Unusual Items": 0.0,
        "Total Unusual Items Excluding Goodwill": 0.0,
        "Net Income From Continuing Operation Net Minority Interest": -28844000.0,
        "Reconciled Depreciation": 225000.0,
        "EBITDA": -27286000.0,
        "EBIT": -27511000.0,
        "Net Interest Income": 1469000.0,
        "Interest Income": 1469000.0,
        "Normalized Income": -28844000.0,
        "Net Income From Continuing And Discontinued Operation": -28844000.0,
        "Total Expenses": 28313000.0,
        "Total Operating Income As Reported": -27511000.0,
        "Diluted Average Shares": 57716344.0,
        "Basic Average Shares": 57716344.0,
        "Diluted EPS": -0.5,
        "Basic EPS": -0.5,
        "Diluted NI Availto Com Stockholders": -28844000.0,
        "Net Income Common Stockholders": -28844000.0,
        "Net Income": -28844000.0,
        "Net Income Including Noncontrolling Interests": -28844000.0,
        "Net Income Continuous Operations": -28844000.0,
        "Earnings From Equity Interest Net Of Tax": -2802000.0,
        "Tax Provision": 0.0,
        "Pretax Income": -26042000.0,
        "Other Income Expense": NaN,
        "Special Income Charges": 0.0,
        "Gain On Sale Of Business": 0.0,
        "Restructuring And Mergern Acquisition": NaN,
        "Net Non Operating Interest Income Expense": 1469000.0,
        "Interest Income Non Operating": 1469000.0,
        "Operating Income": -27511000.0,
        "Operating Expense": 28313000.0,
        "Research And Development": 19988000.0,
        "Selling General And Administration": 8325000.0,
        "General And Administrative Expense": 8325000.0,
        "Other Gand A": 8325000.0,
        "Total Revenue": 802000.0,
        "Operating Revenue": 802000.0
    },
    "2022-12-31": {
        "Tax Effect Of Unusual Items": 0.0,
        "Tax Rate For Calcs": 0.003057,
        "Normalized EBITDA": -34198000.0,
        "Total Unusual Items": 0.0,
        "Total Unusual Items Excluding Goodwill": 0.0,
        "Net Income From Continuing Operation Net Minority Interest": -34295000.0,
        "Reconciled Depreciation": 296000.0,
        "EBITDA": -34198000.0,
        "EBIT": -34494000.0,
        "Net Interest Income": 1455000.0,
        "Interest Income": 1455000.0,
        "Normalized Income": -34295000.0,
        "Net Income From Continuing And Discontinued Operation": -34295000.0,
        "Total Expenses": 35296000.0,
        "Total Operating Income As Reported": -34494000.0,
        "Diluted Average Shares": NaN,
        "Basic Average Shares": NaN,
        "Diluted EPS": NaN,
        "Basic EPS": NaN,
        "Diluted NI Availto Com Stockholders": -34295000.0,
        "Net Income Common Stockholders": -34295000.0,
        "Net Income": -34295000.0,
        "Net Income Including Noncontrolling Interests": -34295000.0,
        "Net Income Continuous Operations": -34295000.0,
        "Earnings From Equity Interest Net Of Tax": -1357000.0,
        "Tax Provision": -101000.0,
        "Pretax Income": -33039000.0,
        "Other Income Expense": 0.0,
        "Special Income Charges": 0.0,
        "Gain On Sale Of Business": 0.0,
        "Restructuring And Mergern Acquisition": NaN,
        "Net Non Operating Interest Income Expense": 1455000.0,
        "Interest Income Non Operating": 1455000.0,
        "Operating Income": -34494000.0,
        "Operating Expense": 35296000.0,
        "Research And Development": 27149000.0,
        "Selling General And Administration": 8147000.0,
        "General And Administrative Expense": 8147000.0,
        "Other Gand A": 8147000.0,
        "Total Revenue": 802000.0,
        "Operating Revenue": 802000.0
    },
    "2022-09-30": {
        "Tax Effect Of Unusual Items": 0.0,
        "Tax Rate For Calcs": 0.001456,
        "Normalized EBITDA": -32541000.0,
        "Total Unusual Items": 0.0,
        "Total Unusual Items Excluding Goodwill": 0.0,
        "Net Income From Continuing Operation Net Minority Interest": -33726000.0,
        "Reconciled Depreciation": 321000.0,
        "EBITDA": -32541000.0,
        "EBIT": -32862000.0,
        "Net Interest Income": 1269000.0,
        "Interest Income": 1269000.0,
        "Normalized Income": -33726000.0,
        "Net Income From Continuing And Discontinued Operation": -33726000.0,
        "Total Expenses": 33664000.0,
        "Total Operating Income As Reported": -32862000.0,
        "Diluted Average Shares": 57447192.0,
        "Basic Average Shares": 57447192.0,
        "Diluted EPS": -0.59,
        "Basic EPS": -0.59,
        "Diluted NI Availto Com Stockholders": -33726000.0,
        "Net Income Common Stockholders": -33726000.0,
        "Net Income": -33726000.0,
        "Net Income Including Noncontrolling Interests": -33726000.0,
        "Net Income Continuous Operations": -33726000.0,
        "Earnings From Equity Interest Net Of Tax": -2179000.0,
        "Tax Provision": -46000.0,
        "Pretax Income": -31593000.0,
        "Other Income Expense": NaN,
        "Special Income Charges": 0.0,
        "Gain On Sale Of Business": 0.0,
        "Restructuring And Mergern Acquisition": NaN,
        "Net Non Operating Interest Income Expense": 1269000.0,
        "Interest Income Non Operating": 1269000.0,
        "Operating Income": -32862000.0,
        "Operating Expense": 33664000.0,
        "Research And Development": 25854000.0,
        "Selling General And Administration": 7810000.0,
        "General And Administrative Expense": 7810000.0,
        "Other Gand A": 7810000.0,
        "Total Revenue": 802000.0,
        "Operating Revenue": 802000.0
    },
    "2022-06-30": {
        "Tax Effect Of Unusual Items": 0.0,
        "Tax Rate For Calcs": 0.003773,
        "Normalized EBITDA": -27979000.0,
        "Total Unusual Items": 0.0,
        "Total Unusual Items Excluding Goodwill": 0.0,
        "Net Income From Continuing Operation Net Minority Interest": -29089000.0,
        "Reconciled Depreciation": 328000.0,
        "EBITDA": -27979000.0,
        "EBIT": -28307000.0,
        "Net Interest Income": 474000.0,
        "Interest Income": 474000.0,
        "Normalized Income": -29089000.0,
        "Net Income From Continuing And Discontinued Operation": -29089000.0,
        "Total Expenses": 29109000.0,
        "Total Operating Income As Reported": -28307000.0,
        "Diluted Average Shares": 57385578.0,
        "Basic Average Shares": 57385578.0,
        "Diluted EPS": -0.51,
        "Basic EPS": -0.51,
        "Diluted NI Availto Com Stockholders": -29089000.0,
        "Net Income Common Stockholders": -29089000.0,
        "Net Income": -29089000.0,
        "Net Income Including Noncontrolling Interests": -29089000.0,
        "Net Income Continuous Operations": -29089000.0,
        "Earnings From Equity Interest Net Of Tax": -1361000.0,
        "Tax Provision": -105000.0,
        "Pretax Income": -27833000.0,
        "Other Income Expense": NaN,
        "Special Income Charges": 0.0,
        "Gain On Sale Of Business": 0.0,
        "Net Non Operating Interest Income Expense": 474000.0,
        "Interest Income Non Operating": 474000.0,
        "Operating Income": -28307000.0,
        "Operating Expense": 29109000.0,
        "Research And Development": 21075000.0,
        "Selling General And Administration": 8034000.0,
        "General And Administrative Expense": 8034000.0,
        "Other Gand A": 8034000.0,
        "Total Revenue": 802000.0,
        "Operating Revenue": 802000.0
    },
    "2022-03-31": {
        "Diluted EPS": 1.59,
        "Total Revenue": 1,
        "Gross Profit": 1,
        "Operating Income": -38,
        "EBIT": -37,
        "Net Income": 92
    },
    "2021-12-31": {
        "Diluted EPS": -0.63,
        "Total Revenue": 1,
        "Gross Profit": 1,
        "Operating Income": -34,
        "EBIT": -31,
        "Net Income": -34
    },
    "2021-09-30": {
        "Diluted EPS": -0.54,
        "Total Revenue": 2,
        "Gross Profit": 2,
        "Operating Income": -31,
        "EBIT": -28,
        "Net Income": -31
    },
    "2021-06-30": {
        "Diluted EPS": -0.54,
        "Total Revenue": 2,
        "Gross Profit": 2,
        "Operating Income": -31,
        "EBIT": -28,
        "Net Income": -31
    },
    "2021-03-31": {
        "Diluted EPS": -0.02,
        "Total Revenue": 29,
        "Gross Profit": 29,
        "Operating Income": -1,
        "EBIT": 1,
        "Net Income": -1
    },
    "2020-12-31": {
        "Diluted EPS": -0.62,
        "Total Revenue": 1,
        "Gross Profit": 1,
        "Operating Income": -30,
        "EBIT": -28,
        "Net Income": -30
    },
    "2020-09-30": {
        "Diluted EPS": -0.62,
        "Total Revenue": 1,
        "Gross Profit": 1,
        "Operating Income": -28,
        "EBIT": -26,
        "Net Income": -28
    },
    "2020-06-30": {
        "Diluted EPS": -0.78,
        "Total Revenue": 1,
        "Gross Profit": 1,
        "Operating Income": -36,
        "EBIT": -34,
        "Net Income": -35
    },
    "2020-03-31": {
        "Diluted EPS": -0.78,
        "Total Revenue": 1,
        "Gross Profit": 1,
        "Operating Income": -36,
        "EBIT": -35,
        "Net Income": -35
    },
    "2019-12-31": {
        "Diluted EPS": -0.55,
        "Total Revenue": 1,
        "Gross Profit": 1,
        "Operating Income": -26,
        "EBIT": -24,
        "Net Income": -24
    },
    "2019-09-30": {
        "Diluted EPS": -0.67,
        "Total Revenue": 0,
        "Gross Profit": 0,
        "Operating Income": -31,
        "EBIT": -30,
        "Net Income": -30
    },
    "2019-06-30": {
        "Diluted EPS": -0.61,
        "Total Revenue": 0,
        "Gross Profit": 0,
        "Operating Income": -28,
        "EBIT": -26,
        "Net Income": -26
    },
    "2019-03-31": {
        "Diluted EPS": -0.64,
        "Total Revenue": 0,
        "Gross Profit": 0,
        "Operating Income": -25,
        "EBIT": -24,
        "Net Income": -24
    },
    "2018-12-31": {
        "Diluted EPS": 2.86,
        "Total Revenue": 1,
        "Gross Profit": 1,
        "Operating Income": -20,
        "EBIT": -20,
        "Net Income": -19
    },
    "2018-09-30": {
        "Diluted EPS": -0.38,
        "Total Revenue": 2,
        "Gross Profit": 2,
        "Operating Income": -16,
        "EBIT": -15,
        "Net Income": -14
    },
    "2018-06-30": {
        "Diluted EPS": -0.34,
        "Total Revenue": 1,
        "Gross Profit": 1,
        "Operating Income": -13,
        "EBIT": -13,
        "Net Income": -12
    },
    "2018-03-31": {
        "Diluted EPS": -4.09,
        "Total Revenue": 1,
        "Gross Profit": 1,
        "Operating Income": -11,
        "EBIT": -10,
        "Net Income": -10
    },
    "2017-12-31": {
        "Diluted EPS": -3.92,
        "Total Revenue": NaN,
        "Gross Profit": NaN,
        "Operating Income": -12,
        "EBIT": -12,
        "Net Income": -12
    },
    "2017-09-30": {
        "Diluted EPS": -2.78,
        "Total Revenue": NaN,
        "Gross Profit": NaN,
        "Operating Income": -7,
        "EBIT": -6,
        "Net Income": -7
    },
    "2017-06-30": {
        "Diluted EPS": -2.61,
        "Total Revenue": NaN,
        "Gross Profit": NaN,
        "Operating Income": -6,
        "EBIT": -6,
        "Net Income": -6
    },
    "2017-03-31": {
        "Diluted EPS": -2.79,
        "Total Revenue": NaN,
        "Gross Profit": NaN,
        "Operating Income": -5,
        "EBIT": -5,
        "Net Income": -6
    },
    "2016-12-31": {
        "Diluted EPS": 0.0,
        "Total Revenue": NaN,
        "Gross Profit": NaN,
        "Operating Income": NaN,
        "EBIT": NaN,
        "Net Income": NaN
    },
    "2023-06-30": {
        "Tax Effect Of Unusual Items": 0.0,
        "Tax Rate For Calcs": 0.0,
        "Normalized EBITDA": -30599000.0,
        "Total Unusual Items": 0.0,
        "Total Unusual Items Excluding Goodwill": 0.0,
        "Net Income From Continuing Operation Net Minority Interest": -35044000.0,
        "Reconciled Depreciation": 217000.0,
        "EBITDA": -30599000.0,
        "EBIT": -30816000.0,
        "Net Interest Income": 1511000.0,
        "Interest Income": 1511000.0,
        "Normalized Income": -35044000.0,
        "Net Income From Continuing And Discontinued Operation": -35044000.0,
        "Total Expenses": 31170000.0,
        "Total Operating Income As Reported": -30816000.0,
        "Diluted Average Shares": 57795285.0,
        "Basic Average Shares": 57795285.0,
        "Diluted EPS": -0.61,
        "Basic EPS": -0.61,
        "Diluted NI Availto Com Stockholders": -35044000.0,
        "Net Income Common Stockholders": -35044000.0,
        "Net Income": -35044000.0,
        "Net Income Including Noncontrolling Interests": -35044000.0,
        "Net Income Continuous Operations": -35044000.0,
        "Earnings From Equity Interest Net Of Tax": -5739000.0,
        "Tax Provision": 0.0,
        "Pretax Income": -29305000.0,
        "Other Income Expense": NaN,
        "Special Income Charges": 0.0,
        "Gain On Sale Of Business": 0.0,
        "Restructuring And Mergern Acquisition": NaN,
        "Net Non Operating Interest Income Expense": 1511000.0,
        "Interest Income Non Operating": 1511000.0,
        "Operating Income": -30816000.0,
        "Operating Expense": 31170000.0,
        "Research And Development": 22982000.0,
        "Selling General And Administration": 8188000.0,
        "General And Administrative Expense": 8188000.0,
        "Other Gand A": 8188000.0,
        "Total Revenue": 354000.0,
        "Operating Revenue": 354000.0
    },
    "2023-09-30": {
        "Tax Effect Of Unusual Items": 0.0,
        "Tax Rate For Calcs": 0.0,
        "Normalized EBITDA": -17585000.0,
        "Total Unusual Items": -6640000.0,
        "Total Unusual Items Excluding Goodwill": -6640000.0,
        "Net Income From Continuing Operation Net Minority Interest": -32954000.0,
        "Reconciled Depreciation": 136000.0,
        "EBITDA": -24225000.0,
        "EBIT": -24361000.0,
        "Net Interest Income": 1423000.0,
        "Interest Income": 1423000.0,
        "Normalized Income": -26314000.0,
        "Net Income From Continuing And Discontinued Operation": -32954000.0,
        "Total Expenses": 24361000.0,
        "Total Operating Income As Reported": -31001000.0,
        "Diluted Average Shares": 57853132.0,
        "Basic Average Shares": 57853132.0,
        "Diluted EPS": -0.57,
        "Basic EPS": -0.57,
        "Diluted NI Availto Com Stockholders": -32954000.0,
        "Net Income Common Stockholders": -32954000.0,
        "Net Income": -32954000.0,
        "Net Income Including Noncontrolling Interests": -32954000.0,
        "Net Income Continuous Operations": -32954000.0,
        "Earnings From Equity Interest Net Of Tax": -3376000.0,
        "Tax Provision": 0.0,
        "Pretax Income": -29578000.0,
        "Other Income Expense": -6640000.0,
        "Special Income Charges": -6640000.0,
        "Gain On Sale Of Business": 0.0,
        "Restructuring And Mergern Acquisition": 6640000.0,
        "Net Non Operating Interest Income Expense": 1423000.0,
        "Interest Income Non Operating": 1423000.0,
        "Operating Income": -24361000.0,
        "Operating Expense": 24361000.0,
        "Research And Development": 17519000.0,
        "Selling General And Administration": 6842000.0,
        "General And Administrative Expense": 6842000.0,
        "Other Gand A": 6842000.0,
        "Total Revenue": 0.0,
        "Operating Revenue": 0.0
    },
    "2023-12-31": {
        "Tax Effect Of Unusual Items": 0.0,
        "Tax Rate For Calcs": 0.0,
        "Normalized EBITDA": -15494000.0,
        "Total Unusual Items": 6080000.0,
        "Total Unusual Items Excluding Goodwill": 6080000.0,
        "Net Income From Continuing Operation Net Minority Interest": -16119000.0,
        "Reconciled Depreciation": 0.0,
        "EBITDA": -9414000.0,
        "EBIT": -9414000.0,
        "Net Interest Income": 1179000.0,
        "Interest Income": 1179000.0,
        "Normalized Income": -22199000.0,
        "Net Income From Continuing And Discontinued Operation": -16119000.0,
        "Total Expenses": 9414000.0,
        "Total Operating Income As Reported": -12101000.0,
        "Diluted Average Shares": NaN,
        "Basic Average Shares": NaN,
        "Diluted EPS": NaN,
        "Basic EPS": NaN,
        "Diluted NI Availto Com Stockholders": -16119000.0,
        "Net Income Common Stockholders": -16119000.0,
        "Net Income": -16119000.0,
        "Net Income Including Noncontrolling Interests": -16119000.0,
        "Net Income Continuous Operations": -16119000.0,
        "Earnings From Equity Interest Net Of Tax": -13964000.0,
        "Tax Provision": 0.0,
        "Pretax Income": -2155000.0,
        "Other Income Expense": 6080000.0,
        "Special Income Charges": 6080000.0,
        "Gain On Sale Of Business": 0.0,
        "Restructuring And Mergern Acquisition": 2687000.0,
        "Net Non Operating Interest Income Expense": 1179000.0,
        "Interest Income Non Operating": 1179000.0,
        "Operating Income": -9414000.0,
        "Operating Expense": 9414000.0,
        "Research And Development": 1513000.0,
        "Selling General And Administration": 7901000.0,
        "General And Administrative Expense": 7901000.0,
        "Other Gand A": 7901000.0,
        "Total Revenue": 0.0,
        "Operating Revenue": 0.0
    }
}