{
    "2023-06-30": {
        "Tax Effect Of Unusual Items": NaN,
        "Tax Rate For Calcs": NaN,
        "Normalized EBITDA": NaN,
        "Total Unusual Items": NaN,
        "Total Unusual Items Excluding Goodwill": NaN,
        "Net Income From Continuing Operation Net Minority Interest": NaN,
        "Reconciled Depreciation": NaN,
        "Reconciled Cost Of Revenue": NaN,
        "EBITDA": NaN,
        "EBIT": NaN,
        "Net Interest Income": NaN,
        "Interest Expense": NaN,
        "Interest Income": NaN,
        "Normalized Income": NaN,
        "Net Income From Continuing And Discontinued Operation": NaN,
        "Total Expenses": NaN,
        "Total Operating Income As Reported": NaN,
        "Diluted Average Shares": NaN,
        "Basic Average Shares": NaN,
        "Diluted EPS": NaN,
        "Basic EPS": NaN,
        "Diluted NI Availto Com Stockholders": NaN,
        "Net Income Common Stockholders": NaN,
        "Net Income": NaN,
        "Minority Interests": NaN,
        "Net Income Including Noncontrolling Interests": NaN,
        "Net Income Discontinuous Operations": NaN,
        "Net Income Continuous Operations": NaN,
        "Tax Provision": NaN,
        "Pretax Income": NaN,
        "Other Income Expense": NaN,
        "Other Non Operating Income Expenses": NaN,
        "Special Income Charges": NaN,
        "Restructuring And Mergern Acquisition": NaN,
        "Net Non Operating Interest Income Expense": NaN,
        "Total Other Finance Cost": 12000000.0,
        "Interest Expense Non Operating": NaN,
        "Interest Income Non Operating": NaN,
        "Operating Income": NaN,
        "Operating Expense": NaN,
        "Depreciation Amortization Depletion Income Statement": NaN,
        "Depreciation And Amortization In Income Statement": NaN,
        "Amortization": NaN,
        "Amortization Of Intangibles Income Statement": NaN,
        "Selling General And Administration": NaN,
        "Gross Profit": NaN,
        "Cost Of Revenue": NaN,
        "Total Revenue": NaN,
        "Operating Revenue": NaN
    },
    "2023-03-31": {
        "Tax Effect Of Unusual Items": NaN,
        "Tax Rate For Calcs": NaN,
        "Normalized EBITDA": NaN,
        "Total Unusual Items": NaN,
        "Total Unusual Items Excluding Goodwill": NaN,
        "Net Income From Continuing Operation Net Minority Interest": NaN,
        "Reconciled Depreciation": NaN,
        "Reconciled Cost Of Revenue": NaN,
        "EBITDA": NaN,
        "EBIT": NaN,
        "Net Interest Income": NaN,
        "Interest Expense": NaN,
        "Interest Income": NaN,
        "Normalized Income": NaN,
        "Net Income From Continuing And Discontinued Operation": NaN,
        "Total Expenses": NaN,
        "Total Operating Income As Reported": NaN,
        "Diluted Average Shares": NaN,
        "Basic Average Shares": NaN,
        "Diluted EPS": NaN,
        "Basic EPS": NaN,
        "Diluted NI Availto Com Stockholders": NaN,
        "Net Income Common Stockholders": NaN,
        "Net Income": NaN,
        "Minority Interests": NaN,
        "Net Income Including Noncontrolling Interests": NaN,
        "Net Income Discontinuous Operations": NaN,
        "Net Income Continuous Operations": NaN,
        "Tax Provision": NaN,
        "Pretax Income": NaN,
        "Other Income Expense": NaN,
        "Other Non Operating Income Expenses": NaN,
        "Special Income Charges": NaN,
        "Restructuring And Mergern Acquisition": NaN,
        "Net Non Operating Interest Income Expense": NaN,
        "Total Other Finance Cost": -113000000.0,
        "Interest Expense Non Operating": NaN,
        "Interest Income Non Operating": NaN,
        "Operating Income": NaN,
        "Operating Expense": NaN,
        "Depreciation Amortization Depletion Income Statement": NaN,
        "Depreciation And Amortization In Income Statement": NaN,
        "Amortization": NaN,
        "Amortization Of Intangibles Income Statement": NaN,
        "Selling General And Administration": NaN,
        "Gross Profit": NaN,
        "Cost Of Revenue": NaN,
        "Total Revenue": NaN,
        "Operating Revenue": NaN
    },
    "2022-12-31": {
        "Tax Effect Of Unusual Items": NaN,
        "Tax Rate For Calcs": NaN,
        "Normalized EBITDA": NaN,
        "Total Unusual Items": NaN,
        "Total Unusual Items Excluding Goodwill": NaN,
        "Net Income From Continuing Operation Net Minority Interest": NaN,
        "Reconciled Depreciation": NaN,
        "Reconciled Cost Of Revenue": NaN,
        "EBITDA": NaN,
        "EBIT": NaN,
        "Net Interest Income": NaN,
        "Interest Expense": NaN,
        "Interest Income": NaN,
        "Normalized Income": NaN,
        "Net Income From Continuing And Discontinued Operation": NaN,
        "Total Expenses": NaN,
        "Total Operating Income As Reported": NaN,
        "Diluted Average Shares": NaN,
        "Basic Average Shares": NaN,
        "Diluted EPS": NaN,
        "Basic EPS": NaN,
        "Diluted NI Availto Com Stockholders": NaN,
        "Net Income Common Stockholders": NaN,
        "Net Income": NaN,
        "Minority Interests": NaN,
        "Net Income Including Noncontrolling Interests": NaN,
        "Net Income Discontinuous Operations": NaN,
        "Net Income Continuous Operations": NaN,
        "Tax Provision": NaN,
        "Pretax Income": NaN,
        "Other Income Expense": NaN,
        "Other Non Operating Income Expenses": NaN,
        "Special Income Charges": NaN,
        "Restructuring And Mergern Acquisition": NaN,
        "Net Non Operating Interest Income Expense": NaN,
        "Total Other Finance Cost": 59000000.0,
        "Interest Expense Non Operating": NaN,
        "Interest Income Non Operating": NaN,
        "Operating Income": NaN,
        "Operating Expense": NaN,
        "Depreciation Amortization Depletion Income Statement": NaN,
        "Depreciation And Amortization In Income Statement": NaN,
        "Amortization": NaN,
        "Amortization Of Intangibles Income Statement": NaN,
        "Selling General And Administration": NaN,
        "Gross Profit": NaN,
        "Cost Of Revenue": NaN,
        "Total Revenue": NaN,
        "Operating Revenue": NaN
    },
    "2022-09-30": {
        "Tax Effect Of Unusual Items": NaN,
        "Tax Rate For Calcs": NaN,
        "Normalized EBITDA": NaN,
        "Total Unusual Items": NaN,
        "Total Unusual Items Excluding Goodwill": NaN,
        "Net Income From Continuing Operation Net Minority Interest": NaN,
        "Reconciled Depreciation": NaN,
        "Reconciled Cost Of Revenue": NaN,
        "EBITDA": NaN,
        "EBIT": NaN,
        "Net Interest Income": NaN,
        "Interest Expense": NaN,
        "Interest Income": NaN,
        "Normalized Income": NaN,
        "Net Income From Continuing And Discontinued Operation": NaN,
        "Total Expenses": NaN,
        "Total Operating Income As Reported": NaN,
        "Diluted Average Shares": NaN,
        "Basic Average Shares": NaN,
        "Diluted EPS": NaN,
        "Basic EPS": NaN,
        "Diluted NI Availto Com Stockholders": NaN,
        "Net Income Common Stockholders": NaN,
        "Net Income": NaN,
        "Minority Interests": NaN,
        "Net Income Including Noncontrolling Interests": NaN,
        "Net Income Continuous Operations": NaN,
        "Tax Provision": NaN,
        "Pretax Income": NaN,
        "Other Income Expense": NaN,
        "Other Non Operating Income Expenses": NaN,
        "Special Income Charges": NaN,
        "Restructuring And Mergern Acquisition": NaN,
        "Net Non Operating Interest Income Expense": NaN,
        "Total Other Finance Cost": 8000000.0,
        "Interest Expense Non Operating": NaN,
        "Interest Income Non Operating": NaN,
        "Operating Income": NaN,
        "Operating Expense": NaN,
        "Depreciation Amortization Depletion Income Statement": NaN,
        "Depreciation And Amortization In Income Statement": NaN,
        "Amortization": NaN,
        "Amortization Of Intangibles Income Statement": NaN,
        "Selling General And Administration": NaN,
        "Gross Profit": NaN,
        "Cost Of Revenue": NaN,
        "Total Revenue": NaN,
        "Operating Revenue": NaN
    },
    "2022-06-30": {
        "Tax Effect Of Unusual Items": 0.0,
        "Tax Rate For Calcs": 0.159483,
        "Normalized EBITDA": 396000000.0,
        "Total Unusual Items": NaN,
        "Total Unusual Items Excluding Goodwill": NaN,
        "Net Income From Continuing Operation Net Minority Interest": 189000000.0,
        "Reconciled Depreciation": 124000000.0,
        "Reconciled Cost Of Revenue": 6710000000.0,
        "EBITDA": 396000000.0,
        "EBIT": 272000000.0,
        "Net Interest Income": -40000000.0,
        "Interest Expense": 40000000.0,
        "Interest Income": NaN,
        "Normalized Income": 189000000.0,
        "Net Income From Continuing And Discontinued Operation": 189000000.0,
        "Total Expenses": 7075000000.0,
        "Total Operating Income As Reported": 272000000.0,
        "Diluted Average Shares": 468000000.0,
        "Basic Average Shares": 458000000.0,
        "Diluted EPS": 0.4,
        "Basic EPS": 0.41,
        "Diluted NI Availto Com Stockholders": 189000000.0,
        "Net Income Common Stockholders": 189000000.0,
        "Net Income": 189000000.0,
        "Minority Interests": -6000000.0,
        "Net Income Including Noncontrolling Interests": 195000000.0,
        "Net Income Continuous Operations": 195000000.0,
        "Tax Provision": 37000000.0,
        "Pretax Income": 232000000.0,
        "Other Income Expense": NaN,
        "Other Non Operating Income Expenses": NaN,
        "Special Income Charges": NaN,
        "Restructuring And Mergern Acquisition": NaN,
        "Earnings From Equity Interest": NaN,
        "Net Non Operating Interest Income Expense": -40000000.0,
        "Total Other Finance Cost": 40000000.0,
        "Interest Expense Non Operating": 40000000.0,
        "Interest Income Non Operating": NaN,
        "Operating Income": 272000000.0,
        "Operating Expense": 263000000.0,
        "Depreciation Amortization Depletion Income Statement": 22000000.0,
        "Depreciation And Amortization In Income Statement": 22000000.0,
        "Amortization": 22000000.0,
        "Amortization Of Intangibles Income Statement": 22000000.0,
        "Selling General And Administration": 241000000.0,
        "Gross Profit": 535000000.0,
        "Cost Of Revenue": 6812000000.0,
        "Total Revenue": 7347000000.0,
        "Operating Revenue": 7347000000.0
    },
    "2022-03-31": {
        "Diluted EPS": 0.36,
        "Total Revenue": NaN,
        "Gross Profit": 505,
        "Operating Income": 229,
        "EBIT": 356,
        "Net Income": 167
    },
    "2021-12-31": {
        "Diluted EPS": 0.48,
        "Total Revenue": NaN,
        "Gross Profit": 491,
        "Operating Income": 251,
        "EBIT": 372,
        "Net Income": 227
    },
    "2021-09-30": {
        "Diluted EPS": 0.69,
        "Total Revenue": NaN,
        "Gross Profit": 465,
        "Operating Income": 237,
        "EBIT": 355,
        "Net Income": 336
    },
    "2021-06-30": {
        "Diluted EPS": 0.41,
        "Total Revenue": NaN,
        "Gross Profit": 471,
        "Operating Income": 255,
        "EBIT": 373,
        "Net Income": 206
    },
    "2021-03-31": {
        "Diluted EPS": 0.48,
        "Total Revenue": NaN,
        "Gross Profit": 509,
        "Operating Income": 282,
        "EBIT": 421,
        "Net Income": 240
    },
    "2020-12-31": {
        "Diluted EPS": 0.41,
        "Total Revenue": NaN,
        "Gross Profit": 479,
        "Operating Income": 240,
        "EBIT": 387,
        "Net Income": 208
    },
    "2020-09-30": {
        "Diluted EPS": 0.22,
        "Total Revenue": NaN,
        "Gross Profit": 395,
        "Operating Income": 175,
        "EBIT": 333,
        "Net Income": 113
    },
    "2020-06-30": {
        "Diluted EPS": 0.1,
        "Total Revenue": NaN,
        "Gross Profit": 304,
        "Operating Income": 98,
        "EBIT": 223,
        "Net Income": 52
    },
    "2020-03-31": {
        "Diluted EPS": 0.09,
        "Total Revenue": NaN,
        "Gross Profit": 367,
        "Operating Income": 149,
        "EBIT": 249,
        "Net Income": 49
    },
    "2019-12-31": {
        "Diluted EPS": 0.22,
        "Total Revenue": NaN,
        "Gross Profit": 430,
        "Operating Income": 195,
        "EBIT": 364,
        "Net Income": 111
    },
    "2019-09-30": {
        "Diluted EPS": -0.23,
        "Total Revenue": NaN,
        "Gross Profit": 189,
        "Operating Income": -46,
        "EBIT": 121,
        "Net Income": -117
    },
    "2019-06-30": {
        "Diluted EPS": 0.09,
        "Total Revenue": NaN,
        "Gross Profit": 353,
        "Operating Income": 117,
        "EBIT": 307,
        "Net Income": 45
    },
    "2019-03-31": {
        "Diluted EPS": -0.11,
        "Total Revenue": NaN,
        "Gross Profit": 381,
        "Operating Income": 130,
        "EBIT": 388,
        "Net Income": -65
    },
    "2018-12-31": {
        "Diluted EPS": -0.09,
        "Total Revenue": NaN,
        "Gross Profit": 357,
        "Operating Income": 94,
        "EBIT": 332,
        "Net Income": -45
    },
    "2018-09-30": {
        "Diluted EPS": 0.16,
        "Total Revenue": NaN,
        "Gross Profit": 402,
        "Operating Income": 156,
        "EBIT": 304,
        "Net Income": 87
    },
    "2018-06-30": {
        "Diluted EPS": 0.22,
        "Total Revenue": NaN,
        "Gross Profit": 378,
        "Operating Income": 96,
        "EBIT": 218,
        "Net Income": 116
    },
    "2018-03-31": {
        "Diluted EPS": -0.03,
        "Total Revenue": NaN,
        "Gross Profit": 349,
        "Operating Income": 56,
        "EBIT": 211,
        "Net Income": -20
    },
    "2017-12-31": {
        "Diluted EPS": 0.22,
        "Total Revenue": NaN,
        "Gross Profit": 446,
        "Operating Income": 179,
        "EBIT": 315,
        "Net Income": 118
    },
    "2017-09-30": {
        "Diluted EPS": 0.38,
        "Total Revenue": NaN,
        "Gross Profit": 393,
        "Operating Income": 103,
        "EBIT": 236,
        "Net Income": 205
    },
    "2017-06-30": {
        "Diluted EPS": 0.23,
        "Total Revenue": NaN,
        "Gross Profit": 407,
        "Operating Income": 136,
        "EBIT": 268,
        "Net Income": 125
    },
    "2017-03-31": {
        "Diluted EPS": 0.16,
        "Total Revenue": NaN,
        "Gross Profit": 385,
        "Operating Income": 133,
        "EBIT": 276,
        "Net Income": 87
    },
    "2016-12-31": {
        "Diluted EPS": 0.24,
        "Total Revenue": NaN,
        "Gross Profit": 416,
        "Operating Income": 166,
        "EBIT": 296,
        "Net Income": 129
    },
    "2016-09-30": {
        "Diluted EPS": 0.0,
        "Total Revenue": NaN,
        "Gross Profit": 314,
        "Operating Income": 48,
        "EBIT": 256,
        "Net Income": -3
    },
    "2016-06-30": {
        "Diluted EPS": 0.19,
        "Total Revenue": NaN,
        "Gross Profit": 406,
        "Operating Income": 145,
        "EBIT": 274,
        "Net Income": 106
    },
    "2016-03-31": {
        "Diluted EPS": 0.11,
        "Total Revenue": NaN,
        "Gross Profit": 406,
        "Operating Income": 95,
        "EBIT": 229,
        "Net Income": 61
    },
    "2015-12-31": {
        "Diluted EPS": 0.27,
        "Total Revenue": NaN,
        "Gross Profit": 452,
        "Operating Income": 193,
        "EBIT": 344,
        "Net Income": 149
    },
    "2015-09-30": {
        "Diluted EPS": 0.22,
        "Total Revenue": NaN,
        "Gross Profit": 397,
        "Operating Income": 164,
        "EBIT": 285,
        "Net Income": 123
    },
    "2015-06-30": {
        "Diluted EPS": 0.19,
        "Total Revenue": NaN,
        "Gross Profit": 352,
        "Operating Income": 135,
        "EBIT": 245,
        "Net Income": 111
    },
    "2015-03-31": {
        "Diluted EPS": 0.24,
        "Total Revenue": NaN,
        "Gross Profit": 379,
        "Operating Income": 155,
        "EBIT": 292,
        "Net Income": 135
    },
    "2014-12-31": {
        "Diluted EPS": 0.26,
        "Total Revenue": NaN,
        "Gross Profit": 409,
        "Operating Income": 185,
        "EBIT": 329,
        "Net Income": 153
    },
    "2014-09-30": {
        "Diluted EPS": 0.23,
        "Total Revenue": NaN,
        "Gross Profit": 377,
        "Operating Income": 164,
        "EBIT": 303,
        "Net Income": 139
    },
    "2014-06-30": {
        "Diluted EPS": 0.29,
        "Total Revenue": NaN,
        "Gross Profit": 381,
        "Operating Income": 165,
        "EBIT": 286,
        "Net Income": 174
    },
    "2014-03-31": {
        "Diluted EPS": 0.08,
        "Total Revenue": NaN,
        "Gross Profit": 362,
        "Operating Income": 130,
        "EBIT": 249,
        "Net Income": 43
    },
    "2013-12-31": {
        "Diluted EPS": 0.23,
        "Total Revenue": NaN,
        "Gross Profit": 399,
        "Operating Income": 168,
        "EBIT": 286,
        "Net Income": 145
    },
    "2013-09-30": {
        "Diluted EPS": 0.19,
        "Total Revenue": NaN,
        "Gross Profit": 368,
        "Operating Income": 142,
        "EBIT": 251,
        "Net Income": 118
    },
    "2013-06-30": {
        "Diluted EPS": 0.09,
        "Total Revenue": NaN,
        "Gross Profit": 311,
        "Operating Income": 79,
        "EBIT": 198,
        "Net Income": 59
    },
    "2013-03-31": {
        "Diluted EPS": -0.07,
        "Total Revenue": NaN,
        "Gross Profit": 196,
        "Operating Income": -35,
        "EBIT": 101,
        "Net Income": -49
    },
    "2012-12-31": {
        "Diluted EPS": 0.07,
        "Total Revenue": NaN,
        "Gross Profit": 246,
        "Operating Income": 29,
        "EBIT": 229,
        "Net Income": 47
    },
    "2012-09-30": {
        "Diluted EPS": 0.22,
        "Total Revenue": NaN,
        "Gross Profit": 367,
        "Operating Income": 167,
        "EBIT": 285,
        "Net Income": 151
    },
    "2012-06-30": {
        "Diluted EPS": 0.19,
        "Total Revenue": NaN,
        "Gross Profit": 357,
        "Operating Income": 159,
        "EBIT": 271,
        "Net Income": 128
    },
    "2012-03-31": {
        "Diluted EPS": 0.18,
        "Total Revenue": NaN,
        "Gross Profit": 359,
        "Operating Income": 137,
        "EBIT": 279,
        "Net Income": 125
    },
    "2011-12-31": {
        "Diluted EPS": 0.14,
        "Total Revenue": NaN,
        "Gross Profit": 386,
        "Operating Income": 128,
        "EBIT": 270,
        "Net Income": 102
    },
    "2011-09-30": {
        "Diluted EPS": 0.18,
        "Total Revenue": NaN,
        "Gross Profit": 373,
        "Operating Income": 151,
        "EBIT": 272,
        "Net Income": 130
    },
    "2011-06-30": {
        "Diluted EPS": 0.17,
        "Total Revenue": NaN,
        "Gross Profit": 401,
        "Operating Income": 175,
        "EBIT": 291,
        "Net Income": 132
    },
    "2011-03-31": {
        "Diluted EPS": 0.17,
        "Total Revenue": NaN,
        "Gross Profit": 381,
        "Operating Income": 179,
        "EBIT": 299,
        "Net Income": 135
    },
    "2010-12-31": {
        "Diluted EPS": 0.26,
        "Total Revenue": NaN,
        "Gross Profit": 434,
        "Operating Income": 202,
        "EBIT": 323,
        "Net Income": 198
    },
    "2010-09-30": {
        "Diluted EPS": 0.18,
        "Total Revenue": NaN,
        "Gross Profit": 398,
        "Operating Income": 177,
        "EBIT": 297,
        "Net Income": 144
    },
    "2010-06-30": {
        "Diluted EPS": 0.14,
        "Total Revenue": NaN,
        "Gross Profit": 371,
        "Operating Income": 157,
        "EBIT": 269,
        "Net Income": 118
    },
    "2010-03-31": {
        "Diluted EPS": 0.08,
        "Total Revenue": NaN,
        "Gross Profit": 315,
        "Operating Income": 119,
        "EBIT": 240,
        "Net Income": 60
    },
    "2009-12-31": {
        "Diluted EPS": 0.11,
        "Total Revenue": NaN,
        "Gross Profit": 373,
        "Operating Income": 146,
        "EBIT": 266,
        "Net Income": 93
    },
    "2009-09-30": {
        "Diluted EPS": 0.02,
        "Total Revenue": NaN,
        "Gross Profit": 300,
        "Operating Income": 100,
        "EBIT": 310,
        "Net Income": 20
    },
    "2009-06-30": {
        "Diluted EPS": -0.19,
        "Total Revenue": NaN,
        "Gross Profit": 224,
        "Operating Income": -14,
        "EBIT": 243,
        "Net Income": -154
    },
    "2009-03-31": {
        "Diluted EPS": -0.19,
        "Total Revenue": NaN,
        "Gross Profit": 109,
        "Operating Income": -136,
        "EBIT": 122,
        "Net Income": -249
    },
    "2023-09-30": {
        "Tax Effect Of Unusual Items": NaN,
        "Tax Rate For Calcs": NaN,
        "Normalized EBITDA": NaN,
        "Total Unusual Items": NaN,
        "Total Unusual Items Excluding Goodwill": NaN,
        "Net Income From Continuing Operation Net Minority Interest": NaN,
        "Reconciled Depreciation": NaN,
        "Reconciled Cost Of Revenue": NaN,
        "EBITDA": NaN,
        "EBIT": NaN,
        "Net Interest Income": NaN,
        "Interest Expense": NaN,
        "Interest Income": NaN,
        "Normalized Income": NaN,
        "Net Income From Continuing And Discontinued Operation": NaN,
        "Total Expenses": NaN,
        "Total Operating Income As Reported": NaN,
        "Diluted Average Shares": NaN,
        "Basic Average Shares": NaN,
        "Diluted EPS": NaN,
        "Basic EPS": NaN,
        "Diluted NI Availto Com Stockholders": NaN,
        "Net Income Common Stockholders": NaN,
        "Net Income": NaN,
        "Minority Interests": NaN,
        "Net Income Including Noncontrolling Interests": NaN,
        "Net Income Discontinuous Operations": NaN,
        "Net Income Continuous Operations": NaN,
        "Tax Provision": NaN,
        "Pretax Income": NaN,
        "Other Income Expense": NaN,
        "Other Non Operating Income Expenses": NaN,
        "Special Income Charges": NaN,
        "Restructuring And Mergern Acquisition": NaN,
        "Net Non Operating Interest Income Expense": NaN,
        "Total Other Finance Cost": 11000000.0,
        "Interest Expense Non Operating": NaN,
        "Interest Income Non Operating": NaN,
        "Operating Income": NaN,
        "Operating Expense": NaN,
        "Depreciation Amortization Depletion Income Statement": NaN,
        "Depreciation And Amortization In Income Statement": NaN,
        "Amortization": NaN,
        "Amortization Of Intangibles Income Statement": NaN,
        "Selling General And Administration": NaN,
        "Gross Profit": NaN,
        "Cost Of Revenue": NaN,
        "Total Revenue": NaN,
        "Operating Revenue": NaN
    },
    "2023-12-31": {
        "Tax Effect Of Unusual Items": NaN,
        "Tax Rate For Calcs": NaN,
        "Normalized EBITDA": NaN,
        "Total Unusual Items": NaN,
        "Total Unusual Items Excluding Goodwill": NaN,
        "Net Income From Continuing Operation Net Minority Interest": NaN,
        "Reconciled Depreciation": NaN,
        "Reconciled Cost Of Revenue": NaN,
        "EBITDA": NaN,
        "EBIT": NaN,
        "Net Interest Income": NaN,
        "Interest Expense": NaN,
        "Interest Income": NaN,
        "Normalized Income": NaN,
        "Net Income From Continuing And Discontinued Operation": NaN,
        "Total Expenses": NaN,
        "Total Operating Income As Reported": NaN,
        "Diluted Average Shares": NaN,
        "Basic Average Shares": NaN,
        "Diluted EPS": NaN,
        "Basic EPS": NaN,
        "Diluted NI Availto Com Stockholders": NaN,
        "Net Income Common Stockholders": NaN,
        "Net Income": NaN,
        "Minority Interests": NaN,
        "Net Income Including Noncontrolling Interests": NaN,
        "Net Income Discontinuous Operations": 104000000.0,
        "Net Income Continuous Operations": NaN,
        "Tax Provision": NaN,
        "Pretax Income": NaN,
        "Other Income Expense": NaN,
        "Other Non Operating Income Expenses": NaN,
        "Special Income Charges": NaN,
        "Restructuring And Mergern Acquisition": NaN,
        "Net Non Operating Interest Income Expense": NaN,
        "Total Other Finance Cost": NaN,
        "Interest Expense Non Operating": NaN,
        "Interest Income Non Operating": NaN,
        "Operating Income": NaN,
        "Operating Expense": NaN,
        "Depreciation Amortization Depletion Income Statement": NaN,
        "Depreciation And Amortization In Income Statement": NaN,
        "Amortization": NaN,
        "Amortization Of Intangibles Income Statement": NaN,
        "Selling General And Administration": NaN,
        "Gross Profit": NaN,
        "Cost Of Revenue": NaN,
        "Total Revenue": NaN,
        "Operating Revenue": NaN
    },
    "2024-03-31": {
        "Tax Effect Of Unusual Items": -300000.0,
        "Tax Rate For Calcs": 0.3,
        "Normalized EBITDA": -15000000.0,
        "Total Unusual Items": -1000000.0,
        "Total Unusual Items Excluding Goodwill": -1000000.0,
        "Net Income From Continuing Operation Net Minority Interest": 22000000.0,
        "Reconciled Depreciation": 147000000.0,
        "Reconciled Cost Of Revenue": 4403000000.0,
        "EBITDA": -16000000.0,
        "EBIT": -163000000.0,
        "Net Interest Income": -39000000.0,
        "Interest Expense": 42000000.0,
        "Interest Income": 3000000.0,
        "Normalized Income": 22700000.0,
        "Net Income From Continuing And Discontinued Operation": 395000000.0,
        "Total Expenses": 4666000000.0,
        "Total Operating Income As Reported": -162000000.0,
        "Diluted Average Shares": 425000000.0,
        "Basic Average Shares": 408101772.0,
        "Diluted EPS": 0.93,
        "Basic EPS": 0.967896,
        "Diluted NI Availto Com Stockholders": 395000000.0,
        "Net Income Common Stockholders": 395000000.0,
        "Net Income": 395000000.0,
        "Minority Interests": 0.0,
        "Net Income Including Noncontrolling Interests": 395000000.0,
        "Net Income Discontinuous Operations": NaN,
        "Net Income Continuous Operations": 22000000.0,
        "Tax Provision": -227000000.0,
        "Pretax Income": -205000000.0,
        "Other Income Expense": -5000000.0,
        "Other Non Operating Income Expenses": -12000000.0,
        "Special Income Charges": -1000000.0,
        "Restructuring And Mergern Acquisition": 1000000.0,
        "Net Non Operating Interest Income Expense": -39000000.0,
        "Total Other Finance Cost": NaN,
        "Interest Expense Non Operating": 42000000.0,
        "Interest Income Non Operating": 3000000.0,
        "Operating Income": -161000000.0,
        "Operating Expense": 132000000.0,
        "Depreciation Amortization Depletion Income Statement": 16000000.0,
        "Depreciation And Amortization In Income Statement": 16000000.0,
        "Amortization": 16000000.0,
        "Amortization Of Intangibles Income Statement": 16000000.0,
        "Selling General And Administration": 116000000.0,
        "Gross Profit": -29000000.0,
        "Cost Of Revenue": 4534000000.0,
        "Total Revenue": 4505000000.0,
        "Operating Revenue": 4505000000.0
    },
    "2024-06-30": {
        "Tax Effect Of Unusual Items": -2520000.0,
        "Tax Rate For Calcs": 0.28,
        "Normalized EBITDA": 383000000.0,
        "Total Unusual Items": -9000000.0,
        "Total Unusual Items Excluding Goodwill": -9000000.0,
        "Net Income From Continuing Operation Net Minority Interest": 139000000.0,
        "Reconciled Depreciation": 126000000.0,
        "Reconciled Cost Of Revenue": 5733000000.0,
        "EBITDA": 374000000.0,
        "EBIT": 248000000.0,
        "Net Interest Income": -40000000.0,
        "Interest Expense": 56000000.0,
        "Interest Income": 16000000.0,
        "Normalized Income": 145480000.0,
        "Net Income From Continuing And Discontinued Operation": 139000000.0,
        "Total Expenses": 6072000000.0,
        "Total Operating Income As Reported": 233000000.0,
        "Diluted Average Shares": 411000000.0,
        "Basic Average Shares": 399382891.0,
        "Diluted EPS": 0.34,
        "Basic EPS": 0.348037,
        "Diluted NI Availto Com Stockholders": 139000000.0,
        "Net Income Common Stockholders": 139000000.0,
        "Net Income": 139000000.0,
        "Minority Interests": 0.0,
        "Net Income Including Noncontrolling Interests": 139000000.0,
        "Net Income Discontinuous Operations": 0.0,
        "Net Income Continuous Operations": 139000000.0,
        "Tax Provision": 53000000.0,
        "Pretax Income": 192000000.0,
        "Other Income Expense": -10000000.0,
        "Other Non Operating Income Expenses": -1000000.0,
        "Special Income Charges": -9000000.0,
        "Restructuring And Mergern Acquisition": 9000000.0,
        "Net Non Operating Interest Income Expense": -40000000.0,
        "Total Other Finance Cost": NaN,
        "Interest Expense Non Operating": 56000000.0,
        "Interest Income Non Operating": 16000000.0,
        "Operating Income": 242000000.0,
        "Operating Expense": 229000000.0,
        "Depreciation Amortization Depletion Income Statement": 16000000.0,
        "Depreciation And Amortization In Income Statement": 16000000.0,
        "Amortization": 16000000.0,
        "Amortization Of Intangibles Income Statement": 16000000.0,
        "Selling General And Administration": 213000000.0,
        "Gross Profit": 471000000.0,
        "Cost Of Revenue": 5843000000.0,
        "Total Revenue": 6314000000.0,
        "Operating Revenue": 6314000000.0
    },
    "2024-09-30": {
        "Tax Effect Of Unusual Items": -380000.0,
        "Tax Rate For Calcs": 0.19,
        "Normalized EBITDA": 450000000.0,
        "Total Unusual Items": -2000000.0,
        "Total Unusual Items Excluding Goodwill": -2000000.0,
        "Net Income From Continuing Operation Net Minority Interest": 214000000.0,
        "Reconciled Depreciation": 131000000.0,
        "Reconciled Cost Of Revenue": 5899000000.0,
        "EBITDA": 448000000.0,
        "EBIT": 317000000.0,
        "Net Interest Income": -37000000.0,
        "Interest Expense": 53000000.0,
        "Interest Income": 16000000.0,
        "Normalized Income": 215620000.0,
        "Net Income From Continuing And Discontinued Operation": 214000000.0,
        "Total Expenses": 6246000000.0,
        "Total Operating Income As Reported": 297000000.0,
        "Diluted Average Shares": 400000000.0,
        "Basic Average Shares": 389775099.0,
        "Diluted EPS": 0.54,
        "Basic EPS": 0.549035,
        "Diluted NI Availto Com Stockholders": 214000000.0,
        "Net Income Common Stockholders": 214000000.0,
        "Net Income": 214000000.0,
        "Minority Interests": 0.0,
        "Net Income Including Noncontrolling Interests": 214000000.0,
        "Net Income Discontinuous Operations": 0.0,
        "Net Income Continuous Operations": 214000000.0,
        "Tax Provision": 50000000.0,
        "Pretax Income": 264000000.0,
        "Other Income Expense": 2000000.0,
        "Other Non Operating Income Expenses": 4000000.0,
        "Special Income Charges": -2000000.0,
        "Restructuring And Mergern Acquisition": 2000000.0,
        "Net Non Operating Interest Income Expense": -37000000.0,
        "Total Other Finance Cost": NaN,
        "Interest Expense Non Operating": 53000000.0,
        "Interest Income Non Operating": 16000000.0,
        "Operating Income": 299000000.0,
        "Operating Expense": 232000000.0,
        "Depreciation Amortization Depletion Income Statement": 16000000.0,
        "Depreciation And Amortization In Income Statement": 16000000.0,
        "Amortization": 16000000.0,
        "Amortization Of Intangibles Income Statement": 16000000.0,
        "Selling General And Administration": 216000000.0,
        "Gross Profit": 531000000.0,
        "Cost Of Revenue": 6014000000.0,
        "Total Revenue": 6545000000.0,
        "Operating Revenue": 6545000000.0
    },
    "2024-12-31": {
        "Tax Effect Of Unusual Items": -180000.0,
        "Tax Rate For Calcs": 0.09,
        "Normalized EBITDA": 491000000.0,
        "Total Unusual Items": -2000000.0,
        "Total Unusual Items Excluding Goodwill": -2000000.0,
        "Net Income From Continuing Operation Net Minority Interest": 263000000.0,
        "Reconciled Depreciation": 144000000.0,
        "Reconciled Cost Of Revenue": 5835000000.0,
        "EBITDA": 489000000.0,
        "EBIT": 345000000.0,
        "Net Interest Income": -41000000.0,
        "Interest Expense": 57000000.0,
        "Interest Income": 16000000.0,
        "Normalized Income": 264820000.0,
        "Net Income From Continuing And Discontinued Operation": 263000000.0,
        "Total Expenses": 6220000000.0,
        "Total Operating Income As Reported": 334000000.0,
        "Diluted Average Shares": 394000000.0,
        "Basic Average Shares": 384327094.0,
        "Diluted EPS": 0.67,
        "Basic EPS": 0.684313,
        "Diluted NI Availto Com Stockholders": 263000000.0,
        "Net Income Common Stockholders": 263000000.0,
        "Net Income": 263000000.0,
        "Minority Interests": 0.0,
        "Net Income Including Noncontrolling Interests": 263000000.0,
        "Net Income Discontinuous Operations": 0.0,
        "Net Income Continuous Operations": 263000000.0,
        "Tax Provision": 25000000.0,
        "Pretax Income": 288000000.0,
        "Other Income Expense": -7000000.0,
        "Other Non Operating Income Expenses": -5000000.0,
        "Special Income Charges": -2000000.0,
        "Restructuring And Mergern Acquisition": 2000000.0,
        "Net Non Operating Interest Income Expense": -41000000.0,
        "Total Other Finance Cost": NaN,
        "Interest Expense Non Operating": 57000000.0,
        "Interest Income Non Operating": 16000000.0,
        "Operating Income": 336000000.0,
        "Operating Expense": 258000000.0,
        "Depreciation Amortization Depletion Income Statement": 17000000.0,
        "Depreciation And Amortization In Income Statement": 17000000.0,
        "Amortization": 17000000.0,
        "Amortization Of Intangibles Income Statement": 17000000.0,
        "Selling General And Administration": 241000000.0,
        "Gross Profit": 594000000.0,
        "Cost Of Revenue": 5962000000.0,
        "Total Revenue": 6556000000.0,
        "Operating Revenue": 6556000000.0
    },
    "2025-03-31": {
        "Tax Effect Of Unusual Items": -612903.225806,
        "Tax Rate For Calcs": 0.204301,
        "Normalized EBITDA": 472000000.0,
        "Total Unusual Items": -3000000.0,
        "Total Unusual Items Excluding Goodwill": -3000000.0,
        "Net Income From Continuing Operation Net Minority Interest": 222000000.0,
        "Reconciled Depreciation": 138000000.0,
        "Reconciled Cost Of Revenue": 5718000000.0,
        "EBITDA": 469000000.0,
        "EBIT": 331000000.0,
        "Net Interest Income": -39000000.0,
        "Interest Expense": 52000000.0,
        "Interest Income": 13000000.0,
        "Normalized Income": 224387096.774194,
        "Net Income From Continuing And Discontinued Operation": 222000000.0,
        "Total Expenses": 6090000000.0,
        "Total Operating Income As Reported": 305000000.0,
        "Diluted Average Shares": 389000000.0,
        "Basic Average Shares": 377817433.0,
        "Diluted EPS": 0.57,
        "Basic EPS": 0.587585,
        "Diluted NI Availto Com Stockholders": 222000000.0,
        "Net Income Common Stockholders": 222000000.0,
        "Net Income": 222000000.0,
        "Minority Interests": 0.0,
        "Net Income Including Noncontrolling Interests": 222000000.0,
        "Net Income Discontinuous Operations": 0.0,
        "Net Income Continuous Operations": 222000000.0,
        "Tax Provision": 57000000.0,
        "Pretax Income": 279000000.0,
        "Other Income Expense": 10000000.0,
        "Other Non Operating Income Expenses": 16000000.0,
        "Special Income Charges": -3000000.0,
        "Restructuring And Mergern Acquisition": 3000000.0,
        "Net Non Operating Interest Income Expense": -39000000.0,
        "Total Other Finance Cost": NaN,
        "Interest Expense Non Operating": 52000000.0,
        "Interest Income Non Operating": 13000000.0,
        "Operating Income": 308000000.0,
        "Operating Expense": 255000000.0,
        "Depreciation Amortization Depletion Income Statement": 21000000.0,
        "Depreciation And Amortization In Income Statement": 21000000.0,
        "Amortization": 21000000.0,
        "Amortization Of Intangibles Income Statement": 21000000.0,
        "Selling General And Administration": 234000000.0,
        "Gross Profit": 563000000.0,
        "Cost Of Revenue": 5835000000.0,
        "Total Revenue": 6398000000.0,
        "Operating Revenue": 6398000000.0
    }
}