{
    "2023-03-31": {
        "Tax Effect Of Unusual Items": NaN,
        "Tax Rate For Calcs": NaN,
        "Normalized EBITDA": NaN,
        "Total Unusual Items": NaN,
        "Total Unusual Items Excluding Goodwill": NaN,
        "Net Income From Continuing Operation Net Minority Interest": NaN,
        "Reconciled Depreciation": NaN,
        "Reconciled Cost Of Revenue": NaN,
        "EBITDA": NaN,
        "EBIT": NaN,
        "Net Interest Income": NaN,
        "Interest Expense": 23000.0,
        "Normalized Income": NaN,
        "Net Income From Continuing And Discontinued Operation": NaN,
        "Total Expenses": NaN,
        "Rent Expense Supplemental": NaN,
        "Total Operating Income As Reported": NaN,
        "Diluted Average Shares": 6643400.0,
        "Basic Average Shares": 6643400.0,
        "Diluted EPS": -0.6,
        "Basic EPS": -0.6,
        "Diluted NI Availto Com Stockholders": NaN,
        "Net Income Common Stockholders": NaN,
        "Net Income": NaN,
        "Minority Interests": NaN,
        "Net Income Including Noncontrolling Interests": NaN,
        "Net Income Discontinuous Operations": NaN,
        "Net Income Continuous Operations": NaN,
        "Tax Provision": NaN,
        "Pretax Income": NaN,
        "Other Income Expense": NaN,
        "Special Income Charges": NaN,
        "Write Off": NaN,
        "Gain On Sale Of Security": NaN,
        "Net Non Operating Interest Income Expense": NaN,
        "Total Other Finance Cost": NaN,
        "Interest Expense Non Operating": 23000.0,
        "Operating Income": NaN,
        "Operating Expense": NaN,
        "Other Operating Expenses": NaN,
        "Depreciation Amortization Depletion Income Statement": NaN,
        "Depreciation And Amortization In Income Statement": NaN,
        "Research And Development": NaN,
        "Selling General And Administration": NaN,
        "Selling And Marketing Expense": NaN,
        "General And Administrative Expense": NaN,
        "Other Gand A": NaN,
        "Rent And Landing Fees": NaN,
        "Salaries And Wages": NaN,
        "Gross Profit": NaN,
        "Cost Of Revenue": NaN,
        "Total Revenue": NaN,
        "Operating Revenue": NaN
    },
    "2022-12-31": {
        "Tax Effect Of Unusual Items": NaN,
        "Tax Rate For Calcs": NaN,
        "Normalized EBITDA": NaN,
        "Total Unusual Items": NaN,
        "Total Unusual Items Excluding Goodwill": NaN,
        "Net Income From Continuing Operation Net Minority Interest": NaN,
        "Reconciled Depreciation": NaN,
        "Reconciled Cost Of Revenue": NaN,
        "EBITDA": NaN,
        "EBIT": NaN,
        "Net Interest Income": NaN,
        "Interest Expense": NaN,
        "Normalized Income": NaN,
        "Net Income From Continuing And Discontinued Operation": NaN,
        "Total Expenses": NaN,
        "Rent Expense Supplemental": NaN,
        "Total Operating Income As Reported": NaN,
        "Diluted Average Shares": NaN,
        "Basic Average Shares": NaN,
        "Diluted EPS": NaN,
        "Basic EPS": NaN,
        "Diluted NI Availto Com Stockholders": NaN,
        "Net Income Common Stockholders": NaN,
        "Net Income": NaN,
        "Minority Interests": NaN,
        "Net Income Including Noncontrolling Interests": NaN,
        "Net Income Discontinuous Operations": NaN,
        "Net Income Continuous Operations": NaN,
        "Tax Provision": NaN,
        "Pretax Income": NaN,
        "Other Income Expense": NaN,
        "Special Income Charges": NaN,
        "Write Off": NaN,
        "Impairment Of Capital Assets": 9452000.0,
        "Gain On Sale Of Security": NaN,
        "Net Non Operating Interest Income Expense": NaN,
        "Total Other Finance Cost": NaN,
        "Interest Expense Non Operating": NaN,
        "Operating Income": NaN,
        "Operating Expense": NaN,
        "Other Operating Expenses": NaN,
        "Depreciation Amortization Depletion Income Statement": NaN,
        "Depreciation And Amortization In Income Statement": NaN,
        "Research And Development": NaN,
        "Selling General And Administration": NaN,
        "Selling And Marketing Expense": NaN,
        "General And Administrative Expense": NaN,
        "Other Gand A": NaN,
        "Rent And Landing Fees": NaN,
        "Salaries And Wages": NaN,
        "Gross Profit": NaN,
        "Cost Of Revenue": NaN,
        "Total Revenue": NaN,
        "Operating Revenue": NaN
    },
    "2022-09-30": {
        "Tax Effect Of Unusual Items": NaN,
        "Tax Rate For Calcs": NaN,
        "Normalized EBITDA": NaN,
        "Total Unusual Items": NaN,
        "Total Unusual Items Excluding Goodwill": NaN,
        "Net Income From Continuing Operation Net Minority Interest": NaN,
        "Reconciled Depreciation": NaN,
        "Reconciled Cost Of Revenue": NaN,
        "EBITDA": NaN,
        "EBIT": NaN,
        "Net Interest Income": NaN,
        "Interest Expense": NaN,
        "Interest Income": 5000.0,
        "Normalized Income": NaN,
        "Net Income From Continuing And Discontinued Operation": NaN,
        "Total Expenses": NaN,
        "Rent Expense Supplemental": NaN,
        "Total Operating Income As Reported": NaN,
        "Diluted Average Shares": 3831000.0,
        "Basic Average Shares": 3831000.0,
        "Diluted EPS": -1.93,
        "Basic EPS": -1.93,
        "Diluted NI Availto Com Stockholders": NaN,
        "Net Income Common Stockholders": NaN,
        "Net Income": NaN,
        "Minority Interests": NaN,
        "Net Income Including Noncontrolling Interests": NaN,
        "Net Income Discontinuous Operations": NaN,
        "Net Income Continuous Operations": NaN,
        "Tax Provision": NaN,
        "Pretax Income": NaN,
        "Other Income Expense": NaN,
        "Special Income Charges": NaN,
        "Write Off": NaN,
        "Impairment Of Capital Assets": 0.0,
        "Gain On Sale Of Security": NaN,
        "Net Non Operating Interest Income Expense": NaN,
        "Interest Expense Non Operating": NaN,
        "Interest Income Non Operating": 5000.0,
        "Operating Income": NaN,
        "Operating Expense": NaN,
        "Other Operating Expenses": NaN,
        "Depreciation Amortization Depletion Income Statement": NaN,
        "Depreciation And Amortization In Income Statement": NaN,
        "Research And Development": NaN,
        "Selling General And Administration": NaN,
        "Selling And Marketing Expense": NaN,
        "General And Administrative Expense": NaN,
        "Other Gand A": NaN,
        "Rent And Landing Fees": NaN,
        "Salaries And Wages": NaN,
        "Gross Profit": NaN,
        "Cost Of Revenue": NaN,
        "Total Revenue": NaN,
        "Operating Revenue": NaN
    },
    "2022-06-30": {
        "Tax Effect Of Unusual Items": 0.0,
        "Tax Rate For Calcs": 0.0,
        "Normalized EBITDA": -5780000.0,
        "Total Unusual Items": -17948000.0,
        "Total Unusual Items Excluding Goodwill": -17948000.0,
        "Net Income From Continuing Operation Net Minority Interest": -25045000.0,
        "Reconciled Depreciation": 1258000.0,
        "Reconciled Cost Of Revenue": 6095000.0,
        "EBITDA": -23728000.0,
        "EBIT": -24986000.0,
        "Net Interest Income": -90000.0,
        "Interest Expense": NaN,
        "Interest Income": 12000.0,
        "Normalized Income": -7097000.0,
        "Net Income From Continuing And Discontinued Operation": -25045000.0,
        "Total Expenses": 17019000.0,
        "Rent Expense Supplemental": 136000.0,
        "Total Operating Income As Reported": -23452000.0,
        "Diluted Average Shares": 3836000.0,
        "Basic Average Shares": 3836000.0,
        "Diluted EPS": -6.42,
        "Basic EPS": -6.42,
        "Diluted NI Availto Com Stockholders": -25045000.0,
        "Net Income Common Stockholders": -25045000.0,
        "Net Income": -25045000.0,
        "Minority Interests": 41000.0,
        "Net Income Including Noncontrolling Interests": -25086000.0,
        "Net Income Discontinuous Operations": -1579000.0,
        "Net Income Continuous Operations": -25086000.0,
        "Tax Provision": 0.0,
        "Pretax Income": -25086000.0,
        "Other Income Expense": -17948000.0,
        "Special Income Charges": -16404000.0,
        "Write Off": 404000.0,
        "Impairment Of Capital Assets": NaN,
        "Gain On Sale Of Security": -1544000.0,
        "Net Non Operating Interest Income Expense": -90000.0,
        "Interest Expense Non Operating": NaN,
        "Interest Income Non Operating": 12000.0,
        "Operating Income": -7048000.0,
        "Operating Expense": 10924000.0,
        "Other Operating Expenses": 1009000.0,
        "Depreciation Amortization Depletion Income Statement": 1258000.0,
        "Depreciation And Amortization In Income Statement": 1258000.0,
        "Research And Development": 212000.0,
        "Selling General And Administration": 8445000.0,
        "Selling And Marketing Expense": 2170000.0,
        "General And Administrative Expense": 6275000.0,
        "Other Gand A": 5153000.0,
        "Rent And Landing Fees": 136000.0,
        "Salaries And Wages": 1329000.0,
        "Gross Profit": 3876000.0,
        "Cost Of Revenue": 6095000.0,
        "Total Revenue": 9971000.0,
        "Operating Revenue": 9971000.0
    },
    "2022-03-31": {
        "Diluted EPS": -2.2,
        "Total Revenue": 5,
        "Gross Profit": 3,
        "Operating Income": -8,
        "EBIT": -7,
        "Net Income": -8
    },
    "2021-09-30": {
        "Diluted EPS": -1.6,
        "Total Revenue": 2,
        "Gross Profit": 1,
        "Operating Income": -4,
        "EBIT": -4,
        "Net Income": -4
    },
    "2021-06-30": {
        "Diluted EPS": -1.4,
        "Total Revenue": 1,
        "Gross Profit": 0,
        "Operating Income": -3,
        "EBIT": -3,
        "Net Income": -3
    },
    "2020-12-31": {
        "Diluted EPS": 0.0,
        "Total Revenue": NaN,
        "Gross Profit": NaN,
        "Operating Income": NaN,
        "EBIT": NaN,
        "Net Income": NaN
    },
    "2020-06-30": {
        "Diluted EPS": -1.2,
        "Total Revenue": NaN,
        "Gross Profit": NaN,
        "Operating Income": -2,
        "EBIT": -2,
        "Net Income": -2
    },
    "2019-12-31": {
        "Diluted EPS": 0.0,
        "Total Revenue": NaN,
        "Gross Profit": NaN,
        "Operating Income": NaN,
        "EBIT": NaN,
        "Net Income": NaN
    },
    "2023-06-30": {
        "Tax Effect Of Unusual Items": NaN,
        "Tax Rate For Calcs": NaN,
        "Normalized EBITDA": NaN,
        "Total Unusual Items": NaN,
        "Total Unusual Items Excluding Goodwill": NaN,
        "Net Income From Continuing Operation Net Minority Interest": NaN,
        "Reconciled Depreciation": NaN,
        "Reconciled Cost Of Revenue": NaN,
        "EBITDA": NaN,
        "EBIT": NaN,
        "Net Interest Income": NaN,
        "Interest Expense": NaN,
        "Normalized Income": NaN,
        "Net Income From Continuing And Discontinued Operation": NaN,
        "Total Expenses": NaN,
        "Rent Expense Supplemental": NaN,
        "Total Operating Income As Reported": NaN,
        "Diluted Average Shares": 6726000.0,
        "Basic Average Shares": 6726000.0,
        "Diluted EPS": -6.58,
        "Basic EPS": -6.58,
        "Diluted NI Availto Com Stockholders": NaN,
        "Net Income Common Stockholders": NaN,
        "Net Income": NaN,
        "Minority Interests": NaN,
        "Net Income Including Noncontrolling Interests": NaN,
        "Net Income Discontinuous Operations": NaN,
        "Net Income Continuous Operations": NaN,
        "Tax Provision": NaN,
        "Pretax Income": NaN,
        "Other Income Expense": NaN,
        "Special Income Charges": NaN,
        "Write Off": NaN,
        "Gain On Sale Of Security": NaN,
        "Net Non Operating Interest Income Expense": NaN,
        "Total Other Finance Cost": 28000.0,
        "Interest Expense Non Operating": NaN,
        "Operating Income": NaN,
        "Operating Expense": NaN,
        "Other Operating Expenses": NaN,
        "Depreciation Amortization Depletion Income Statement": NaN,
        "Depreciation And Amortization In Income Statement": NaN,
        "Research And Development": NaN,
        "Selling General And Administration": NaN,
        "Selling And Marketing Expense": NaN,
        "General And Administrative Expense": NaN,
        "Other Gand A": NaN,
        "Rent And Landing Fees": NaN,
        "Salaries And Wages": NaN,
        "Gross Profit": NaN,
        "Cost Of Revenue": NaN,
        "Total Revenue": NaN,
        "Operating Revenue": NaN
    },
    "2023-09-30": {
        "Tax Effect Of Unusual Items": NaN,
        "Tax Rate For Calcs": NaN,
        "Normalized EBITDA": NaN,
        "Total Unusual Items": NaN,
        "Total Unusual Items Excluding Goodwill": NaN,
        "Net Income From Continuing Operation Net Minority Interest": NaN,
        "Reconciled Depreciation": NaN,
        "Reconciled Cost Of Revenue": NaN,
        "EBITDA": NaN,
        "EBIT": NaN,
        "Net Interest Income": NaN,
        "Interest Expense": 16000.0,
        "Normalized Income": NaN,
        "Net Income From Continuing And Discontinued Operation": NaN,
        "Total Expenses": NaN,
        "Rent Expense Supplemental": NaN,
        "Total Operating Income As Reported": NaN,
        "Diluted Average Shares": 7637000.0,
        "Basic Average Shares": 6940000.0,
        "Diluted EPS": 0.16,
        "Basic EPS": 0.18,
        "Diluted NI Availto Com Stockholders": NaN,
        "Net Income Common Stockholders": NaN,
        "Net Income": NaN,
        "Minority Interests": NaN,
        "Net Income Including Noncontrolling Interests": NaN,
        "Net Income Discontinuous Operations": NaN,
        "Net Income Continuous Operations": NaN,
        "Tax Provision": NaN,
        "Pretax Income": NaN,
        "Other Income Expense": NaN,
        "Special Income Charges": NaN,
        "Write Off": NaN,
        "Gain On Sale Of Security": NaN,
        "Net Non Operating Interest Income Expense": NaN,
        "Total Other Finance Cost": NaN,
        "Interest Expense Non Operating": 16000.0,
        "Operating Income": NaN,
        "Operating Expense": NaN,
        "Other Operating Expenses": NaN,
        "Depreciation Amortization Depletion Income Statement": NaN,
        "Depreciation And Amortization In Income Statement": NaN,
        "Research And Development": NaN,
        "Selling General And Administration": NaN,
        "Selling And Marketing Expense": NaN,
        "General And Administrative Expense": NaN,
        "Other Gand A": NaN,
        "Rent And Landing Fees": NaN,
        "Salaries And Wages": NaN,
        "Gross Profit": NaN,
        "Cost Of Revenue": NaN,
        "Total Revenue": NaN,
        "Operating Revenue": NaN
    },
    "2023-12-31": {
        "Tax Effect Of Unusual Items": -246974.540123,
        "Tax Rate For Calcs": 0.050786,
        "Normalized EBITDA": -2322000.0,
        "Total Unusual Items": -4863000.0,
        "Total Unusual Items Excluding Goodwill": -4863000.0,
        "Net Income From Continuing Operation Net Minority Interest": -8220000.0,
        "Reconciled Depreciation": 292000.0,
        "Reconciled Cost Of Revenue": 14485000.0,
        "EBITDA": -7185000.0,
        "EBIT": -7477000.0,
        "Net Interest Income": -25000.0,
        "Interest Expense": 25000.0,
        "Normalized Income": -3603974.540123,
        "Net Income From Continuing And Discontinued Operation": -10107000.0,
        "Total Expenses": 20589000.0,
        "Rent Expense Supplemental": 301000.0,
        "Total Operating Income As Reported": -7383000.0,
        "Diluted Average Shares": NaN,
        "Basic Average Shares": NaN,
        "Diluted EPS": NaN,
        "Basic EPS": NaN,
        "Diluted NI Availto Com Stockholders": -10107000.0,
        "Net Income Common Stockholders": -10107000.0,
        "Net Income": -10107000.0,
        "Minority Interests": -1099000.0,
        "Net Income Including Noncontrolling Interests": -9008000.0,
        "Net Income Discontinuous Operations": -1887000.0,
        "Net Income Continuous Operations": -7121000.0,
        "Tax Provision": -381000.0,
        "Pretax Income": -7502000.0,
        "Other Income Expense": -4863000.0,
        "Special Income Charges": -4769000.0,
        "Write Off": -18603000.0,
        "Gain On Sale Of Security": -94000.0,
        "Net Non Operating Interest Income Expense": -25000.0,
        "Total Other Finance Cost": NaN,
        "Interest Expense Non Operating": 25000.0,
        "Operating Income": -2614000.0,
        "Operating Expense": 6104000.0,
        "Other Operating Expenses": 206000.0,
        "Depreciation Amortization Depletion Income Statement": 292000.0,
        "Depreciation And Amortization In Income Statement": 292000.0,
        "Research And Development": 25000.0,
        "Selling General And Administration": 5581000.0,
        "Selling And Marketing Expense": 997000.0,
        "General And Administrative Expense": 4584000.0,
        "Other Gand A": 3688000.0,
        "Rent And Landing Fees": 301000.0,
        "Salaries And Wages": 595000.0,
        "Gross Profit": 3490000.0,
        "Cost Of Revenue": 14485000.0,
        "Total Revenue": 17975000.0,
        "Operating Revenue": 17975000.0
    },
    "2024-03-31": {
        "Tax Effect Of Unusual Items": -252600.0,
        "Tax Rate For Calcs": 0.15,
        "Normalized EBITDA": -1466000.0,
        "Total Unusual Items": -1684000.0,
        "Total Unusual Items Excluding Goodwill": -1684000.0,
        "Net Income From Continuing Operation Net Minority Interest": -3374000.0,
        "Reconciled Depreciation": 74000.0,
        "Reconciled Cost Of Revenue": 14177000.0,
        "EBITDA": -3150000.0,
        "EBIT": -3224000.0,
        "Net Interest Income": -22000.0,
        "Interest Expense": 22000.0,
        "Normalized Income": -1942600.0,
        "Net Income From Continuing And Discontinued Operation": -3374000.0,
        "Total Expenses": 19571000.0,
        "Rent Expense Supplemental": 165000.0,
        "Total Operating Income As Reported": -2485000.0,
        "Diluted Average Shares": 8916000.0,
        "Basic Average Shares": 8916000.0,
        "Diluted EPS": -0.38,
        "Basic EPS": -0.38,
        "Diluted NI Availto Com Stockholders": -3374000.0,
        "Net Income Common Stockholders": -3374000.0,
        "Net Income": -3374000.0,
        "Minority Interests": 0.0,
        "Net Income Including Noncontrolling Interests": -3374000.0,
        "Net Income Discontinuous Operations": 0.0,
        "Net Income Continuous Operations": -3374000.0,
        "Tax Provision": 128000.0,
        "Pretax Income": -3246000.0,
        "Other Income Expense": -1684000.0,
        "Special Income Charges": -945000.0,
        "Write Off": 945000.0,
        "Gain On Sale Of Security": -739000.0,
        "Net Non Operating Interest Income Expense": -22000.0,
        "Total Other Finance Cost": NaN,
        "Interest Expense Non Operating": 22000.0,
        "Operating Income": -1540000.0,
        "Operating Expense": 5394000.0,
        "Other Operating Expenses": 797000.0,
        "Depreciation Amortization Depletion Income Statement": 74000.0,
        "Depreciation And Amortization In Income Statement": 74000.0,
        "Research And Development": 47000.0,
        "Selling General And Administration": 4476000.0,
        "Selling And Marketing Expense": 1104000.0,
        "General And Administrative Expense": 3372000.0,
        "Other Gand A": 3197000.0,
        "Rent And Landing Fees": 165000.0,
        "Salaries And Wages": 10000.0,
        "Gross Profit": 3854000.0,
        "Cost Of Revenue": 14177000.0,
        "Total Revenue": 18031000.0,
        "Operating Revenue": 18031000.0
    },
    "2024-06-30": {
        "Tax Effect Of Unusual Items": 6357.0,
        "Tax Rate For Calcs": 0.013,
        "Normalized EBITDA": -3438000.0,
        "Total Unusual Items": 489000.0,
        "Total Unusual Items Excluding Goodwill": 489000.0,
        "Net Income From Continuing Operation Net Minority Interest": -2630000.0,
        "Reconciled Depreciation": 257000.0,
        "Reconciled Cost Of Revenue": 12516000.0,
        "EBITDA": -2949000.0,
        "EBIT": -3206000.0,
        "Net Interest Income": 25000.0,
        "Interest Expense": NaN,
        "Normalized Income": -3112643.0,
        "Net Income From Continuing And Discontinued Operation": -2630000.0,
        "Total Expenses": 18889000.0,
        "Rent Expense Supplemental": 199000.0,
        "Total Operating Income As Reported": -3538000.0,
        "Diluted Average Shares": 12278000.0,
        "Basic Average Shares": 12278000.0,
        "Diluted EPS": -0.21,
        "Basic EPS": -0.21,
        "Diluted NI Availto Com Stockholders": -2630000.0,
        "Net Income Common Stockholders": -2630000.0,
        "Net Income": -2630000.0,
        "Minority Interests": 27000.0,
        "Net Income Including Noncontrolling Interests": -2657000.0,
        "Net Income Discontinuous Operations": 0.0,
        "Net Income Continuous Operations": -2657000.0,
        "Tax Provision": -35000.0,
        "Pretax Income": -2692000.0,
        "Other Income Expense": 489000.0,
        "Special Income Charges": -332000.0,
        "Write Off": 332000.0,
        "Gain On Sale Of Security": 821000.0,
        "Net Non Operating Interest Income Expense": 25000.0,
        "Total Other Finance Cost": -25000.0,
        "Interest Expense Non Operating": NaN,
        "Operating Income": -3206000.0,
        "Operating Expense": 6373000.0,
        "Other Operating Expenses": 636000.0,
        "Depreciation Amortization Depletion Income Statement": 257000.0,
        "Depreciation And Amortization In Income Statement": 257000.0,
        "Research And Development": 62000.0,
        "Selling General And Administration": 5418000.0,
        "Selling And Marketing Expense": 1125000.0,
        "General And Administrative Expense": 4293000.0,
        "Other Gand A": 4082000.0,
        "Rent And Landing Fees": 199000.0,
        "Salaries And Wages": 12000.0,
        "Gross Profit": 3167000.0,
        "Cost Of Revenue": 12516000.0,
        "Total Revenue": 15683000.0,
        "Operating Revenue": 15683000.0
    },
    "2024-09-30": {
        "Tax Effect Of Unusual Items": -28200.0,
        "Tax Rate For Calcs": 0.04,
        "Normalized EBITDA": -3006000.0,
        "Total Unusual Items": -705000.0,
        "Total Unusual Items Excluding Goodwill": -705000.0,
        "Net Income From Continuing Operation Net Minority Interest": -3773000.0,
        "Reconciled Depreciation": 226000.0,
        "Reconciled Cost Of Revenue": 9626000.0,
        "EBITDA": -3711000.0,
        "EBIT": -3937000.0,
        "Net Interest Income": -27000.0,
        "Interest Expense": 27000.0,
        "Normalized Income": -3096200.0,
        "Net Income From Continuing And Discontinued Operation": -3773000.0,
        "Total Expenses": 15697000.0,
        "Rent Expense Supplemental": 178000.0,
        "Total Operating Income As Reported": -3692000.0,
        "Diluted Average Shares": 13353000.0,
        "Basic Average Shares": 13353000.0,
        "Diluted EPS": -0.28,
        "Basic EPS": -0.28,
        "Diluted NI Availto Com Stockholders": -3773000.0,
        "Net Income Common Stockholders": -3773000.0,
        "Net Income": -3773000.0,
        "Minority Interests": 27000.0,
        "Net Income Including Noncontrolling Interests": -3800000.0,
        "Net Income Discontinuous Operations": 0.0,
        "Net Income Continuous Operations": -3800000.0,
        "Tax Provision": -164000.0,
        "Pretax Income": -3964000.0,
        "Other Income Expense": -705000.0,
        "Special Income Charges": -460000.0,
        "Write Off": 460000.0,
        "Gain On Sale Of Security": -245000.0,
        "Net Non Operating Interest Income Expense": -27000.0,
        "Total Other Finance Cost": NaN,
        "Interest Expense Non Operating": 27000.0,
        "Operating Income": -3232000.0,
        "Operating Expense": 6071000.0,
        "Other Operating Expenses": 392000.0,
        "Depreciation Amortization Depletion Income Statement": 226000.0,
        "Depreciation And Amortization In Income Statement": 226000.0,
        "Research And Development": 118000.0,
        "Selling General And Administration": 5335000.0,
        "Selling And Marketing Expense": 1206000.0,
        "General And Administrative Expense": 4129000.0,
        "Other Gand A": 3545000.0,
        "Rent And Landing Fees": 178000.0,
        "Salaries And Wages": 406000.0,
        "Gross Profit": 2839000.0,
        "Cost Of Revenue": 9626000.0,
        "Total Revenue": 12465000.0,
        "Operating Revenue": 12465000.0
    },
    "2024-12-31": {
        "Tax Effect Of Unusual Items": -16700.744096,
        "Tax Rate For Calcs": 0.017147,
        "Normalized EBITDA": -4808000.0,
        "Total Unusual Items": -974000.0,
        "Total Unusual Items Excluding Goodwill": -974000.0,
        "Net Income From Continuing Operation Net Minority Interest": -6130000.0,
        "Reconciled Depreciation": 211000.0,
        "Reconciled Cost Of Revenue": 10689000.0,
        "EBITDA": -5782000.0,
        "EBIT": -5993000.0,
        "Net Interest Income": -189000.0,
        "Interest Expense": 189000.0,
        "Normalized Income": -5172700.744096,
        "Net Income From Continuing And Discontinued Operation": -6130000.0,
        "Total Expenses": 18345000.0,
        "Rent Expense Supplemental": 176000.0,
        "Total Operating Income As Reported": -5930000.0,
        "Diluted Average Shares": NaN,
        "Basic Average Shares": NaN,
        "Diluted EPS": NaN,
        "Basic EPS": NaN,
        "Diluted NI Availto Com Stockholders": -6130000.0,
        "Net Income Common Stockholders": -6130000.0,
        "Net Income": -6130000.0,
        "Minority Interests": -54000.0,
        "Net Income Including Noncontrolling Interests": -6076000.0,
        "Net Income Discontinuous Operations": 0.0,
        "Net Income Continuous Operations": -6076000.0,
        "Tax Provision": -106000.0,
        "Pretax Income": -6182000.0,
        "Other Income Expense": -974000.0,
        "Special Income Charges": -911000.0,
        "Write Off": 675000.0,
        "Gain On Sale Of Security": -63000.0,
        "Net Non Operating Interest Income Expense": -189000.0,
        "Total Other Finance Cost": NaN,
        "Interest Expense Non Operating": 189000.0,
        "Operating Income": -5019000.0,
        "Operating Expense": 7656000.0,
        "Other Operating Expenses": -595000.0,
        "Depreciation Amortization Depletion Income Statement": 211000.0,
        "Depreciation And Amortization In Income Statement": 211000.0,
        "Research And Development": 191000.0,
        "Selling General And Administration": 7849000.0,
        "Selling And Marketing Expense": 1863000.0,
        "General And Administrative Expense": 5986000.0,
        "Other Gand A": 3459000.0,
        "Rent And Landing Fees": 176000.0,
        "Salaries And Wages": 2351000.0,
        "Gross Profit": 2637000.0,
        "Cost Of Revenue": 10689000.0,
        "Total Revenue": 13326000.0,
        "Operating Revenue": 13326000.0
    }
}