{
    "2023-03-31": {
        "Tax Effect Of Unusual Items": NaN,
        "Tax Rate For Calcs": NaN,
        "Normalized EBITDA": NaN,
        "Total Unusual Items": NaN,
        "Total Unusual Items Excluding Goodwill": NaN,
        "Net Income From Continuing Operation Net Minority Interest": NaN,
        "Reconciled Depreciation": NaN,
        "Reconciled Cost Of Revenue": NaN,
        "EBITDA": NaN,
        "EBIT": NaN,
        "Net Interest Income": NaN,
        "Interest Income": NaN,
        "Normalized Income": NaN,
        "Net Income From Continuing And Discontinued Operation": NaN,
        "Total Expenses": NaN,
        "Total Operating Income As Reported": NaN,
        "Diluted Average Shares": 29536000.0,
        "Basic Average Shares": 29536000.0,
        "Diluted EPS": -0.52,
        "Basic EPS": -0.52,
        "Diluted NI Availto Com Stockholders": NaN,
        "Net Income Common Stockholders": NaN,
        "Net Income": NaN,
        "Minority Interests": NaN,
        "Net Income Including Noncontrolling Interests": NaN,
        "Net Income Continuous Operations": NaN,
        "Tax Provision": NaN,
        "Pretax Income": NaN,
        "Special Income Charges": NaN,
        "Restructuring And Mergern Acquisition": NaN,
        "Net Non Operating Interest Income Expense": NaN,
        "Interest Income Non Operating": NaN,
        "Operating Income": NaN,
        "Operating Expense": NaN,
        "Depreciation Amortization Depletion Income Statement": NaN,
        "Depreciation And Amortization In Income Statement": NaN,
        "Amortization": NaN,
        "Amortization Of Intangibles Income Statement": NaN,
        "Research And Development": NaN,
        "Selling General And Administration": NaN,
        "Selling And Marketing Expense": NaN,
        "General And Administrative Expense": NaN,
        "Other Gand A": NaN,
        "Gross Profit": NaN,
        "Cost Of Revenue": NaN,
        "Total Revenue": NaN,
        "Operating Revenue": NaN
    },
    "2022-12-31": {
        "Tax Effect Of Unusual Items": NaN,
        "Tax Rate For Calcs": NaN,
        "Normalized EBITDA": NaN,
        "Total Unusual Items": 26000.0,
        "Total Unusual Items Excluding Goodwill": 26000.0,
        "Net Income From Continuing Operation Net Minority Interest": NaN,
        "Reconciled Depreciation": NaN,
        "Reconciled Cost Of Revenue": NaN,
        "EBITDA": NaN,
        "EBIT": NaN,
        "Net Interest Income": NaN,
        "Interest Income": NaN,
        "Normalized Income": NaN,
        "Net Income From Continuing And Discontinued Operation": NaN,
        "Total Expenses": NaN,
        "Total Operating Income As Reported": NaN,
        "Diluted Average Shares": NaN,
        "Basic Average Shares": NaN,
        "Diluted EPS": NaN,
        "Basic EPS": NaN,
        "Diluted NI Availto Com Stockholders": NaN,
        "Net Income Common Stockholders": NaN,
        "Net Income": NaN,
        "Minority Interests": NaN,
        "Net Income Including Noncontrolling Interests": NaN,
        "Net Income Continuous Operations": NaN,
        "Earnings From Equity Interest Net Of Tax": 0.0,
        "Tax Provision": NaN,
        "Pretax Income": NaN,
        "Other Income Expense": 26000.0,
        "Special Income Charges": 26000.0,
        "Restructuring And Mergern Acquisition": -26000.0,
        "Net Non Operating Interest Income Expense": NaN,
        "Interest Income Non Operating": NaN,
        "Operating Income": NaN,
        "Operating Expense": NaN,
        "Depreciation Amortization Depletion Income Statement": NaN,
        "Depreciation And Amortization In Income Statement": NaN,
        "Amortization": NaN,
        "Amortization Of Intangibles Income Statement": NaN,
        "Research And Development": NaN,
        "Selling General And Administration": NaN,
        "Selling And Marketing Expense": NaN,
        "General And Administrative Expense": NaN,
        "Other Gand A": NaN,
        "Gross Profit": NaN,
        "Cost Of Revenue": NaN,
        "Total Revenue": NaN,
        "Operating Revenue": NaN
    },
    "2022-09-30": {
        "Tax Effect Of Unusual Items": NaN,
        "Tax Rate For Calcs": NaN,
        "Normalized EBITDA": NaN,
        "Total Unusual Items": -105000.0,
        "Total Unusual Items Excluding Goodwill": -105000.0,
        "Net Income From Continuing Operation Net Minority Interest": NaN,
        "Reconciled Depreciation": NaN,
        "Reconciled Cost Of Revenue": NaN,
        "EBITDA": NaN,
        "EBIT": NaN,
        "Net Interest Income": NaN,
        "Interest Income": NaN,
        "Normalized Income": NaN,
        "Net Income From Continuing And Discontinued Operation": NaN,
        "Total Expenses": NaN,
        "Total Operating Income As Reported": NaN,
        "Diluted Average Shares": NaN,
        "Basic Average Shares": NaN,
        "Diluted EPS": NaN,
        "Basic EPS": NaN,
        "Diluted NI Availto Com Stockholders": NaN,
        "Net Income Common Stockholders": NaN,
        "Net Income": NaN,
        "Minority Interests": NaN,
        "Net Income Including Noncontrolling Interests": NaN,
        "Net Income Continuous Operations": NaN,
        "Earnings From Equity Interest Net Of Tax": 0.0,
        "Tax Provision": NaN,
        "Pretax Income": NaN,
        "Other Income Expense": -105000.0,
        "Special Income Charges": -105000.0,
        "Restructuring And Mergern Acquisition": 105000.0,
        "Net Non Operating Interest Income Expense": NaN,
        "Interest Income Non Operating": NaN,
        "Operating Income": NaN,
        "Operating Expense": NaN,
        "Depreciation Amortization Depletion Income Statement": NaN,
        "Depreciation And Amortization In Income Statement": NaN,
        "Amortization": NaN,
        "Amortization Of Intangibles Income Statement": NaN,
        "Research And Development": NaN,
        "Selling General And Administration": NaN,
        "Selling And Marketing Expense": NaN,
        "General And Administrative Expense": NaN,
        "Other Gand A": NaN,
        "Gross Profit": NaN,
        "Cost Of Revenue": NaN,
        "Total Revenue": NaN,
        "Operating Revenue": NaN
    },
    "2022-06-30": {
        "Tax Effect Of Unusual Items": -550240.0,
        "Tax Rate For Calcs": 0.19,
        "Normalized EBITDA": 26931000.0,
        "Total Unusual Items": -2896000.0,
        "Total Unusual Items Excluding Goodwill": -2896000.0,
        "Net Income From Continuing Operation Net Minority Interest": 11537000.0,
        "Reconciled Depreciation": 8345000.0,
        "Reconciled Cost Of Revenue": 53295000.0,
        "EBITDA": 24035000.0,
        "EBIT": 15690000.0,
        "Net Interest Income": 958000.0,
        "Interest Income": 958000.0,
        "Normalized Income": 13882760.0,
        "Net Income From Continuing And Discontinued Operation": 11537000.0,
        "Total Expenses": 109651000.0,
        "Total Operating Income As Reported": 12794000.0,
        "Diluted Average Shares": 31189000.0,
        "Basic Average Shares": 30362000.0,
        "Diluted EPS": 0.37,
        "Basic EPS": 0.38,
        "Diluted NI Availto Com Stockholders": 11537000.0,
        "Net Income Common Stockholders": 11537000.0,
        "Net Income": 11537000.0,
        "Minority Interests": 438000.0,
        "Net Income Including Noncontrolling Interests": 11099000.0,
        "Net Income Continuous Operations": 11099000.0,
        "Earnings From Equity Interest Net Of Tax": 0.0,
        "Tax Provision": 2653000.0,
        "Pretax Income": 13752000.0,
        "Other Income Expense": -2896000.0,
        "Special Income Charges": -2896000.0,
        "Restructuring And Mergern Acquisition": 2896000.0,
        "Net Non Operating Interest Income Expense": 958000.0,
        "Interest Income Non Operating": 958000.0,
        "Operating Income": 15690000.0,
        "Operating Expense": 49586000.0,
        "Depreciation Amortization Depletion Income Statement": 1575000.0,
        "Depreciation And Amortization In Income Statement": 1575000.0,
        "Amortization": 1575000.0,
        "Amortization Of Intangibles Income Statement": 1575000.0,
        "Research And Development": 6905000.0,
        "Selling General And Administration": 41106000.0,
        "Selling And Marketing Expense": 10866000.0,
        "General And Administrative Expense": 30240000.0,
        "Other Gand A": 30240000.0,
        "Salaries And Wages": NaN,
        "Gross Profit": 65276000.0,
        "Cost Of Revenue": 60065000.0,
        "Total Revenue": 125341000.0,
        "Operating Revenue": 125341000.0
    },
    "2022-03-31": {
        "Diluted EPS": 4.93,
        "Total Revenue": 320,
        "Gross Profit": 243,
        "Operating Income": 202,
        "EBIT": 209,
        "Net Income": 154
    },
    "2021-12-31": {
        "Diluted EPS": 3.34,
        "Total Revenue": 252,
        "Gross Profit": 190,
        "Operating Income": 151,
        "EBIT": 156,
        "Net Income": 104
    },
    "2021-09-30": {
        "Diluted EPS": 3.93,
        "Total Revenue": 228,
        "Gross Profit": 184,
        "Operating Income": 159,
        "EBIT": 165,
        "Net Income": 123
    },
    "2021-06-30": {
        "Diluted EPS": 2.59,
        "Total Revenue": 154,
        "Gross Profit": 118,
        "Operating Income": 99,
        "EBIT": 103,
        "Net Income": 80
    },
    "2021-03-31": {
        "Diluted EPS": 6.52,
        "Total Revenue": 359,
        "Gross Profit": 285,
        "Operating Income": 267,
        "EBIT": 270,
        "Net Income": 201
    },
    "2020-12-31": {
        "Diluted EPS": 6.88,
        "Total Revenue": 295,
        "Gross Profit": 243,
        "Operating Income": 226,
        "EBIT": 228,
        "Net Income": 166
    },
    "2020-09-30": {
        "Diluted EPS": 1.98,
        "Total Revenue": 102,
        "Gross Profit": 75,
        "Operating Income": 64,
        "EBIT": 64,
        "Net Income": 47
    },
    "2020-06-30": {
        "Diluted EPS": 0.14,
        "Total Revenue": 17,
        "Gross Profit": 10,
        "Operating Income": 3,
        "EBIT": 3,
        "Net Income": 3
    },
    "2020-03-31": {
        "Diluted EPS": -0.09,
        "Total Revenue": 8,
        "Gross Profit": 4,
        "Operating Income": -2,
        "EBIT": -1,
        "Net Income": -2
    },
    "2019-12-31": {
        "Diluted EPS": -0.02,
        "Total Revenue": 8,
        "Gross Profit": 5,
        "Operating Income": 0,
        "EBIT": 0,
        "Net Income": 0
    },
    "2019-09-30": {
        "Diluted EPS": 0.08,
        "Total Revenue": 10,
        "Gross Profit": 6,
        "Operating Income": 2,
        "EBIT": 2,
        "Net Income": 1
    },
    "2019-06-30": {
        "Diluted EPS": 0.02,
        "Total Revenue": 8,
        "Gross Profit": 5,
        "Operating Income": 0,
        "EBIT": 1,
        "Net Income": 0
    },
    "2019-03-31": {
        "Diluted EPS": -0.1,
        "Total Revenue": 5,
        "Gross Profit": 2,
        "Operating Income": -2,
        "EBIT": -1,
        "Net Income": -2
    },
    "2018-12-31": {
        "Diluted EPS": -0.11,
        "Total Revenue": 6,
        "Gross Profit": 3,
        "Operating Income": -1,
        "EBIT": 0,
        "Net Income": -2
    },
    "2018-09-30": {
        "Diluted EPS": -0.03,
        "Total Revenue": 6,
        "Gross Profit": 3,
        "Operating Income": -1,
        "EBIT": 0,
        "Net Income": -1
    },
    "2018-06-30": {
        "Diluted EPS": -0.06,
        "Total Revenue": 5,
        "Gross Profit": 3,
        "Operating Income": -1,
        "EBIT": 0,
        "Net Income": -1
    },
    "2018-03-31": {
        "Diluted EPS": -0.11,
        "Total Revenue": 5,
        "Gross Profit": 2,
        "Operating Income": -2,
        "EBIT": -2,
        "Net Income": -2
    },
    "2017-12-31": {
        "Diluted EPS": -0.09,
        "Total Revenue": 4,
        "Gross Profit": 2,
        "Operating Income": -2,
        "EBIT": -2,
        "Net Income": -2
    },
    "2017-09-30": {
        "Diluted EPS": -0.06,
        "Total Revenue": 5,
        "Gross Profit": 2,
        "Operating Income": -1,
        "EBIT": -1,
        "Net Income": -1
    },
    "2017-06-30": {
        "Diluted EPS": 0.0,
        "Total Revenue": 5,
        "Gross Profit": 3,
        "Operating Income": 0,
        "EBIT": 0,
        "Net Income": 0
    },
    "2017-03-31": {
        "Diluted EPS": 0.01,
        "Total Revenue": 5,
        "Gross Profit": 3,
        "Operating Income": 0,
        "EBIT": 1,
        "Net Income": 0
    },
    "2016-12-31": {
        "Diluted EPS": 0.15,
        "Total Revenue": 6,
        "Gross Profit": 4,
        "Operating Income": 1,
        "EBIT": 2,
        "Net Income": 1
    },
    "2016-09-30": {
        "Diluted EPS": -0.44,
        "Total Revenue": 5,
        "Gross Profit": 3,
        "Operating Income": -1,
        "EBIT": 0,
        "Net Income": -1
    },
    "2016-06-30": {
        "Diluted EPS": -0.66,
        "Total Revenue": 4,
        "Gross Profit": 3,
        "Operating Income": 1,
        "EBIT": 1,
        "Net Income": -5
    },
    "2016-03-31": {
        "Diluted EPS": -0.05,
        "Total Revenue": 3,
        "Gross Profit": 2,
        "Operating Income": -1,
        "EBIT": 0,
        "Net Income": -1
    },
    "2015-12-31": {
        "Diluted EPS": 0.0,
        "Total Revenue": NaN,
        "Gross Profit": NaN,
        "Operating Income": NaN,
        "EBIT": NaN,
        "Net Income": NaN
    },
    "2015-09-30": {
        "Diluted EPS": 0.0,
        "Total Revenue": 3,
        "Gross Profit": 2,
        "Operating Income": 1,
        "EBIT": 1,
        "Net Income": 0
    },
    "2015-06-30": {
        "Diluted EPS": 0.0,
        "Total Revenue": NaN,
        "Gross Profit": NaN,
        "Operating Income": NaN,
        "EBIT": NaN,
        "Net Income": NaN
    },
    "2014-12-31": {
        "Diluted EPS": 0.0,
        "Total Revenue": NaN,
        "Gross Profit": NaN,
        "Operating Income": NaN,
        "EBIT": NaN,
        "Net Income": NaN
    },
    "2023-06-30": {
        "Tax Effect Of Unusual Items": NaN,
        "Tax Rate For Calcs": NaN,
        "Normalized EBITDA": NaN,
        "Total Unusual Items": 0.0,
        "Total Unusual Items Excluding Goodwill": 0.0,
        "Net Income From Continuing Operation Net Minority Interest": NaN,
        "Reconciled Depreciation": NaN,
        "Reconciled Cost Of Revenue": NaN,
        "EBITDA": NaN,
        "EBIT": NaN,
        "Net Interest Income": NaN,
        "Interest Expense": NaN,
        "Interest Income": NaN,
        "Normalized Income": NaN,
        "Net Income From Continuing And Discontinued Operation": NaN,
        "Total Expenses": NaN,
        "Total Operating Income As Reported": NaN,
        "Diluted Average Shares": NaN,
        "Basic Average Shares": NaN,
        "Diluted EPS": NaN,
        "Basic EPS": NaN,
        "Diluted NI Availto Com Stockholders": NaN,
        "Net Income Common Stockholders": NaN,
        "Net Income": NaN,
        "Minority Interests": NaN,
        "Net Income Including Noncontrolling Interests": NaN,
        "Net Income Continuous Operations": NaN,
        "Tax Provision": NaN,
        "Pretax Income": NaN,
        "Other Income Expense": NaN,
        "Other Non Operating Income Expenses": NaN,
        "Special Income Charges": 0.0,
        "Write Off": NaN,
        "Restructuring And Mergern Acquisition": 0.0,
        "Net Non Operating Interest Income Expense": NaN,
        "Interest Expense Non Operating": NaN,
        "Interest Income Non Operating": NaN,
        "Operating Income": NaN,
        "Operating Expense": NaN,
        "Depreciation Amortization Depletion Income Statement": NaN,
        "Depreciation And Amortization In Income Statement": NaN,
        "Amortization": NaN,
        "Amortization Of Intangibles Income Statement": NaN,
        "Research And Development": NaN,
        "Selling General And Administration": NaN,
        "Selling And Marketing Expense": NaN,
        "General And Administrative Expense": NaN,
        "Other Gand A": NaN,
        "Gross Profit": NaN,
        "Cost Of Revenue": NaN,
        "Total Revenue": NaN,
        "Operating Revenue": NaN
    },
    "2023-09-30": {
        "Tax Effect Of Unusual Items": NaN,
        "Tax Rate For Calcs": NaN,
        "Normalized EBITDA": NaN,
        "Total Unusual Items": 0.0,
        "Total Unusual Items Excluding Goodwill": 0.0,
        "Net Income From Continuing Operation Net Minority Interest": NaN,
        "Reconciled Depreciation": NaN,
        "Reconciled Cost Of Revenue": NaN,
        "EBITDA": NaN,
        "EBIT": NaN,
        "Net Interest Income": NaN,
        "Interest Expense": 70000.0,
        "Interest Income": NaN,
        "Normalized Income": NaN,
        "Net Income From Continuing And Discontinued Operation": NaN,
        "Total Expenses": NaN,
        "Total Operating Income As Reported": NaN,
        "Diluted Average Shares": NaN,
        "Basic Average Shares": NaN,
        "Diluted EPS": NaN,
        "Basic EPS": NaN,
        "Diluted NI Availto Com Stockholders": NaN,
        "Net Income Common Stockholders": NaN,
        "Net Income": NaN,
        "Minority Interests": NaN,
        "Net Income Including Noncontrolling Interests": NaN,
        "Net Income Continuous Operations": NaN,
        "Tax Provision": NaN,
        "Pretax Income": NaN,
        "Other Income Expense": 244000.0,
        "Other Non Operating Income Expenses": 244000.0,
        "Special Income Charges": 0.0,
        "Write Off": 0.0,
        "Restructuring And Mergern Acquisition": 0.0,
        "Net Non Operating Interest Income Expense": NaN,
        "Interest Expense Non Operating": 70000.0,
        "Interest Income Non Operating": NaN,
        "Operating Income": NaN,
        "Operating Expense": NaN,
        "Depreciation Amortization Depletion Income Statement": NaN,
        "Depreciation And Amortization In Income Statement": NaN,
        "Amortization": NaN,
        "Amortization Of Intangibles Income Statement": NaN,
        "Research And Development": NaN,
        "Selling General And Administration": NaN,
        "Selling And Marketing Expense": NaN,
        "General And Administrative Expense": NaN,
        "Other Gand A": NaN,
        "Gross Profit": NaN,
        "Cost Of Revenue": NaN,
        "Total Revenue": NaN,
        "Operating Revenue": NaN
    },
    "2023-12-31": {
        "Tax Effect Of Unusual Items": NaN,
        "Tax Rate For Calcs": NaN,
        "Normalized EBITDA": NaN,
        "Total Unusual Items": -120234000.0,
        "Total Unusual Items Excluding Goodwill": -120234000.0,
        "Net Income From Continuing Operation Net Minority Interest": NaN,
        "Reconciled Depreciation": NaN,
        "Reconciled Cost Of Revenue": NaN,
        "EBITDA": NaN,
        "EBIT": NaN,
        "Net Interest Income": NaN,
        "Interest Expense": NaN,
        "Interest Income": NaN,
        "Normalized Income": NaN,
        "Net Income From Continuing And Discontinued Operation": NaN,
        "Total Expenses": NaN,
        "Total Operating Income As Reported": NaN,
        "Diluted Average Shares": NaN,
        "Basic Average Shares": NaN,
        "Diluted EPS": NaN,
        "Basic EPS": NaN,
        "Diluted NI Availto Com Stockholders": NaN,
        "Net Income Common Stockholders": NaN,
        "Net Income": NaN,
        "Minority Interests": NaN,
        "Net Income Including Noncontrolling Interests": NaN,
        "Net Income Continuous Operations": NaN,
        "Tax Provision": NaN,
        "Pretax Income": NaN,
        "Other Income Expense": NaN,
        "Other Non Operating Income Expenses": NaN,
        "Special Income Charges": -120234000.0,
        "Write Off": NaN,
        "Restructuring And Mergern Acquisition": 0.0,
        "Net Non Operating Interest Income Expense": NaN,
        "Interest Expense Non Operating": NaN,
        "Interest Income Non Operating": NaN,
        "Operating Income": NaN,
        "Operating Expense": NaN,
        "Depreciation Amortization Depletion Income Statement": NaN,
        "Depreciation And Amortization In Income Statement": NaN,
        "Amortization": NaN,
        "Amortization Of Intangibles Income Statement": NaN,
        "Research And Development": NaN,
        "Selling General And Administration": NaN,
        "Selling And Marketing Expense": NaN,
        "General And Administrative Expense": NaN,
        "Other Gand A": NaN,
        "Gross Profit": NaN,
        "Cost Of Revenue": NaN,
        "Total Revenue": NaN,
        "Operating Revenue": NaN
    },
    "2024-03-31": {
        "Tax Effect Of Unusual Items": NaN,
        "Tax Rate For Calcs": NaN,
        "Normalized EBITDA": NaN,
        "Total Unusual Items": NaN,
        "Total Unusual Items Excluding Goodwill": NaN,
        "Net Income From Continuing Operation Net Minority Interest": NaN,
        "Reconciled Depreciation": NaN,
        "Reconciled Cost Of Revenue": NaN,
        "EBITDA": NaN,
        "EBIT": NaN,
        "Net Interest Income": NaN,
        "Interest Expense": NaN,
        "Interest Income": NaN,
        "Normalized Income": NaN,
        "Net Income From Continuing And Discontinued Operation": NaN,
        "Total Expenses": NaN,
        "Total Operating Income As Reported": NaN,
        "Diluted Average Shares": 29769000.0,
        "Basic Average Shares": 29769000.0,
        "Diluted EPS": -0.45,
        "Basic EPS": -0.45,
        "Diluted NI Availto Com Stockholders": NaN,
        "Net Income Common Stockholders": NaN,
        "Net Income": NaN,
        "Minority Interests": NaN,
        "Net Income Including Noncontrolling Interests": NaN,
        "Net Income Continuous Operations": NaN,
        "Tax Provision": NaN,
        "Pretax Income": NaN,
        "Other Income Expense": -9000.0,
        "Other Non Operating Income Expenses": -9000.0,
        "Special Income Charges": NaN,
        "Write Off": NaN,
        "Restructuring And Mergern Acquisition": NaN,
        "Net Non Operating Interest Income Expense": NaN,
        "Interest Expense Non Operating": NaN,
        "Interest Income Non Operating": NaN,
        "Operating Income": NaN,
        "Operating Expense": NaN,
        "Depreciation Amortization Depletion Income Statement": NaN,
        "Depreciation And Amortization In Income Statement": NaN,
        "Amortization": NaN,
        "Amortization Of Intangibles Income Statement": NaN,
        "Research And Development": NaN,
        "Selling General And Administration": NaN,
        "Selling And Marketing Expense": NaN,
        "General And Administrative Expense": NaN,
        "Other Gand A": NaN,
        "Gross Profit": NaN,
        "Cost Of Revenue": NaN,
        "Total Revenue": NaN,
        "Operating Revenue": NaN
    },
    "2024-06-30": {
        "Tax Effect Of Unusual Items": 0.0,
        "Tax Rate For Calcs": 0.189406,
        "Normalized EBITDA": -5036000.0,
        "Total Unusual Items": 0.0,
        "Total Unusual Items Excluding Goodwill": 0.0,
        "Net Income From Continuing Operation Net Minority Interest": -8710000.0,
        "Reconciled Depreciation": 6153000.0,
        "Reconciled Cost Of Revenue": 40374000.0,
        "EBITDA": -5036000.0,
        "EBIT": -11189000.0,
        "Net Interest Income": 7681000.0,
        "Interest Expense": 25000.0,
        "Interest Income": 7706000.0,
        "Normalized Income": -8710000.0,
        "Net Income From Continuing And Discontinued Operation": -8710000.0,
        "Total Expenses": 89934000.0,
        "Total Operating Income As Reported": -18906000.0,
        "Diluted Average Shares": 30098000.0,
        "Basic Average Shares": 30098000.0,
        "Diluted EPS": -0.29,
        "Basic EPS": -0.29,
        "Diluted NI Availto Com Stockholders": -8710000.0,
        "Net Income Common Stockholders": -8710000.0,
        "Net Income": -8710000.0,
        "Minority Interests": 380000.0,
        "Net Income Including Noncontrolling Interests": -9090000.0,
        "Net Income Continuous Operations": -9090000.0,
        "Tax Provision": -2124000.0,
        "Pretax Income": -11214000.0,
        "Other Income Expense": 11000.0,
        "Other Non Operating Income Expenses": 11000.0,
        "Special Income Charges": 0.0,
        "Write Off": 0.0,
        "Restructuring And Mergern Acquisition": NaN,
        "Net Non Operating Interest Income Expense": 7681000.0,
        "Interest Expense Non Operating": 25000.0,
        "Interest Income Non Operating": 7706000.0,
        "Operating Income": -18906000.0,
        "Operating Expense": 45397000.0,
        "Depreciation Amortization Depletion Income Statement": 1990000.0,
        "Depreciation And Amortization In Income Statement": 1990000.0,
        "Amortization": 1990000.0,
        "Amortization Of Intangibles Income Statement": 1990000.0,
        "Research And Development": 13486000.0,
        "Selling General And Administration": 29921000.0,
        "Selling And Marketing Expense": 8595000.0,
        "General And Administrative Expense": 21326000.0,
        "Other Gand A": 21326000.0,
        "Gross Profit": 26491000.0,
        "Cost Of Revenue": 44537000.0,
        "Total Revenue": 71028000.0,
        "Operating Revenue": 71028000.0
    },
    "2024-09-30": {
        "Tax Effect Of Unusual Items": -2115330.0,
        "Tax Rate For Calcs": 0.21,
        "Normalized EBITDA": -2525000.0,
        "Total Unusual Items": -10073000.0,
        "Total Unusual Items Excluding Goodwill": -10073000.0,
        "Net Income From Continuing Operation Net Minority Interest": -14648000.0,
        "Reconciled Depreciation": 5920000.0,
        "Reconciled Cost Of Revenue": 41045000.0,
        "EBITDA": -12598000.0,
        "EBIT": -18518000.0,
        "Net Interest Income": 8076000.0,
        "Interest Expense": 14000.0,
        "Interest Income": 8090000.0,
        "Normalized Income": -6690330.0,
        "Net Income From Continuing And Discontinued Operation": -14648000.0,
        "Total Expenses": 88822000.0,
        "Total Operating Income As Reported": -17079000.0,
        "Diluted Average Shares": 30416000.0,
        "Basic Average Shares": 30416000.0,
        "Diluted EPS": -0.48,
        "Basic EPS": -0.48,
        "Diluted NI Availto Com Stockholders": -14648000.0,
        "Net Income Common Stockholders": -14648000.0,
        "Net Income": -14648000.0,
        "Minority Interests": 46000.0,
        "Net Income Including Noncontrolling Interests": -14694000.0,
        "Net Income Continuous Operations": -14694000.0,
        "Tax Provision": -3838000.0,
        "Pretax Income": -18532000.0,
        "Other Income Expense": -9529000.0,
        "Other Non Operating Income Expenses": 544000.0,
        "Special Income Charges": -10073000.0,
        "Write Off": 10073000.0,
        "Restructuring And Mergern Acquisition": NaN,
        "Net Non Operating Interest Income Expense": 8076000.0,
        "Interest Expense Non Operating": 14000.0,
        "Interest Income Non Operating": 8090000.0,
        "Operating Income": -17079000.0,
        "Operating Expense": 43850000.0,
        "Depreciation Amortization Depletion Income Statement": 1993000.0,
        "Depreciation And Amortization In Income Statement": 1993000.0,
        "Amortization": 1993000.0,
        "Amortization Of Intangibles Income Statement": 1993000.0,
        "Research And Development": 11783000.0,
        "Selling General And Administration": 30074000.0,
        "Selling And Marketing Expense": 9124000.0,
        "General And Administrative Expense": 20950000.0,
        "Other Gand A": 20950000.0,
        "Gross Profit": 26771000.0,
        "Cost Of Revenue": 44972000.0,
        "Total Revenue": 71743000.0,
        "Operating Revenue": 71743000.0
    },
    "2024-12-31": {
        "Tax Effect Of Unusual Items": 0.0,
        "Tax Rate For Calcs": 0.230578,
        "Normalized EBITDA": -9943000.0,
        "Total Unusual Items": 0.0,
        "Total Unusual Items Excluding Goodwill": 0.0,
        "Net Income From Continuing Operation Net Minority Interest": -5888000.0,
        "Reconciled Depreciation": 6192000.0,
        "Reconciled Cost Of Revenue": 40165000.0,
        "EBITDA": -9943000.0,
        "EBIT": -16135000.0,
        "Net Interest Income": 8083000.0,
        "Interest Expense": NaN,
        "Interest Income": 8293000.0,
        "Normalized Income": -5888000.0,
        "Net Income From Continuing And Discontinued Operation": -5888000.0,
        "Total Expenses": 92349000.0,
        "Total Operating Income As Reported": -16135000.0,
        "Diluted Average Shares": 30652000.0,
        "Basic Average Shares": 30652000.0,
        "Diluted EPS": -0.19,
        "Basic EPS": -0.19,
        "Diluted NI Availto Com Stockholders": -5888000.0,
        "Net Income Common Stockholders": -5888000.0,
        "Net Income": -5888000.0,
        "Minority Interests": 302000.0,
        "Net Income Including Noncontrolling Interests": -6190000.0,
        "Net Income Continuous Operations": -6190000.0,
        "Tax Provision": -1855000.0,
        "Pretax Income": -8045000.0,
        "Other Income Expense": 7000.0,
        "Other Non Operating Income Expenses": 7000.0,
        "Special Income Charges": 0.0,
        "Write Off": 0.0,
        "Restructuring And Mergern Acquisition": NaN,
        "Net Non Operating Interest Income Expense": 8083000.0,
        "Interest Expense Non Operating": NaN,
        "Interest Income Non Operating": 8293000.0,
        "Operating Income": -16135000.0,
        "Operating Expense": 47984000.0,
        "Depreciation Amortization Depletion Income Statement": 1992000.0,
        "Depreciation And Amortization In Income Statement": 1992000.0,
        "Amortization": 1992000.0,
        "Amortization Of Intangibles Income Statement": 1992000.0,
        "Research And Development": 12113000.0,
        "Selling General And Administration": 33879000.0,
        "Selling And Marketing Expense": 9538000.0,
        "General And Administrative Expense": 24341000.0,
        "Other Gand A": 24341000.0,
        "Gross Profit": 31849000.0,
        "Cost Of Revenue": 44365000.0,
        "Total Revenue": 76214000.0,
        "Operating Revenue": 76214000.0
    },
    "2025-03-31": {
        "Tax Effect Of Unusual Items": 0.0,
        "Tax Rate For Calcs": 0.21,
        "Normalized EBITDA": -5790000.0,
        "Total Unusual Items": NaN,
        "Total Unusual Items Excluding Goodwill": NaN,
        "Net Income From Continuing Operation Net Minority Interest": -11530000.0,
        "Reconciled Depreciation": 5919000.0,
        "Reconciled Cost Of Revenue": 41188000.0,
        "EBITDA": -5790000.0,
        "EBIT": -11709000.0,
        "Net Interest Income": 8004000.0,
        "Interest Expense": 14000.0,
        "Interest Income": 8018000.0,
        "Normalized Income": -11530000.0,
        "Net Income From Continuing And Discontinued Operation": -11530000.0,
        "Total Expenses": 93258000.0,
        "Total Operating Income As Reported": -19795000.0,
        "Diluted Average Shares": 30832000.0,
        "Basic Average Shares": 30832000.0,
        "Diluted EPS": -0.37,
        "Basic EPS": -0.37,
        "Diluted NI Availto Com Stockholders": -11530000.0,
        "Net Income Common Stockholders": -11530000.0,
        "Net Income": -11530000.0,
        "Minority Interests": 369000.0,
        "Net Income Including Noncontrolling Interests": -11899000.0,
        "Net Income Continuous Operations": -11899000.0,
        "Tax Provision": 176000.0,
        "Pretax Income": -11723000.0,
        "Other Income Expense": 68000.0,
        "Other Non Operating Income Expenses": 68000.0,
        "Special Income Charges": NaN,
        "Write Off": NaN,
        "Restructuring And Mergern Acquisition": NaN,
        "Net Non Operating Interest Income Expense": 8004000.0,
        "Interest Expense Non Operating": 14000.0,
        "Interest Income Non Operating": 8018000.0,
        "Operating Income": -19795000.0,
        "Operating Expense": 48141000.0,
        "Depreciation Amortization Depletion Income Statement": 1990000.0,
        "Depreciation And Amortization In Income Statement": 1990000.0,
        "Amortization": 1990000.0,
        "Amortization Of Intangibles Income Statement": 1990000.0,
        "Research And Development": 12395000.0,
        "Selling General And Administration": 33756000.0,
        "Selling And Marketing Expense": 8465000.0,
        "General And Administrative Expense": 25291000.0,
        "Other Gand A": 25291000.0,
        "Gross Profit": 28346000.0,
        "Cost Of Revenue": 45117000.0,
        "Total Revenue": 73463000.0,
        "Operating Revenue": 73463000.0
    },
    "2025-06-30": {
        "Tax Effect Of Unusual Items": -1043846.74009,
        "Tax Rate For Calcs": 0.105163,
        "Normalized EBITDA": -5522000.0,
        "Total Unusual Items": -9926000.0,
        "Total Unusual Items Excluding Goodwill": -9926000.0,
        "Net Income From Continuing Operation Net Minority Interest": -18957000.0,
        "Reconciled Depreciation": 6054000.0,
        "Reconciled Cost Of Revenue": 43304000.0,
        "EBITDA": -15448000.0,
        "EBIT": -21502000.0,
        "Net Interest Income": 8074000.0,
        "Interest Expense": 17000.0,
        "Interest Income": 8091000.0,
        "Normalized Income": -10074846.74009,
        "Net Income From Continuing And Discontinued Operation": -18957000.0,
        "Total Expenses": 101516000.0,
        "Total Operating Income As Reported": -19713000.0,
        "Diluted Average Shares": 30544000.0,
        "Basic Average Shares": 30544000.0,
        "Diluted EPS": -0.62,
        "Basic EPS": -0.62,
        "Diluted NI Availto Com Stockholders": -18957000.0,
        "Net Income Common Stockholders": -18957000.0,
        "Net Income": -18957000.0,
        "Minority Interests": 299000.0,
        "Net Income Including Noncontrolling Interests": -19256000.0,
        "Net Income Continuous Operations": -19256000.0,
        "Tax Provision": -2263000.0,
        "Pretax Income": -21519000.0,
        "Other Income Expense": -9880000.0,
        "Other Non Operating Income Expenses": 46000.0,
        "Special Income Charges": -9926000.0,
        "Write Off": 9926000.0,
        "Restructuring And Mergern Acquisition": NaN,
        "Net Non Operating Interest Income Expense": 8074000.0,
        "Interest Expense Non Operating": 17000.0,
        "Interest Income Non Operating": 8091000.0,
        "Operating Income": -19713000.0,
        "Operating Expense": 54148000.0,
        "Depreciation Amortization Depletion Income Statement": 1990000.0,
        "Depreciation And Amortization In Income Statement": 1990000.0,
        "Amortization": 1990000.0,
        "Amortization Of Intangibles Income Statement": 1990000.0,
        "Research And Development": 13480000.0,
        "Selling General And Administration": 38678000.0,
        "Selling And Marketing Expense": 12286000.0,
        "General And Administrative Expense": 26392000.0,
        "Other Gand A": 26392000.0,
        "Gross Profit": 34435000.0,
        "Cost Of Revenue": 47368000.0,
        "Total Revenue": 81803000.0,
        "Operating Revenue": 81803000.0
    }
}