{
    "2023-12-31": {
        "Tax Effect Of Unusual Items": NaN,
        "Tax Rate For Calcs": NaN,
        "Normalized EBITDA": NaN,
        "Total Unusual Items": NaN,
        "Total Unusual Items Excluding Goodwill": NaN,
        "Net Income From Continuing Operation Net Minority Interest": NaN,
        "Reconciled Depreciation": NaN,
        "Reconciled Cost Of Revenue": NaN,
        "EBITDA": NaN,
        "EBIT": NaN,
        "Net Interest Income": NaN,
        "Interest Expense": NaN,
        "Normalized Income": NaN,
        "Net Income From Continuing And Discontinued Operation": NaN,
        "Total Expenses": NaN,
        "Rent Expense Supplemental": 54198000.0,
        "Total Operating Income As Reported": NaN,
        "Diluted Average Shares": NaN,
        "Basic Average Shares": NaN,
        "Diluted EPS": NaN,
        "Basic EPS": NaN,
        "Diluted NI Availto Com Stockholders": NaN,
        "Net Income Common Stockholders": NaN,
        "Net Income": NaN,
        "Minority Interests": NaN,
        "Net Income Including Noncontrolling Interests": NaN,
        "Net Income Continuous Operations": NaN,
        "Tax Provision": NaN,
        "Pretax Income": NaN,
        "Other Income Expense": NaN,
        "Other Non Operating Income Expenses": NaN,
        "Special Income Charges": NaN,
        "Gain On Sale Of Ppe": NaN,
        "Other Special Charges": NaN,
        "Net Non Operating Interest Income Expense": NaN,
        "Interest Expense Non Operating": NaN,
        "Operating Income": NaN,
        "Operating Expense": NaN,
        "Selling General And Administration": NaN,
        "Gross Profit": NaN,
        "Cost Of Revenue": NaN,
        "Total Revenue": NaN,
        "Operating Revenue": NaN
    },
    "2024-12-31": {
        "Tax Effect Of Unusual Items": 53760.0,
        "Tax Rate For Calcs": 0.21,
        "Normalized EBITDA": 39918000.0,
        "Total Unusual Items": 256000.0,
        "Total Unusual Items Excluding Goodwill": 256000.0,
        "Net Income From Continuing Operation Net Minority Interest": 62981000.0,
        "Reconciled Depreciation": 36392000.0,
        "Reconciled Cost Of Revenue": -6929000.0,
        "EBITDA": 40174000.0,
        "EBIT": 3782000.0,
        "Net Interest Income": -14391000.0,
        "Interest Expense": 14391000.0,
        "Normalized Income": 62778760.0,
        "Net Income From Continuing And Discontinued Operation": 62981000.0,
        "Total Expenses": -15661000.0,
        "Rent Expense Supplemental": 2160000.0,
        "Total Operating Income As Reported": 3928000.0,
        "Diluted Average Shares": 21993991.0,
        "Basic Average Shares": 21993991.0,
        "Diluted EPS": 1.01555,
        "Basic EPS": 1.01555,
        "Diluted NI Availto Com Stockholders": 62981000.0,
        "Net Income Common Stockholders": 62981000.0,
        "Net Income": 62981000.0,
        "Minority Interests": NaN,
        "Net Income Including Noncontrolling Interests": -4869000.0,
        "Net Income Continuous Operations": -4869000.0,
        "Tax Provision": -5740000.0,
        "Pretax Income": -10609000.0,
        "Other Income Expense": 110000.0,
        "Other Non Operating Income Expenses": -146000.0,
        "Special Income Charges": 256000.0,
        "Gain On Sale Of Ppe": 256000.0,
        "Other Special Charges": 0.0,
        "Net Non Operating Interest Income Expense": -14391000.0,
        "Interest Expense Non Operating": 14391000.0,
        "Operating Income": 3672000.0,
        "Operating Expense": -8732000.0,
        "Selling General And Administration": -8732000.0,
        "Gross Profit": -5060000.0,
        "Cost Of Revenue": -6929000.0,
        "Total Revenue": -11989000.0,
        "Operating Revenue": -11989000.0
    },
    "2025-03-31": {
        "Tax Effect Of Unusual Items": 4013.067053,
        "Tax Rate For Calcs": 0.089179,
        "Normalized EBITDA": 71184000.0,
        "Total Unusual Items": 45000.0,
        "Total Unusual Items Excluding Goodwill": 45000.0,
        "Net Income From Continuing Operation Net Minority Interest": 6172000.0,
        "Reconciled Depreciation": 36171000.0,
        "Reconciled Cost Of Revenue": 126536000.0,
        "EBITDA": 71229000.0,
        "EBIT": 35058000.0,
        "Net Interest Income": -5365000.0,
        "Interest Expense": 5365000.0,
        "Normalized Income": 6131013.067053,
        "Net Income From Continuing And Discontinued Operation": 6172000.0,
        "Total Expenses": 157070000.0,
        "Rent Expense Supplemental": 26851000.0,
        "Total Operating Income As Reported": 35325000.0,
        "Diluted Average Shares": 26187264.0,
        "Basic Average Shares": 25721620.0,
        "Diluted EPS": 0.24,
        "Basic EPS": 0.24,
        "Diluted NI Availto Com Stockholders": 6172000.0,
        "Net Income Common Stockholders": 6172000.0,
        "Net Income": 6172000.0,
        "Minority Interests": -20873000.0,
        "Net Income Including Noncontrolling Interests": 27045000.0,
        "Net Income Continuous Operations": 27045000.0,
        "Tax Provision": 2648000.0,
        "Pretax Income": 29693000.0,
        "Other Income Expense": -222000.0,
        "Other Non Operating Income Expenses": -267000.0,
        "Special Income Charges": 45000.0,
        "Gain On Sale Of Ppe": 45000.0,
        "Other Special Charges": NaN,
        "Net Non Operating Interest Income Expense": -5365000.0,
        "Interest Expense Non Operating": 5365000.0,
        "Operating Income": 35280000.0,
        "Operating Expense": 30534000.0,
        "Selling General And Administration": 30534000.0,
        "Gross Profit": 65814000.0,
        "Cost Of Revenue": 126536000.0,
        "Total Revenue": 192350000.0,
        "Operating Revenue": 192350000.0
    },
    "2024-03-31": {
        "Tax Effect Of Unusual Items": NaN,
        "Tax Rate For Calcs": NaN,
        "Normalized EBITDA": NaN,
        "Total Unusual Items": NaN,
        "Total Unusual Items Excluding Goodwill": NaN,
        "Net Income From Continuing Operation Net Minority Interest": NaN,
        "Reconciled Depreciation": NaN,
        "Reconciled Cost Of Revenue": NaN,
        "EBITDA": NaN,
        "EBIT": NaN,
        "Net Interest Income": NaN,
        "Interest Expense": NaN,
        "Normalized Income": NaN,
        "Net Income From Continuing And Discontinued Operation": NaN,
        "Total Expenses": NaN,
        "Rent Expense Supplemental": 10975000.0,
        "Total Operating Income As Reported": NaN,
        "Diluted Average Shares": NaN,
        "Basic Average Shares": NaN,
        "Diluted EPS": NaN,
        "Basic EPS": NaN,
        "Diluted NI Availto Com Stockholders": NaN,
        "Net Income Common Stockholders": NaN,
        "Net Income": NaN,
        "Minority Interests": NaN,
        "Net Income Including Noncontrolling Interests": NaN,
        "Net Income Continuous Operations": NaN,
        "Tax Provision": NaN,
        "Pretax Income": NaN,
        "Other Income Expense": NaN,
        "Other Non Operating Income Expenses": NaN,
        "Special Income Charges": NaN,
        "Gain On Sale Of Ppe": NaN,
        "Other Special Charges": NaN,
        "Net Non Operating Interest Income Expense": NaN,
        "Interest Expense Non Operating": NaN,
        "Operating Income": NaN,
        "Operating Expense": NaN,
        "Selling General And Administration": NaN,
        "Gross Profit": NaN,
        "Cost Of Revenue": NaN,
        "Total Revenue": NaN,
        "Operating Revenue": NaN
    },
    "2025-06-30": {
        "Tax Effect Of Unusual Items": -8296.0,
        "Tax Rate For Calcs": 0.122,
        "Normalized EBITDA": 72869000.0,
        "Total Unusual Items": -68000.0,
        "Total Unusual Items Excluding Goodwill": -68000.0,
        "Net Income From Continuing Operation Net Minority Interest": 5471000.0,
        "Reconciled Depreciation": 35124000.0,
        "Reconciled Cost Of Revenue": 123346000.0,
        "EBITDA": 72801000.0,
        "EBIT": 37677000.0,
        "Net Interest Income": -6445000.0,
        "Interest Expense": 6445000.0,
        "Normalized Income": 5530704.0,
        "Net Income From Continuing And Discontinued Operation": 5471000.0,
        "Total Expenses": 156029000.0,
        "Rent Expense Supplemental": NaN,
        "Total Operating Income As Reported": 37118000.0,
        "Diluted Average Shares": 26195643.0,
        "Basic Average Shares": 25728144.0,
        "Diluted EPS": 0.21,
        "Basic EPS": 0.21,
        "Diluted NI Availto Com Stockholders": 5471000.0,
        "Net Income Common Stockholders": 5471000.0,
        "Net Income": 5471000.0,
        "Minority Interests": -21881000.0,
        "Net Income Including Noncontrolling Interests": 27352000.0,
        "Net Income Continuous Operations": 27352000.0,
        "Tax Provision": 3880000.0,
        "Pretax Income": 31232000.0,
        "Other Income Expense": 491000.0,
        "Other Non Operating Income Expenses": 559000.0,
        "Special Income Charges": -68000.0,
        "Gain On Sale Of Ppe": -68000.0,
        "Other Special Charges": NaN,
        "Net Non Operating Interest Income Expense": -6445000.0,
        "Interest Expense Non Operating": 6445000.0,
        "Operating Income": 37186000.0,
        "Operating Expense": 32683000.0,
        "Selling General And Administration": 32683000.0,
        "Gross Profit": 69869000.0,
        "Cost Of Revenue": 123346000.0,
        "Total Revenue": 193215000.0,
        "Operating Revenue": 193215000.0
    },
    "2024-09-30": {
        "Tax Effect Of Unusual Items": -75078.871015,
        "Tax Rate For Calcs": 0.121291,
        "Normalized EBITDA": 95076000.0,
        "Total Unusual Items": -619000.0,
        "Total Unusual Items Excluding Goodwill": -619000.0,
        "Net Income From Continuing Operation Net Minority Interest": -19999000.0,
        "Reconciled Depreciation": 32360000.0,
        "Reconciled Cost Of Revenue": 264074000.0,
        "EBITDA": 94457000.0,
        "EBIT": 62097000.0,
        "Net Interest Income": -7641000.0,
        "Interest Expense": 7641000.0,
        "Normalized Income": -19455078.871015,
        "Net Income From Continuing And Discontinued Operation": -19999000.0,
        "Total Expenses": 324067000.0,
        "Rent Expense Supplemental": NaN,
        "Total Operating Income As Reported": 62882000.0,
        "Diluted Average Shares": NaN,
        "Basic Average Shares": NaN,
        "Diluted EPS": NaN,
        "Basic EPS": NaN,
        "Diluted NI Availto Com Stockholders": -19999000.0,
        "Net Income Common Stockholders": -19999000.0,
        "Net Income": -19999000.0,
        "Minority Interests": NaN,
        "Net Income Including Noncontrolling Interests": 47851000.0,
        "Net Income Continuous Operations": 47851000.0,
        "Tax Provision": 6605000.0,
        "Pretax Income": 54456000.0,
        "Other Income Expense": -1183000.0,
        "Other Non Operating Income Expenses": -564000.0,
        "Special Income Charges": -619000.0,
        "Gain On Sale Of Ppe": -398000.0,
        "Other Special Charges": NaN,
        "Net Non Operating Interest Income Expense": -7641000.0,
        "Interest Expense Non Operating": 7641000.0,
        "Operating Income": 63280000.0,
        "Operating Expense": 59993000.0,
        "Selling General And Administration": 59993000.0,
        "Gross Profit": 123273000.0,
        "Cost Of Revenue": 264074000.0,
        "Total Revenue": 387347000.0,
        "Operating Revenue": 387347000.0
    },
    "2024-06-30": {
        "Tax Effect Of Unusual Items": NaN,
        "Tax Rate For Calcs": NaN,
        "Normalized EBITDA": NaN,
        "Total Unusual Items": NaN,
        "Total Unusual Items Excluding Goodwill": NaN,
        "Net Income From Continuing Operation Net Minority Interest": NaN,
        "Reconciled Depreciation": NaN,
        "Reconciled Cost Of Revenue": NaN,
        "EBITDA": NaN,
        "EBIT": NaN,
        "Net Interest Income": NaN,
        "Interest Expense": NaN,
        "Normalized Income": NaN,
        "Net Income From Continuing And Discontinued Operation": NaN,
        "Total Expenses": NaN,
        "Rent Expense Supplemental": NaN,
        "Total Operating Income As Reported": NaN,
        "Diluted Average Shares": 21993991.0,
        "Basic Average Shares": 21993991.0,
        "Diluted EPS": 0.913068,
        "Basic EPS": 0.913068,
        "Diluted NI Availto Com Stockholders": NaN,
        "Net Income Common Stockholders": NaN,
        "Net Income": NaN,
        "Minority Interests": NaN,
        "Net Income Including Noncontrolling Interests": NaN,
        "Net Income Continuous Operations": NaN,
        "Tax Provision": NaN,
        "Pretax Income": NaN,
        "Other Income Expense": NaN,
        "Other Non Operating Income Expenses": NaN,
        "Special Income Charges": NaN,
        "Gain On Sale Of Ppe": NaN,
        "Other Special Charges": NaN,
        "Net Non Operating Interest Income Expense": NaN,
        "Interest Expense Non Operating": NaN,
        "Operating Income": NaN,
        "Operating Expense": NaN,
        "Selling General And Administration": NaN,
        "Gross Profit": NaN,
        "Cost Of Revenue": NaN,
        "Total Revenue": NaN,
        "Operating Revenue": NaN
    },
    "2025-09-30": {
        "Tax Effect Of Unusual Items": -48720.0,
        "Tax Rate For Calcs": 0.21,
        "Normalized EBITDA": 76623000.0,
        "Total Unusual Items": -232000.0,
        "Total Unusual Items Excluding Goodwill": -232000.0,
        "Net Income From Continuing Operation Net Minority Interest": 12517000.0,
        "Reconciled Depreciation": 41569000.0,
        "Reconciled Cost Of Revenue": 113136000.0,
        "EBITDA": 76391000.0,
        "EBIT": 34822000.0,
        "Net Interest Income": -2757000.0,
        "Interest Expense": 2757000.0,
        "Normalized Income": 12700280.0,
        "Net Income From Continuing And Discontinued Operation": 12517000.0,
        "Total Expenses": 142116000.0,
        "Rent Expense Supplemental": NaN,
        "Total Operating Income As Reported": 34593000.0,
        "Diluted Average Shares": 90661805.0,
        "Basic Average Shares": 27445906.0,
        "Diluted EPS": 0.32,
        "Basic EPS": 0.46,
        "Diluted NI Availto Com Stockholders": 12517000.0,
        "Net Income Common Stockholders": 12517000.0,
        "Net Income": 12517000.0,
        "Minority Interests": -21756000.0,
        "Net Income Including Noncontrolling Interests": 34273000.0,
        "Net Income Continuous Operations": 34273000.0,
        "Tax Provision": -2208000.0,
        "Pretax Income": 32065000.0,
        "Other Income Expense": -3000.0,
        "Other Non Operating Income Expenses": 229000.0,
        "Special Income Charges": -232000.0,
        "Gain On Sale Of Ppe": -232000.0,
        "Other Special Charges": NaN,
        "Net Non Operating Interest Income Expense": -2757000.0,
        "Interest Expense Non Operating": 2757000.0,
        "Operating Income": 34825000.0,
        "Operating Expense": 28980000.0,
        "Selling General And Administration": 28980000.0,
        "Gross Profit": 63805000.0,
        "Cost Of Revenue": 113136000.0,
        "Total Revenue": 176941000.0,
        "Operating Revenue": 176941000.0
    }
}