{
    "2023-03-31": {
        "Tax Effect Of Unusual Items": NaN,
        "Tax Rate For Calcs": NaN,
        "Normalized EBITDA": NaN,
        "Total Unusual Items": NaN,
        "Total Unusual Items Excluding Goodwill": NaN,
        "Net Income From Continuing Operation Net Minority Interest": NaN,
        "Reconciled Depreciation": NaN,
        "Reconciled Cost Of Revenue": NaN,
        "EBITDA": NaN,
        "EBIT": NaN,
        "Net Interest Income": NaN,
        "Interest Expense": NaN,
        "Interest Income": NaN,
        "Normalized Income": NaN,
        "Net Income From Continuing And Discontinued Operation": NaN,
        "Total Expenses": NaN,
        "Total Operating Income As Reported": NaN,
        "Diluted Average Shares": NaN,
        "Basic Average Shares": NaN,
        "Diluted EPS": NaN,
        "Basic EPS": NaN,
        "Diluted NI Availto Com Stockholders": NaN,
        "Net Income Common Stockholders": NaN,
        "Preferred Stock Dividends": 10000000.0,
        "Net Income": NaN,
        "Minority Interests": NaN,
        "Net Income Including Noncontrolling Interests": NaN,
        "Net Income Continuous Operations": NaN,
        "Tax Provision": NaN,
        "Pretax Income": NaN,
        "Other Income Expense": NaN,
        "Special Income Charges": NaN,
        "Other Special Charges": NaN,
        "Write Off": 0.0,
        "Gain On Sale Of Security": NaN,
        "Net Non Operating Interest Income Expense": NaN,
        "Interest Expense Non Operating": NaN,
        "Interest Income Non Operating": NaN,
        "Operating Income": NaN,
        "Operating Expense": NaN,
        "Selling General And Administration": NaN,
        "General And Administrative Expense": NaN,
        "Other Gand A": NaN,
        "Salaries And Wages": 43000000.0,
        "Gross Profit": NaN,
        "Cost Of Revenue": NaN,
        "Total Revenue": NaN,
        "Operating Revenue": NaN
    },
    "2022-12-31": {
        "Tax Effect Of Unusual Items": NaN,
        "Tax Rate For Calcs": NaN,
        "Normalized EBITDA": NaN,
        "Total Unusual Items": NaN,
        "Total Unusual Items Excluding Goodwill": NaN,
        "Net Income From Continuing Operation Net Minority Interest": NaN,
        "Reconciled Depreciation": NaN,
        "Reconciled Cost Of Revenue": NaN,
        "EBITDA": NaN,
        "EBIT": NaN,
        "Net Interest Income": NaN,
        "Interest Expense": NaN,
        "Interest Income": NaN,
        "Normalized Income": NaN,
        "Net Income From Continuing And Discontinued Operation": NaN,
        "Total Expenses": NaN,
        "Total Operating Income As Reported": NaN,
        "Diluted Average Shares": NaN,
        "Basic Average Shares": NaN,
        "Diluted EPS": NaN,
        "Basic EPS": NaN,
        "Diluted NI Availto Com Stockholders": NaN,
        "Net Income Common Stockholders": NaN,
        "Preferred Stock Dividends": 10000000.0,
        "Net Income": NaN,
        "Minority Interests": NaN,
        "Net Income Including Noncontrolling Interests": NaN,
        "Net Income Discontinuous Operations": 0.0,
        "Net Income Continuous Operations": NaN,
        "Tax Provision": NaN,
        "Pretax Income": NaN,
        "Other Income Expense": NaN,
        "Special Income Charges": NaN,
        "Other Special Charges": 0.0,
        "Write Off": 0.0,
        "Impairment Of Capital Assets": 40000000.0,
        "Restructuring And Mergern Acquisition": 0.0,
        "Gain On Sale Of Security": NaN,
        "Net Non Operating Interest Income Expense": NaN,
        "Interest Expense Non Operating": NaN,
        "Interest Income Non Operating": NaN,
        "Operating Income": NaN,
        "Operating Expense": NaN,
        "Selling General And Administration": NaN,
        "General And Administrative Expense": NaN,
        "Other Gand A": NaN,
        "Salaries And Wages": 12000000.0,
        "Gross Profit": NaN,
        "Cost Of Revenue": NaN,
        "Total Revenue": NaN,
        "Operating Revenue": NaN
    },
    "2022-09-30": {
        "Tax Effect Of Unusual Items": NaN,
        "Tax Rate For Calcs": NaN,
        "Normalized EBITDA": NaN,
        "Total Unusual Items": NaN,
        "Total Unusual Items Excluding Goodwill": NaN,
        "Net Income From Continuing Operation Net Minority Interest": NaN,
        "Reconciled Depreciation": NaN,
        "Reconciled Cost Of Revenue": NaN,
        "EBITDA": NaN,
        "EBIT": NaN,
        "Net Interest Income": NaN,
        "Interest Expense": NaN,
        "Interest Income": NaN,
        "Normalized Income": NaN,
        "Net Income From Continuing And Discontinued Operation": NaN,
        "Total Expenses": NaN,
        "Total Operating Income As Reported": NaN,
        "Diluted Average Shares": 145000000.0,
        "Basic Average Shares": 142000000.0,
        "Diluted EPS": 0.08,
        "Basic EPS": 0.08,
        "Diluted NI Availto Com Stockholders": NaN,
        "Net Income Common Stockholders": NaN,
        "Preferred Stock Dividends": NaN,
        "Net Income": NaN,
        "Minority Interests": NaN,
        "Net Income Including Noncontrolling Interests": NaN,
        "Net Income Discontinuous Operations": 0.0,
        "Net Income Continuous Operations": NaN,
        "Tax Provision": NaN,
        "Pretax Income": NaN,
        "Other Income Expense": NaN,
        "Special Income Charges": NaN,
        "Other Special Charges": NaN,
        "Write Off": NaN,
        "Impairment Of Capital Assets": NaN,
        "Restructuring And Mergern Acquisition": 0.0,
        "Gain On Sale Of Security": NaN,
        "Net Non Operating Interest Income Expense": NaN,
        "Interest Expense Non Operating": NaN,
        "Interest Income Non Operating": NaN,
        "Operating Income": NaN,
        "Operating Expense": NaN,
        "Selling General And Administration": NaN,
        "General And Administrative Expense": NaN,
        "Other Gand A": NaN,
        "Salaries And Wages": NaN,
        "Gross Profit": NaN,
        "Cost Of Revenue": NaN,
        "Total Revenue": NaN,
        "Operating Revenue": NaN
    },
    "2022-06-30": {
        "Tax Effect Of Unusual Items": 9517000.0,
        "Tax Rate For Calcs": 0.307,
        "Normalized EBITDA": 107000000.0,
        "Total Unusual Items": 31000000.0,
        "Total Unusual Items Excluding Goodwill": 31000000.0,
        "Net Income From Continuing Operation Net Minority Interest": 66000000.0,
        "Reconciled Depreciation": 20000000.0,
        "Reconciled Cost Of Revenue": 3184000000.0,
        "EBITDA": 138000000.0,
        "EBIT": 118000000.0,
        "Net Interest Income": -1000000.0,
        "Interest Expense": 13000000.0,
        "Interest Income": 12000000.0,
        "Normalized Income": 44517000.0,
        "Net Income From Continuing And Discontinued Operation": 66000000.0,
        "Total Expenses": 3224000000.0,
        "Total Operating Income As Reported": 106000000.0,
        "Diluted Average Shares": 172000000.0,
        "Basic Average Shares": 142000000.0,
        "Diluted EPS": 0.38,
        "Basic EPS": 0.4,
        "Diluted NI Availto Com Stockholders": 56000000.0,
        "Net Income Common Stockholders": 56000000.0,
        "Preferred Stock Dividends": 10000000.0,
        "Net Income": 66000000.0,
        "Minority Interests": -7000000.0,
        "Net Income Including Noncontrolling Interests": 73000000.0,
        "Net Income Discontinuous Operations": 0.0,
        "Net Income Continuous Operations": 73000000.0,
        "Tax Provision": 32000000.0,
        "Pretax Income": 105000000.0,
        "Other Income Expense": 31000000.0,
        "Special Income Charges": -5000000.0,
        "Other Special Charges": 5000000.0,
        "Write Off": 0.0,
        "Impairment Of Capital Assets": NaN,
        "Restructuring And Mergern Acquisition": NaN,
        "Gain On Sale Of Security": 36000000.0,
        "Net Non Operating Interest Income Expense": -1000000.0,
        "Interest Expense Non Operating": 13000000.0,
        "Interest Income Non Operating": 12000000.0,
        "Operating Income": 75000000.0,
        "Operating Expense": 40000000.0,
        "Selling General And Administration": 40000000.0,
        "General And Administrative Expense": 40000000.0,
        "Other Gand A": 23000000.0,
        "Salaries And Wages": 17000000.0,
        "Gross Profit": 115000000.0,
        "Cost Of Revenue": 3184000000.0,
        "Total Revenue": 3299000000.0,
        "Operating Revenue": 3299000000.0
    },
    "2022-03-31": {
        "Diluted EPS": 0.27,
        "Total Revenue": NaN,
        "Gross Profit": 123,
        "Operating Income": 96,
        "EBIT": 111,
        "Net Income": 38
    },
    "2021-12-31": {
        "Diluted EPS": -2.04,
        "Total Revenue": NaN,
        "Gross Profit": 160,
        "Operating Income": -266,
        "EBIT": -252,
        "Net Income": -288
    },
    "2021-09-30": {
        "Diluted EPS": 0.22,
        "Total Revenue": NaN,
        "Gross Profit": 113,
        "Operating Income": 101,
        "EBIT": 118,
        "Net Income": 31
    },
    "2021-06-30": {
        "Diluted EPS": -0.85,
        "Total Revenue": NaN,
        "Gross Profit": 88,
        "Operating Income": -76,
        "EBIT": -57,
        "Net Income": -120
    },
    "2021-03-31": {
        "Diluted EPS": -0.62,
        "Total Revenue": NaN,
        "Gross Profit": 93,
        "Operating Income": -32,
        "EBIT": -8,
        "Net Income": -87
    },
    "2020-12-31": {
        "Diluted EPS": -1.16,
        "Total Revenue": NaN,
        "Gross Profit": 135,
        "Operating Income": -304,
        "EBIT": -279,
        "Net Income": -163
    },
    "2020-09-30": {
        "Diluted EPS": 0.14,
        "Total Revenue": NaN,
        "Gross Profit": 133,
        "Operating Income": 66,
        "EBIT": 88,
        "Net Income": 19
    },
    "2020-06-30": {
        "Diluted EPS": -0.18,
        "Total Revenue": NaN,
        "Gross Profit": 79,
        "Operating Income": 33,
        "EBIT": 61,
        "Net Income": -25
    },
    "2020-03-31": {
        "Diluted EPS": -1.9,
        "Total Revenue": NaN,
        "Gross Profit": 64,
        "Operating Income": -27,
        "EBIT": 2,
        "Net Income": -266
    },
    "2019-12-31": {
        "Diluted EPS": -2.13,
        "Total Revenue": NaN,
        "Gross Profit": 71,
        "Operating Income": -43,
        "EBIT": -42,
        "Net Income": -296
    },
    "2019-09-30": {
        "Diluted EPS": -5.3,
        "Total Revenue": NaN,
        "Gross Profit": 91,
        "Operating Income": -254,
        "EBIT": -211,
        "Net Income": -743
    },
    "2019-06-30": {
        "Diluted EPS": -2.95,
        "Total Revenue": NaN,
        "Gross Profit": -431,
        "Operating Income": -508,
        "EBIT": -444,
        "Net Income": -414
    },
    "2019-03-31": {
        "Diluted EPS": -0.49,
        "Total Revenue": NaN,
        "Gross Profit": 63,
        "Operating Income": -23,
        "EBIT": 40,
        "Net Income": -69
    },
    "2018-12-31": {
        "Diluted EPS": 0.0,
        "Total Revenue": NaN,
        "Gross Profit": 114,
        "Operating Income": 107,
        "EBIT": 167,
        "Net Income": -1
    },
    "2018-09-30": {
        "Diluted EPS": 0.55,
        "Total Revenue": NaN,
        "Gross Profit": 187,
        "Operating Income": 126,
        "EBIT": 190,
        "Net Income": 77
    },
    "2018-06-30": {
        "Diluted EPS": 0.81,
        "Total Revenue": NaN,
        "Gross Profit": 210,
        "Operating Income": 192,
        "EBIT": 258,
        "Net Income": 115
    },
    "2018-03-31": {
        "Diluted EPS": -0.13,
        "Total Revenue": NaN,
        "Gross Profit": 58,
        "Operating Income": 1,
        "EBIT": 71,
        "Net Income": -18
    },
    "2017-12-31": {
        "Diluted EPS": 0.16,
        "Total Revenue": 313,
        "Gross Profit": -126,
        "Operating Income": -171,
        "EBIT": -104,
        "Net Income": 23
    },
    "2017-09-30": {
        "Diluted EPS": 0.67,
        "Total Revenue": NaN,
        "Gross Profit": 222,
        "Operating Income": 176,
        "EBIT": 241,
        "Net Income": 94
    },
    "2017-06-30": {
        "Diluted EPS": -0.17,
        "Total Revenue": NaN,
        "Gross Profit": 32,
        "Operating Income": -15,
        "EBIT": 47,
        "Net Income": -24
    },
    "2017-03-31": {
        "Diluted EPS": 0.43,
        "Total Revenue": NaN,
        "Gross Profit": 150,
        "Operating Income": 105,
        "EBIT": 176,
        "Net Income": 61
    },
    "2016-12-31": {
        "Diluted EPS": 0.51,
        "Total Revenue": NaN,
        "Gross Profit": 249,
        "Operating Income": 193,
        "EBIT": 259,
        "Net Income": 70
    },
    "2016-09-30": {
        "Diluted EPS": 0.03,
        "Total Revenue": NaN,
        "Gross Profit": 37,
        "Operating Income": 10,
        "EBIT": 77,
        "Net Income": 5
    },
    "2016-06-30": {
        "Diluted EPS": 0.72,
        "Total Revenue": NaN,
        "Gross Profit": 248,
        "Operating Income": 196,
        "EBIT": 267,
        "Net Income": 102
    },
    "2016-03-31": {
        "Diluted EPS": 0.74,
        "Total Revenue": NaN,
        "Gross Profit": 256,
        "Operating Income": 201,
        "EBIT": 262,
        "Net Income": 104
    },
    "2015-12-31": {
        "Diluted EPS": -0.32,
        "Total Revenue": NaN,
        "Gross Profit": 252,
        "Operating Income": -32,
        "EBIT": 36,
        "Net Income": -51
    },
    "2015-09-30": {
        "Diluted EPS": 1.17,
        "Total Revenue": NaN,
        "Gross Profit": 251,
        "Operating Income": 216,
        "EBIT": 276,
        "Net Income": 171
    },
    "2015-06-30": {
        "Diluted EPS": 1.0,
        "Total Revenue": NaN,
        "Gross Profit": 294,
        "Operating Income": 246,
        "EBIT": 309,
        "Net Income": 149
    },
    "2015-03-31": {
        "Diluted EPS": 0.96,
        "Total Revenue": NaN,
        "Gross Profit": 297,
        "Operating Income": 256,
        "EBIT": 317,
        "Net Income": 144
    },
    "2014-12-31": {
        "Diluted EPS": 1.36,
        "Total Revenue": NaN,
        "Gross Profit": 361,
        "Operating Income": 308,
        "EBIT": 368,
        "Net Income": 215
    },
    "2014-09-30": {
        "Diluted EPS": 0.44,
        "Total Revenue": NaN,
        "Gross Profit": 380,
        "Operating Income": 345,
        "EBIT": 407,
        "Net Income": 70
    },
    "2014-06-30": {
        "Diluted EPS": 0.48,
        "Total Revenue": NaN,
        "Gross Profit": 345,
        "Operating Income": 289,
        "EBIT": 348,
        "Net Income": 78
    },
    "2014-03-31": {
        "Diluted EPS": 0.92,
        "Total Revenue": NaN,
        "Gross Profit": 312,
        "Operating Income": 275,
        "EBIT": 334,
        "Net Income": 149
    },
    "2013-12-31": {
        "Diluted EPS": 1.01,
        "Total Revenue": NaN,
        "Gross Profit": 336,
        "Operating Income": 271,
        "EBIT": 327,
        "Net Income": 167
    },
    "2013-09-30": {
        "Diluted EPS": 1.05,
        "Total Revenue": NaN,
        "Gross Profit": 355,
        "Operating Income": 308,
        "EBIT": 373,
        "Net Income": 173
    },
    "2013-06-30": {
        "Diluted EPS": 0.98,
        "Total Revenue": NaN,
        "Gross Profit": 333,
        "Operating Income": 301,
        "EBIT": 366,
        "Net Income": 161
    },
    "2013-03-31": {
        "Diluted EPS": 1.02,
        "Total Revenue": NaN,
        "Gross Profit": 342,
        "Operating Income": 309,
        "EBIT": 374,
        "Net Income": 166
    },
    "2012-12-31": {
        "Diluted EPS": -0.01,
        "Total Revenue": NaN,
        "Gross Profit": -16,
        "Operating Income": -57,
        "EBIT": 8,
        "Net Income": -4
    },
    "2012-09-30": {
        "Diluted EPS": 0.86,
        "Total Revenue": NaN,
        "Gross Profit": 306,
        "Operating Income": 265,
        "EBIT": 328,
        "Net Income": 145
    },
    "2012-06-30": {
        "Diluted EPS": 0.95,
        "Total Revenue": NaN,
        "Gross Profit": 318,
        "Operating Income": 287,
        "EBIT": 349,
        "Net Income": 161
    },
    "2012-03-31": {
        "Diluted EPS": 0.91,
        "Total Revenue": NaN,
        "Gross Profit": 276,
        "Operating Income": 238,
        "EBIT": 299,
        "Net Income": 155
    },
    "2011-12-31": {
        "Diluted EPS": 0.9,
        "Total Revenue": NaN,
        "Gross Profit": 310,
        "Operating Income": 248,
        "EBIT": 308,
        "Net Income": 153
    },
    "2011-09-30": {
        "Diluted EPS": 0.78,
        "Total Revenue": NaN,
        "Gross Profit": 262,
        "Operating Income": 225,
        "EBIT": 284,
        "Net Income": 135
    },
    "2011-06-30": {
        "Diluted EPS": 0.94,
        "Total Revenue": NaN,
        "Gross Profit": 307,
        "Operating Income": 276,
        "EBIT": 335,
        "Net Income": 165
    },
    "2011-03-31": {
        "Diluted EPS": 0.78,
        "Total Revenue": NaN,
        "Gross Profit": 270,
        "Operating Income": 236,
        "EBIT": 297,
        "Net Income": 140
    },
    "2010-12-31": {
        "Diluted EPS": 0.65,
        "Total Revenue": NaN,
        "Gross Profit": 99,
        "Operating Income": 41,
        "EBIT": 104,
        "Net Income": 117
    },
    "2010-09-30": {
        "Diluted EPS": -0.3,
        "Total Revenue": NaN,
        "Gross Profit": 62,
        "Operating Income": 22,
        "EBIT": 82,
        "Net Income": -54
    },
    "2010-06-30": {
        "Diluted EPS": 0.87,
        "Total Revenue": NaN,
        "Gross Profit": 284,
        "Operating Income": 256,
        "EBIT": 315,
        "Net Income": 157
    },
    "2010-03-31": {
        "Diluted EPS": 0.76,
        "Total Revenue": NaN,
        "Gross Profit": 261,
        "Operating Income": 230,
        "EBIT": 286,
        "Net Income": 137
    },
    "2009-12-31": {
        "Diluted EPS": 0.81,
        "Total Revenue": NaN,
        "Gross Profit": 323,
        "Operating Income": 261,
        "EBIT": 316,
        "Net Income": 149
    },
    "2009-09-30": {
        "Diluted EPS": 0.89,
        "Total Revenue": NaN,
        "Gross Profit": 312,
        "Operating Income": 263,
        "EBIT": 317,
        "Net Income": 162
    },
    "2009-06-30": {
        "Diluted EPS": 0.93,
        "Total Revenue": NaN,
        "Gross Profit": 317,
        "Operating Income": 275,
        "EBIT": 329,
        "Net Income": 169
    },
    "2009-03-31": {
        "Diluted EPS": 1.12,
        "Total Revenue": NaN,
        "Gross Profit": 349,
        "Operating Income": 324,
        "EBIT": 376,
        "Net Income": 205
    },
    "2023-06-30": {
        "Tax Effect Of Unusual Items": NaN,
        "Tax Rate For Calcs": NaN,
        "Normalized EBITDA": NaN,
        "Total Unusual Items": NaN,
        "Total Unusual Items Excluding Goodwill": NaN,
        "Net Income From Continuing Operation Net Minority Interest": NaN,
        "Reconciled Depreciation": NaN,
        "Reconciled Cost Of Revenue": NaN,
        "EBITDA": NaN,
        "EBIT": NaN,
        "Net Interest Income": NaN,
        "Interest Expense": NaN,
        "Interest Income": NaN,
        "Normalized Income": NaN,
        "Net Income From Continuing And Discontinued Operation": NaN,
        "Total Expenses": NaN,
        "Total Operating Income As Reported": NaN,
        "Diluted Average Shares": 172000000.0,
        "Basic Average Shares": 143000000.0,
        "Diluted EPS": 0.35,
        "Basic EPS": 0.36,
        "Diluted NI Availto Com Stockholders": NaN,
        "Net Income Common Stockholders": NaN,
        "Preferred Stock Dividends": 10000000.0,
        "Net Income": NaN,
        "Minority Interests": NaN,
        "Net Income Including Noncontrolling Interests": NaN,
        "Net Income Continuous Operations": NaN,
        "Tax Provision": NaN,
        "Pretax Income": NaN,
        "Other Income Expense": NaN,
        "Special Income Charges": NaN,
        "Other Special Charges": 3000000.0,
        "Write Off": 0.0,
        "Gain On Sale Of Security": NaN,
        "Net Non Operating Interest Income Expense": NaN,
        "Interest Expense Non Operating": NaN,
        "Interest Income Non Operating": NaN,
        "Operating Income": NaN,
        "Operating Expense": NaN,
        "Selling General And Administration": NaN,
        "General And Administrative Expense": NaN,
        "Other Gand A": NaN,
        "Salaries And Wages": 35000000.0,
        "Gross Profit": NaN,
        "Cost Of Revenue": NaN,
        "Total Revenue": NaN,
        "Operating Revenue": NaN
    },
    "2023-09-30": {
        "Tax Effect Of Unusual Items": NaN,
        "Tax Rate For Calcs": NaN,
        "Normalized EBITDA": NaN,
        "Total Unusual Items": NaN,
        "Total Unusual Items Excluding Goodwill": NaN,
        "Net Income From Continuing Operation Net Minority Interest": NaN,
        "Reconciled Depreciation": NaN,
        "Reconciled Cost Of Revenue": NaN,
        "EBITDA": NaN,
        "EBIT": NaN,
        "Net Interest Income": NaN,
        "Interest Expense": NaN,
        "Interest Income": NaN,
        "Normalized Income": NaN,
        "Net Income From Continuing And Discontinued Operation": NaN,
        "Total Expenses": NaN,
        "Total Operating Income As Reported": NaN,
        "Diluted Average Shares": 147000000.0,
        "Basic Average Shares": 144000000.0,
        "Diluted EPS": 1.15,
        "Basic EPS": 1.18,
        "Diluted NI Availto Com Stockholders": NaN,
        "Net Income Common Stockholders": NaN,
        "Preferred Stock Dividends": 37000000.0,
        "Net Income": NaN,
        "Minority Interests": NaN,
        "Net Income Including Noncontrolling Interests": NaN,
        "Net Income Continuous Operations": NaN,
        "Earnings From Equity Interest Net Of Tax": NaN,
        "Tax Provision": NaN,
        "Pretax Income": NaN,
        "Other Income Expense": NaN,
        "Special Income Charges": 0.0,
        "Other Special Charges": NaN,
        "Write Off": 0.0,
        "Gain On Sale Of Security": NaN,
        "Net Non Operating Interest Income Expense": NaN,
        "Interest Expense Non Operating": NaN,
        "Interest Income Non Operating": NaN,
        "Operating Income": NaN,
        "Operating Expense": NaN,
        "Selling General And Administration": NaN,
        "General And Administrative Expense": NaN,
        "Other Gand A": NaN,
        "Salaries And Wages": 45000000.0,
        "Gross Profit": NaN,
        "Cost Of Revenue": NaN,
        "Total Revenue": NaN,
        "Operating Revenue": NaN
    },
    "2023-12-31": {
        "Tax Effect Of Unusual Items": NaN,
        "Tax Rate For Calcs": NaN,
        "Normalized EBITDA": NaN,
        "Total Unusual Items": NaN,
        "Total Unusual Items Excluding Goodwill": NaN,
        "Net Income From Continuing Operation Net Minority Interest": NaN,
        "Reconciled Depreciation": NaN,
        "Reconciled Cost Of Revenue": NaN,
        "EBITDA": NaN,
        "EBIT": NaN,
        "Net Interest Income": NaN,
        "Interest Expense": NaN,
        "Interest Income": NaN,
        "Normalized Income": NaN,
        "Net Income From Continuing And Discontinued Operation": NaN,
        "Total Expenses": NaN,
        "Total Operating Income As Reported": NaN,
        "Diluted Average Shares": NaN,
        "Basic Average Shares": NaN,
        "Diluted EPS": NaN,
        "Basic EPS": NaN,
        "Diluted NI Availto Com Stockholders": NaN,
        "Net Income Common Stockholders": NaN,
        "Preferred Stock Dividends": 0.0,
        "Net Income": NaN,
        "Minority Interests": NaN,
        "Net Income Including Noncontrolling Interests": NaN,
        "Net Income Continuous Operations": NaN,
        "Earnings From Equity Interest Net Of Tax": NaN,
        "Tax Provision": NaN,
        "Pretax Income": NaN,
        "Other Income Expense": NaN,
        "Special Income Charges": -5000000.0,
        "Other Special Charges": 0.0,
        "Write Off": 0.0,
        "Gain On Sale Of Security": NaN,
        "Net Non Operating Interest Income Expense": NaN,
        "Interest Expense Non Operating": NaN,
        "Interest Income Non Operating": NaN,
        "Operating Income": NaN,
        "Operating Expense": NaN,
        "Selling General And Administration": NaN,
        "General And Administrative Expense": NaN,
        "Other Gand A": NaN,
        "Salaries And Wages": 42000000.0,
        "Gross Profit": NaN,
        "Cost Of Revenue": NaN,
        "Total Revenue": NaN,
        "Operating Revenue": NaN
    },
    "2024-03-31": {
        "Tax Effect Of Unusual Items": NaN,
        "Tax Rate For Calcs": NaN,
        "Normalized EBITDA": NaN,
        "Total Unusual Items": NaN,
        "Total Unusual Items Excluding Goodwill": NaN,
        "Net Income From Continuing Operation Net Minority Interest": NaN,
        "Reconciled Depreciation": NaN,
        "Reconciled Cost Of Revenue": NaN,
        "EBITDA": NaN,
        "EBIT": NaN,
        "Net Interest Income": NaN,
        "Interest Expense": NaN,
        "Interest Income": NaN,
        "Normalized Income": NaN,
        "Net Income From Continuing And Discontinued Operation": NaN,
        "Total Expenses": NaN,
        "Total Operating Income As Reported": NaN,
        "Diluted Average Shares": 173000000.0,
        "Basic Average Shares": 171000000.0,
        "Diluted EPS": 0.34,
        "Basic EPS": 0.35,
        "Diluted NI Availto Com Stockholders": NaN,
        "Net Income Common Stockholders": NaN,
        "Preferred Stock Dividends": NaN,
        "Net Income": NaN,
        "Minority Interests": NaN,
        "Net Income Including Noncontrolling Interests": NaN,
        "Net Income Continuous Operations": NaN,
        "Earnings From Equity Interest Net Of Tax": 0.0,
        "Tax Provision": NaN,
        "Pretax Income": NaN,
        "Other Income Expense": NaN,
        "Special Income Charges": NaN,
        "Other Special Charges": NaN,
        "Write Off": NaN,
        "Gain On Sale Of Security": NaN,
        "Net Non Operating Interest Income Expense": NaN,
        "Interest Expense Non Operating": NaN,
        "Interest Income Non Operating": NaN,
        "Operating Income": NaN,
        "Operating Expense": NaN,
        "Selling General And Administration": NaN,
        "General And Administrative Expense": NaN,
        "Other Gand A": NaN,
        "Salaries And Wages": NaN,
        "Gross Profit": NaN,
        "Cost Of Revenue": NaN,
        "Total Revenue": NaN,
        "Operating Revenue": NaN
    },
    "2024-06-30": {
        "Tax Effect Of Unusual Items": 13680000.0,
        "Tax Rate For Calcs": 0.285,
        "Normalized EBITDA": 193000000.0,
        "Total Unusual Items": 48000000.0,
        "Total Unusual Items Excluding Goodwill": 48000000.0,
        "Net Income From Continuing Operation Net Minority Interest": 169000000.0,
        "Reconciled Depreciation": 16000000.0,
        "Reconciled Cost Of Revenue": 4049000000.0,
        "EBITDA": 241000000.0,
        "EBIT": 225000000.0,
        "Net Interest Income": 38000000.0,
        "Interest Expense": 11000000.0,
        "Interest Income": 49000000.0,
        "Normalized Income": 134680000.0,
        "Net Income From Continuing And Discontinued Operation": 169000000.0,
        "Total Expenses": 4099000000.0,
        "Total Operating Income As Reported": 176000000.0,
        "Diluted Average Shares": 174000000.0,
        "Basic Average Shares": 171000000.0,
        "Diluted EPS": 0.97,
        "Basic EPS": 0.99,
        "Diluted NI Availto Com Stockholders": 169000000.0,
        "Net Income Common Stockholders": 169000000.0,
        "Preferred Stock Dividends": NaN,
        "Net Income": 169000000.0,
        "Minority Interests": 16000000.0,
        "Net Income Including Noncontrolling Interests": 153000000.0,
        "Net Income Continuous Operations": 153000000.0,
        "Earnings From Equity Interest Net Of Tax": NaN,
        "Tax Provision": 61000000.0,
        "Pretax Income": 214000000.0,
        "Other Income Expense": 48000000.0,
        "Special Income Charges": 0.0,
        "Other Special Charges": NaN,
        "Write Off": NaN,
        "Gain On Sale Of Security": 48000000.0,
        "Net Non Operating Interest Income Expense": 38000000.0,
        "Interest Expense Non Operating": 11000000.0,
        "Interest Income Non Operating": 49000000.0,
        "Operating Income": 128000000.0,
        "Operating Expense": 50000000.0,
        "Selling General And Administration": 50000000.0,
        "General And Administrative Expense": 50000000.0,
        "Other Gand A": 50000000.0,
        "Salaries And Wages": NaN,
        "Gross Profit": 178000000.0,
        "Cost Of Revenue": 4049000000.0,
        "Total Revenue": 4227000000.0,
        "Operating Revenue": 4227000000.0
    },
    "2024-09-30": {
        "Tax Effect Of Unusual Items": -420000.0,
        "Tax Rate For Calcs": 0.21,
        "Normalized EBITDA": 118000000.0,
        "Total Unusual Items": -2000000.0,
        "Total Unusual Items Excluding Goodwill": -2000000.0,
        "Net Income From Continuing Operation Net Minority Interest": 54000000.0,
        "Reconciled Depreciation": 19000000.0,
        "Reconciled Cost Of Revenue": 4006000000.0,
        "EBITDA": 116000000.0,
        "EBIT": 97000000.0,
        "Net Interest Income": 37000000.0,
        "Interest Expense": 11000000.0,
        "Interest Income": 48000000.0,
        "Normalized Income": 55580000.0,
        "Net Income From Continuing And Discontinued Operation": 54000000.0,
        "Total Expenses": 4043000000.0,
        "Total Operating Income As Reported": 49000000.0,
        "Diluted Average Shares": 174000000.0,
        "Basic Average Shares": 171000000.0,
        "Diluted EPS": 0.31,
        "Basic EPS": 0.32,
        "Diluted NI Availto Com Stockholders": 54000000.0,
        "Net Income Common Stockholders": 54000000.0,
        "Preferred Stock Dividends": NaN,
        "Net Income": 54000000.0,
        "Minority Interests": 29000000.0,
        "Net Income Including Noncontrolling Interests": 25000000.0,
        "Net Income Continuous Operations": 25000000.0,
        "Earnings From Equity Interest Net Of Tax": NaN,
        "Tax Provision": 61000000.0,
        "Pretax Income": 86000000.0,
        "Other Income Expense": -2000000.0,
        "Special Income Charges": 0.0,
        "Other Special Charges": NaN,
        "Write Off": NaN,
        "Gain On Sale Of Security": -2000000.0,
        "Net Non Operating Interest Income Expense": 37000000.0,
        "Interest Expense Non Operating": 11000000.0,
        "Interest Income Non Operating": 48000000.0,
        "Operating Income": 51000000.0,
        "Operating Expense": 37000000.0,
        "Selling General And Administration": 37000000.0,
        "General And Administrative Expense": 37000000.0,
        "Other Gand A": 37000000.0,
        "Salaries And Wages": NaN,
        "Gross Profit": 88000000.0,
        "Cost Of Revenue": 4006000000.0,
        "Total Revenue": 4094000000.0,
        "Operating Revenue": 4094000000.0
    },
    "2024-12-31": {
        "Tax Effect Of Unusual Items": 7140000.0,
        "Tax Rate For Calcs": 0.21,
        "Normalized EBITDA": 219000000.0,
        "Total Unusual Items": 34000000.0,
        "Total Unusual Items Excluding Goodwill": 34000000.0,
        "Net Income From Continuing Operation Net Minority Interest": 1863000000.0,
        "Reconciled Depreciation": 20000000.0,
        "Reconciled Cost Of Revenue": 4052000000.0,
        "EBITDA": 253000000.0,
        "EBIT": 233000000.0,
        "Net Interest Income": 36000000.0,
        "Interest Expense": 11000000.0,
        "Interest Income": 47000000.0,
        "Normalized Income": 1836140000.0,
        "Net Income From Continuing And Discontinued Operation": 1863000000.0,
        "Total Expenses": 4108000000.0,
        "Total Operating Income As Reported": 186000000.0,
        "Diluted Average Shares": NaN,
        "Basic Average Shares": NaN,
        "Diluted EPS": NaN,
        "Basic EPS": NaN,
        "Diluted NI Availto Com Stockholders": 1863000000.0,
        "Net Income Common Stockholders": 1863000000.0,
        "Preferred Stock Dividends": NaN,
        "Net Income": 1863000000.0,
        "Minority Interests": -2000000.0,
        "Net Income Including Noncontrolling Interests": 1865000000.0,
        "Net Income Continuous Operations": 1865000000.0,
        "Earnings From Equity Interest Net Of Tax": NaN,
        "Tax Provision": 462000000.0,
        "Pretax Income": 222000000.0,
        "Other Income Expense": 34000000.0,
        "Special Income Charges": 0.0,
        "Other Special Charges": NaN,
        "Write Off": NaN,
        "Gain On Sale Of Security": 34000000.0,
        "Net Non Operating Interest Income Expense": 36000000.0,
        "Interest Expense Non Operating": 11000000.0,
        "Interest Income Non Operating": 47000000.0,
        "Operating Income": 152000000.0,
        "Operating Expense": 56000000.0,
        "Selling General And Administration": 56000000.0,
        "General And Administrative Expense": 56000000.0,
        "Other Gand A": 56000000.0,
        "Salaries And Wages": NaN,
        "Gross Profit": 208000000.0,
        "Cost Of Revenue": 4052000000.0,
        "Total Revenue": 4260000000.0,
        "Operating Revenue": 4260000000.0
    },
    "2025-03-31": {
        "Tax Effect Of Unusual Items": -5200000.0,
        "Tax Rate For Calcs": 0.4,
        "Normalized EBITDA": 151000000.0,
        "Total Unusual Items": -13000000.0,
        "Total Unusual Items Excluding Goodwill": -13000000.0,
        "Net Income From Continuing Operation Net Minority Interest": -241000000.0,
        "Reconciled Depreciation": 18000000.0,
        "Reconciled Cost Of Revenue": 3842000000.0,
        "EBITDA": 138000000.0,
        "EBIT": 120000000.0,
        "Net Interest Income": 17000000.0,
        "Interest Expense": 12000000.0,
        "Interest Income": 29000000.0,
        "Normalized Income": -233200000.0,
        "Net Income From Continuing And Discontinued Operation": -241000000.0,
        "Total Expenses": 3878000000.0,
        "Total Operating Income As Reported": 91000000.0,
        "Diluted Average Shares": 169000000.0,
        "Basic Average Shares": 169000000.0,
        "Diluted EPS": -1.42,
        "Basic EPS": -1.42,
        "Diluted NI Availto Com Stockholders": -241000000.0,
        "Net Income Common Stockholders": -241000000.0,
        "Preferred Stock Dividends": NaN,
        "Net Income": -241000000.0,
        "Minority Interests": -9000000.0,
        "Net Income Including Noncontrolling Interests": -232000000.0,
        "Net Income Continuous Operations": -232000000.0,
        "Earnings From Equity Interest Net Of Tax": -393000000.0,
        "Tax Provision": -53000000.0,
        "Pretax Income": 108000000.0,
        "Other Income Expense": -13000000.0,
        "Special Income Charges": NaN,
        "Other Special Charges": NaN,
        "Write Off": NaN,
        "Gain On Sale Of Security": -13000000.0,
        "Net Non Operating Interest Income Expense": 17000000.0,
        "Interest Expense Non Operating": 12000000.0,
        "Interest Income Non Operating": 29000000.0,
        "Operating Income": 104000000.0,
        "Operating Expense": 36000000.0,
        "Selling General And Administration": 36000000.0,
        "General And Administrative Expense": 36000000.0,
        "Other Gand A": 36000000.0,
        "Salaries And Wages": NaN,
        "Gross Profit": 140000000.0,
        "Cost Of Revenue": 3842000000.0,
        "Total Revenue": 3982000000.0,
        "Operating Revenue": 3982000000.0
    },
    "2025-06-30": {
        "Tax Effect Of Unusual Items": -7140000.0,
        "Tax Rate For Calcs": 0.21,
        "Normalized EBITDA": 51000000.0,
        "Total Unusual Items": -34000000.0,
        "Total Unusual Items Excluding Goodwill": -34000000.0,
        "Net Income From Continuing Operation Net Minority Interest": 2460000000.0,
        "Reconciled Depreciation": 17000000.0,
        "Reconciled Cost Of Revenue": 3922000000.0,
        "EBITDA": 17000000.0,
        "EBIT": 0.0,
        "Net Interest Income": 17000000.0,
        "Interest Expense": 9000000.0,
        "Interest Income": 26000000.0,
        "Normalized Income": 2486860000.0,
        "Net Income From Continuing And Discontinued Operation": 2460000000.0,
        "Total Expenses": 3970000000.0,
        "Total Operating Income As Reported": -26000000.0,
        "Diluted Average Shares": NaN,
        "Basic Average Shares": NaN,
        "Diluted EPS": NaN,
        "Basic EPS": NaN,
        "Diluted NI Availto Com Stockholders": 2460000000.0,
        "Net Income Common Stockholders": 2460000000.0,
        "Preferred Stock Dividends": NaN,
        "Net Income": 2460000000.0,
        "Minority Interests": 22000000.0,
        "Net Income Including Noncontrolling Interests": 2438000000.0,
        "Net Income Continuous Operations": 2438000000.0,
        "Earnings From Equity Interest Net Of Tax": 3212000000.0,
        "Tax Provision": 765000000.0,
        "Pretax Income": -9000000.0,
        "Other Income Expense": -34000000.0,
        "Special Income Charges": -4000000.0,
        "Other Special Charges": 4000000.0,
        "Write Off": NaN,
        "Gain On Sale Of Security": -30000000.0,
        "Net Non Operating Interest Income Expense": 17000000.0,
        "Interest Expense Non Operating": 9000000.0,
        "Interest Income Non Operating": 26000000.0,
        "Operating Income": 8000000.0,
        "Operating Expense": 48000000.0,
        "Selling General And Administration": 48000000.0,
        "General And Administrative Expense": 48000000.0,
        "Other Gand A": 48000000.0,
        "Salaries And Wages": NaN,
        "Gross Profit": 56000000.0,
        "Cost Of Revenue": 3922000000.0,
        "Total Revenue": 3978000000.0,
        "Operating Revenue": 3978000000.0
    }
}