{
    "2023-03-31": {
        "Tax Effect Of Unusual Items": 0.0,
        "Tax Rate For Calcs": 0.0,
        "Normalized EBITDA": -911000.0,
        "Net Income From Continuing Operation Net Minority Interest": -1445000.0,
        "Reconciled Depreciation": 276000.0,
        "Reconciled Cost Of Revenue": 10368000.0,
        "EBITDA": -911000.0,
        "EBIT": -1187000.0,
        "Net Interest Income": -258000.0,
        "Interest Expense": 258000.0,
        "Normalized Income": -1445000.0,
        "Net Income From Continuing And Discontinued Operation": -1445000.0,
        "Total Expenses": 16274000.0,
        "Total Operating Income As Reported": -1187000.0,
        "Diluted Average Shares": 16048054.0,
        "Basic Average Shares": 16048054.0,
        "Diluted EPS": -0.09,
        "Basic EPS": -0.09,
        "Diluted NI Availto Com Stockholders": -1445000.0,
        "Net Income Common Stockholders": -1445000.0,
        "Net Income": -1445000.0,
        "Net Income Including Noncontrolling Interests": -1445000.0,
        "Net Income Continuous Operations": -1445000.0,
        "Pretax Income": -1445000.0,
        "Other Income Expense": NaN,
        "Other Non Operating Income Expenses": NaN,
        "Net Non Operating Interest Income Expense": -258000.0,
        "Interest Expense Non Operating": 258000.0,
        "Operating Income": -1187000.0,
        "Operating Expense": 5906000.0,
        "Research And Development": 1182000.0,
        "Selling General And Administration": 4724000.0,
        "Gross Profit": 4719000.0,
        "Cost Of Revenue": 10368000.0,
        "Total Revenue": 15087000.0,
        "Operating Revenue": 15087000.0
    },
    "2022-12-31": {
        "Tax Effect Of Unusual Items": NaN,
        "Tax Rate For Calcs": NaN,
        "Normalized EBITDA": NaN,
        "Net Income From Continuing Operation Net Minority Interest": NaN,
        "Reconciled Depreciation": NaN,
        "Reconciled Cost Of Revenue": NaN,
        "EBITDA": NaN,
        "EBIT": NaN,
        "Net Interest Income": NaN,
        "Interest Expense": NaN,
        "Normalized Income": NaN,
        "Net Income From Continuing And Discontinued Operation": NaN,
        "Total Expenses": NaN,
        "Total Operating Income As Reported": NaN,
        "Diluted Average Shares": 16020183.0,
        "Basic Average Shares": 16020183.0,
        "Diluted EPS": -0.1,
        "Basic EPS": -0.1,
        "Diluted NI Availto Com Stockholders": NaN,
        "Net Income Common Stockholders": NaN,
        "Net Income": NaN,
        "Net Income Including Noncontrolling Interests": NaN,
        "Net Income Continuous Operations": NaN,
        "Pretax Income": NaN,
        "Other Income Expense": 8000.0,
        "Other Non Operating Income Expenses": 8000.0,
        "Net Non Operating Interest Income Expense": NaN,
        "Interest Expense Non Operating": NaN,
        "Operating Income": NaN,
        "Operating Expense": NaN,
        "Research And Development": NaN,
        "Selling General And Administration": NaN,
        "Gross Profit": NaN,
        "Cost Of Revenue": NaN,
        "Total Revenue": NaN,
        "Operating Revenue": NaN
    },
    "2022-09-30": {
        "Tax Effect Of Unusual Items": 0.0,
        "Tax Rate For Calcs": 0.0,
        "Normalized EBITDA": -1639000.0,
        "Net Income From Continuing Operation Net Minority Interest": -2139000.0,
        "Reconciled Depreciation": 172000.0,
        "Reconciled Cost Of Revenue": 13892000.0,
        "EBITDA": -1639000.0,
        "EBIT": -1811000.0,
        "Net Interest Income": -328000.0,
        "Interest Expense": 328000.0,
        "Normalized Income": -2139000.0,
        "Net Income From Continuing And Discontinued Operation": -2139000.0,
        "Total Expenses": 19651000.0,
        "Total Operating Income As Reported": -1811000.0,
        "Diluted Average Shares": 15997296.0,
        "Basic Average Shares": 15997296.0,
        "Diluted EPS": -0.13,
        "Basic EPS": -0.13,
        "Diluted NI Availto Com Stockholders": -2139000.0,
        "Net Income Common Stockholders": -2139000.0,
        "Net Income": -2139000.0,
        "Net Income Including Noncontrolling Interests": -2139000.0,
        "Net Income Continuous Operations": -2139000.0,
        "Pretax Income": -2139000.0,
        "Other Income Expense": NaN,
        "Other Non Operating Income Expenses": NaN,
        "Net Non Operating Interest Income Expense": -328000.0,
        "Interest Expense Non Operating": 328000.0,
        "Operating Income": -1811000.0,
        "Operating Expense": 5759000.0,
        "Research And Development": 1223000.0,
        "Selling General And Administration": 4536000.0,
        "Gross Profit": 3948000.0,
        "Cost Of Revenue": 13892000.0,
        "Total Revenue": 17840000.0,
        "Operating Revenue": 17840000.0
    },
    "2022-06-30": {
        "Tax Effect Of Unusual Items": 0.0,
        "Tax Rate For Calcs": 0.0,
        "Normalized EBITDA": -2487000.0,
        "Net Income From Continuing Operation Net Minority Interest": -2653000.0,
        "Reconciled Depreciation": 163000.0,
        "Reconciled Cost Of Revenue": 12196000.0,
        "EBITDA": -2487000.0,
        "EBIT": -2487000.0,
        "Net Interest Income": -166000.0,
        "Interest Expense": 166000.0,
        "Normalized Income": -2653000.0,
        "Net Income From Continuing And Discontinued Operation": -2653000.0,
        "Total Expenses": 17682000.0,
        "Total Operating Income As Reported": -2487000.0,
        "Diluted Average Shares": 15993171.0,
        "Basic Average Shares": 15993171.0,
        "Diluted EPS": -0.17,
        "Basic EPS": -0.17,
        "Diluted NI Availto Com Stockholders": -2653000.0,
        "Net Income Common Stockholders": -2653000.0,
        "Net Income": -2653000.0,
        "Net Income Including Noncontrolling Interests": -2653000.0,
        "Net Income Continuous Operations": -2653000.0,
        "Pretax Income": -2653000.0,
        "Other Income Expense": NaN,
        "Other Non Operating Income Expenses": NaN,
        "Net Non Operating Interest Income Expense": -166000.0,
        "Interest Expense Non Operating": 166000.0,
        "Operating Income": -2487000.0,
        "Operating Expense": 5486000.0,
        "Research And Development": 1373000.0,
        "Selling General And Administration": 4113000.0,
        "Gross Profit": 2999000.0,
        "Cost Of Revenue": 12196000.0,
        "Total Revenue": 15195000.0,
        "Operating Revenue": 15195000.0
    },
    "2022-03-31": {
        "Diluted EPS": -0.23,
        "Total Revenue": 13,
        "Gross Profit": 2,
        "Operating Income": -4,
        "EBIT": -4,
        "Net Income": -4
    },
    "2021-12-31": {
        "Diluted EPS": -0.32,
        "Total Revenue": 8,
        "Gross Profit": 1,
        "Operating Income": -5,
        "EBIT": -5,
        "Net Income": -5
    },
    "2021-09-30": {
        "Diluted EPS": -0.3,
        "Total Revenue": 6,
        "Gross Profit": 1,
        "Operating Income": -4,
        "EBIT": -4,
        "Net Income": -4
    },
    "2021-06-30": {
        "Diluted EPS": -0.23,
        "Total Revenue": 8,
        "Gross Profit": 2,
        "Operating Income": -4,
        "EBIT": -4,
        "Net Income": -4
    },
    "2021-03-31": {
        "Diluted EPS": -0.14,
        "Total Revenue": 7,
        "Gross Profit": 2,
        "Operating Income": -3,
        "EBIT": -3,
        "Net Income": -2
    },
    "2020-12-31": {
        "Diluted EPS": -0.29,
        "Total Revenue": 6,
        "Gross Profit": 1,
        "Operating Income": -3,
        "EBIT": -3,
        "Net Income": -3
    },
    "2020-09-30": {
        "Diluted EPS": -0.42,
        "Total Revenue": 4,
        "Gross Profit": 1,
        "Operating Income": -4,
        "EBIT": -3,
        "Net Income": -4
    },
    "2020-06-30": {
        "Diluted EPS": -0.62,
        "Total Revenue": 6,
        "Gross Profit": 1,
        "Operating Income": -3,
        "EBIT": -3,
        "Net Income": -3
    },
    "2020-03-31": {
        "Diluted EPS": -0.78,
        "Total Revenue": 5,
        "Gross Profit": 1,
        "Operating Income": -3,
        "EBIT": -3,
        "Net Income": -4
    },
    "2019-12-31": {
        "Diluted EPS": -0.65,
        "Total Revenue": 4,
        "Gross Profit": 0,
        "Operating Income": -3,
        "EBIT": -3,
        "Net Income": -3
    },
    "2019-09-30": {
        "Diluted EPS": -0.75,
        "Total Revenue": 2,
        "Gross Profit": 0,
        "Operating Income": -3,
        "EBIT": -3,
        "Net Income": -4
    },
    "2019-06-30": {
        "Diluted EPS": -0.62,
        "Total Revenue": 3,
        "Gross Profit": 0,
        "Operating Income": -3,
        "EBIT": -3,
        "Net Income": -3
    },
    "2019-03-31": {
        "Diluted EPS": -0.75,
        "Total Revenue": 2,
        "Gross Profit": 0,
        "Operating Income": -4,
        "EBIT": -4,
        "Net Income": -4
    },
    "2018-12-31": {
        "Diluted EPS": -0.7,
        "Total Revenue": 3,
        "Gross Profit": 0,
        "Operating Income": -2,
        "EBIT": -2,
        "Net Income": -3
    },
    "2018-09-30": {
        "Diluted EPS": -0.77,
        "Total Revenue": 2,
        "Gross Profit": 0,
        "Operating Income": -2,
        "EBIT": -2,
        "Net Income": -2
    },
    "2018-06-30": {
        "Diluted EPS": -0.74,
        "Total Revenue": 1,
        "Gross Profit": 0,
        "Operating Income": -2,
        "EBIT": -2,
        "Net Income": -2
    },
    "2018-03-31": {
        "Diluted EPS": -0.7,
        "Total Revenue": 2,
        "Gross Profit": 0,
        "Operating Income": -2,
        "EBIT": -2,
        "Net Income": -2
    },
    "2017-12-31": {
        "Diluted EPS": -0.7,
        "Total Revenue": 1,
        "Gross Profit": 0,
        "Operating Income": -2,
        "EBIT": -2,
        "Net Income": -2
    },
    "2017-09-30": {
        "Diluted EPS": -0.6,
        "Total Revenue": 0,
        "Gross Profit": 0,
        "Operating Income": -1,
        "EBIT": -1,
        "Net Income": -1
    },
    "2017-06-30": {
        "Diluted EPS": -0.4,
        "Total Revenue": 0,
        "Gross Profit": 0,
        "Operating Income": -1,
        "EBIT": -1,
        "Net Income": -1
    },
    "2017-03-31": {
        "Diluted EPS": -0.5,
        "Total Revenue": 0,
        "Gross Profit": 0,
        "Operating Income": -1,
        "EBIT": -1,
        "Net Income": -1
    },
    "2016-12-31": {
        "Diluted EPS": -0.4,
        "Total Revenue": 0,
        "Gross Profit": 0,
        "Operating Income": -1,
        "EBIT": -1,
        "Net Income": -1
    },
    "2016-09-30": {
        "Diluted EPS": -0.5,
        "Total Revenue": 0,
        "Gross Profit": 0,
        "Operating Income": -1,
        "EBIT": -1,
        "Net Income": -1
    },
    "2016-06-30": {
        "Diluted EPS": -0.1,
        "Total Revenue": 0,
        "Gross Profit": 0,
        "Operating Income": -1,
        "EBIT": -1,
        "Net Income": -1
    },
    "2016-03-31": {
        "Diluted EPS": -1.0,
        "Total Revenue": 0,
        "Gross Profit": 0,
        "Operating Income": -1,
        "EBIT": -1,
        "Net Income": -1
    },
    "2015-12-31": {
        "Diluted EPS": -1.0,
        "Total Revenue": 0,
        "Gross Profit": 0,
        "Operating Income": -1,
        "EBIT": -1,
        "Net Income": -1
    },
    "2015-09-30": {
        "Diluted EPS": -1.0,
        "Total Revenue": 0,
        "Gross Profit": 0,
        "Operating Income": -1,
        "EBIT": -1,
        "Net Income": -1
    },
    "2015-06-30": {
        "Diluted EPS": 0.0,
        "Total Revenue": 0,
        "Gross Profit": 0,
        "Operating Income": -1,
        "EBIT": -1,
        "Net Income": -1
    },
    "2015-03-31": {
        "Diluted EPS": -1.0,
        "Total Revenue": 0,
        "Gross Profit": 0,
        "Operating Income": -1,
        "EBIT": -1,
        "Net Income": -1
    },
    "2014-12-31": {
        "Diluted EPS": -1.0,
        "Total Revenue": 0,
        "Gross Profit": 0,
        "Operating Income": -1,
        "EBIT": -1,
        "Net Income": -1
    },
    "2014-09-30": {
        "Diluted EPS": 0.0,
        "Total Revenue": 0,
        "Gross Profit": 0,
        "Operating Income": -1,
        "EBIT": -1,
        "Net Income": 0
    },
    "2014-06-30": {
        "Diluted EPS": 1.0,
        "Total Revenue": 0,
        "Gross Profit": 0,
        "Operating Income": -1,
        "EBIT": -1,
        "Net Income": -1
    },
    "2014-03-31": {
        "Diluted EPS": -3.0,
        "Total Revenue": 0,
        "Gross Profit": 0,
        "Operating Income": -1,
        "EBIT": -1,
        "Net Income": -2
    },
    "2013-12-31": {
        "Diluted EPS": -2.0,
        "Total Revenue": 0,
        "Gross Profit": 0,
        "Operating Income": -1,
        "EBIT": 0,
        "Net Income": -1
    },
    "2013-09-30": {
        "Diluted EPS": -2.0,
        "Total Revenue": 0,
        "Gross Profit": 0,
        "Operating Income": -1,
        "EBIT": 0,
        "Net Income": -1
    },
    "2013-06-30": {
        "Diluted EPS": 2.0,
        "Total Revenue": 0,
        "Gross Profit": 0,
        "Operating Income": -1,
        "EBIT": -1,
        "Net Income": 1
    },
    "2013-03-31": {
        "Diluted EPS": -2.0,
        "Total Revenue": 0,
        "Gross Profit": 0,
        "Operating Income": -1,
        "EBIT": -1,
        "Net Income": -1
    },
    "2012-12-31": {
        "Diluted EPS": 2.0,
        "Total Revenue": 1,
        "Gross Profit": 0,
        "Operating Income": -1,
        "EBIT": -1,
        "Net Income": 1
    },
    "2012-09-30": {
        "Diluted EPS": -1.0,
        "Total Revenue": 0,
        "Gross Profit": 0,
        "Operating Income": -1,
        "EBIT": -1,
        "Net Income": 0
    },
    "2012-06-30": {
        "Diluted EPS": -3.0,
        "Total Revenue": 3,
        "Gross Profit": 1,
        "Operating Income": -1,
        "EBIT": -1,
        "Net Income": -1
    },
    "2012-03-31": {
        "Diluted EPS": -1.0,
        "Total Revenue": 1,
        "Gross Profit": 0,
        "Operating Income": 0,
        "EBIT": 0,
        "Net Income": 0
    },
    "2011-12-31": {
        "Diluted EPS": -1.0,
        "Total Revenue": 2,
        "Gross Profit": 0,
        "Operating Income": 0,
        "EBIT": 0,
        "Net Income": 0
    },
    "2011-09-30": {
        "Diluted EPS": -1.0,
        "Total Revenue": 1,
        "Gross Profit": 0,
        "Operating Income": 0,
        "EBIT": 0,
        "Net Income": 0
    },
    "2011-06-30": {
        "Diluted EPS": 0.0,
        "Total Revenue": NaN,
        "Gross Profit": NaN,
        "Operating Income": NaN,
        "EBIT": NaN,
        "Net Income": NaN
    },
    "2023-06-30": {
        "Tax Effect Of Unusual Items": NaN,
        "Tax Rate For Calcs": NaN,
        "Normalized EBITDA": NaN,
        "Net Income From Continuing Operation Net Minority Interest": NaN,
        "Reconciled Depreciation": NaN,
        "Reconciled Cost Of Revenue": NaN,
        "EBITDA": NaN,
        "EBIT": NaN,
        "Net Interest Income": NaN,
        "Interest Expense": NaN,
        "Normalized Income": NaN,
        "Net Income From Continuing And Discontinued Operation": NaN,
        "Total Expenses": NaN,
        "Total Operating Income As Reported": NaN,
        "Diluted Average Shares": NaN,
        "Basic Average Shares": NaN,
        "Diluted EPS": NaN,
        "Basic EPS": NaN,
        "Diluted NI Availto Com Stockholders": NaN,
        "Net Income Common Stockholders": NaN,
        "Net Income": NaN,
        "Net Income Including Noncontrolling Interests": NaN,
        "Net Income Continuous Operations": NaN,
        "Pretax Income": NaN,
        "Other Income Expense": 0.0,
        "Other Non Operating Income Expenses": 0.0,
        "Net Non Operating Interest Income Expense": NaN,
        "Total Other Finance Cost": NaN,
        "Interest Expense Non Operating": NaN,
        "Operating Income": NaN,
        "Operating Expense": NaN,
        "Research And Development": NaN,
        "Selling General And Administration": NaN,
        "Gross Profit": NaN,
        "Cost Of Revenue": NaN,
        "Total Revenue": NaN,
        "Operating Revenue": NaN
    },
    "2023-09-30": {
        "Tax Effect Of Unusual Items": NaN,
        "Tax Rate For Calcs": NaN,
        "Normalized EBITDA": NaN,
        "Net Income From Continuing Operation Net Minority Interest": NaN,
        "Reconciled Depreciation": NaN,
        "Reconciled Cost Of Revenue": NaN,
        "EBITDA": NaN,
        "EBIT": NaN,
        "Net Interest Income": NaN,
        "Interest Expense": 403000.0,
        "Normalized Income": NaN,
        "Net Income From Continuing And Discontinued Operation": NaN,
        "Total Expenses": NaN,
        "Total Operating Income As Reported": NaN,
        "Diluted Average Shares": NaN,
        "Basic Average Shares": NaN,
        "Diluted EPS": NaN,
        "Basic EPS": NaN,
        "Diluted NI Availto Com Stockholders": NaN,
        "Net Income Common Stockholders": NaN,
        "Net Income": NaN,
        "Net Income Including Noncontrolling Interests": NaN,
        "Net Income Continuous Operations": NaN,
        "Pretax Income": NaN,
        "Net Non Operating Interest Income Expense": NaN,
        "Total Other Finance Cost": 403000.0,
        "Interest Expense Non Operating": 403000.0,
        "Operating Income": NaN,
        "Operating Expense": NaN,
        "Research And Development": NaN,
        "Selling General And Administration": NaN,
        "Gross Profit": NaN,
        "Cost Of Revenue": NaN,
        "Total Revenue": NaN,
        "Operating Revenue": NaN
    },
    "2023-12-31": {
        "Tax Effect Of Unusual Items": NaN,
        "Tax Rate For Calcs": NaN,
        "Normalized EBITDA": NaN,
        "Net Income From Continuing Operation Net Minority Interest": NaN,
        "Reconciled Depreciation": NaN,
        "Reconciled Cost Of Revenue": NaN,
        "EBITDA": NaN,
        "EBIT": NaN,
        "Net Interest Income": NaN,
        "Interest Expense": 449000.0,
        "Normalized Income": NaN,
        "Net Income From Continuing And Discontinued Operation": NaN,
        "Total Expenses": NaN,
        "Total Operating Income As Reported": NaN,
        "Diluted Average Shares": NaN,
        "Basic Average Shares": NaN,
        "Diluted EPS": NaN,
        "Basic EPS": NaN,
        "Diluted NI Availto Com Stockholders": NaN,
        "Net Income Common Stockholders": NaN,
        "Net Income": NaN,
        "Net Income Including Noncontrolling Interests": NaN,
        "Net Income Continuous Operations": NaN,
        "Pretax Income": NaN,
        "Net Non Operating Interest Income Expense": NaN,
        "Total Other Finance Cost": NaN,
        "Interest Expense Non Operating": 449000.0,
        "Operating Income": NaN,
        "Operating Expense": NaN,
        "Research And Development": NaN,
        "Selling General And Administration": NaN,
        "Gross Profit": NaN,
        "Cost Of Revenue": NaN,
        "Total Revenue": NaN,
        "Operating Revenue": NaN
    },
    "2024-03-31": {
        "Tax Effect Of Unusual Items": NaN,
        "Tax Rate For Calcs": NaN,
        "Normalized EBITDA": NaN,
        "Net Income From Continuing Operation Net Minority Interest": NaN,
        "Reconciled Depreciation": NaN,
        "Reconciled Cost Of Revenue": NaN,
        "EBITDA": NaN,
        "EBIT": NaN,
        "Net Interest Income": NaN,
        "Interest Expense": 433000.0,
        "Normalized Income": NaN,
        "Net Income From Continuing And Discontinued Operation": NaN,
        "Total Expenses": NaN,
        "Total Operating Income As Reported": NaN,
        "Diluted Average Shares": NaN,
        "Basic Average Shares": NaN,
        "Diluted EPS": NaN,
        "Basic EPS": NaN,
        "Diluted NI Availto Com Stockholders": NaN,
        "Net Income Common Stockholders": NaN,
        "Net Income": NaN,
        "Net Income Including Noncontrolling Interests": NaN,
        "Net Income Continuous Operations": NaN,
        "Pretax Income": NaN,
        "Net Non Operating Interest Income Expense": NaN,
        "Total Other Finance Cost": 433000.0,
        "Interest Expense Non Operating": 433000.0,
        "Operating Income": NaN,
        "Operating Expense": NaN,
        "Research And Development": NaN,
        "Selling General And Administration": NaN,
        "Gross Profit": NaN,
        "Cost Of Revenue": NaN,
        "Total Revenue": NaN,
        "Operating Revenue": NaN
    },
    "2024-06-30": {
        "Tax Effect Of Unusual Items": NaN,
        "Tax Rate For Calcs": NaN,
        "Normalized EBITDA": NaN,
        "Net Income From Continuing Operation Net Minority Interest": NaN,
        "Reconciled Depreciation": NaN,
        "Reconciled Cost Of Revenue": NaN,
        "EBITDA": NaN,
        "EBIT": NaN,
        "Net Interest Income": NaN,
        "Interest Expense": 433000.0,
        "Normalized Income": NaN,
        "Net Income From Continuing And Discontinued Operation": NaN,
        "Total Expenses": NaN,
        "Total Operating Income As Reported": NaN,
        "Diluted Average Shares": NaN,
        "Basic Average Shares": NaN,
        "Diluted EPS": NaN,
        "Basic EPS": NaN,
        "Diluted NI Availto Com Stockholders": NaN,
        "Net Income Common Stockholders": NaN,
        "Net Income": NaN,
        "Net Income Including Noncontrolling Interests": NaN,
        "Net Income Continuous Operations": NaN,
        "Pretax Income": NaN,
        "Net Non Operating Interest Income Expense": NaN,
        "Total Other Finance Cost": NaN,
        "Interest Expense Non Operating": 433000.0,
        "Operating Income": NaN,
        "Operating Expense": NaN,
        "Research And Development": NaN,
        "Selling General And Administration": NaN,
        "Gross Profit": NaN,
        "Cost Of Revenue": NaN,
        "Total Revenue": NaN,
        "Operating Revenue": NaN
    },
    "2024-12-31": {
        "Tax Effect Of Unusual Items": 0.0,
        "Tax Rate For Calcs": 0.0,
        "Normalized EBITDA": -1229000.0,
        "Net Income From Continuing Operation Net Minority Interest": -1887000.0,
        "Reconciled Depreciation": 250000.0,
        "Reconciled Cost Of Revenue": 11367000.0,
        "EBITDA": -1229000.0,
        "EBIT": -1479000.0,
        "Net Interest Income": -408000.0,
        "Interest Expense": 408000.0,
        "Normalized Income": -1887000.0,
        "Net Income From Continuing And Discontinued Operation": -1887000.0,
        "Total Expenses": 18309000.0,
        "Total Operating Income As Reported": -1479000.0,
        "Diluted Average Shares": 16682465.0,
        "Basic Average Shares": 16682465.0,
        "Diluted EPS": -0.11,
        "Basic EPS": -0.11,
        "Diluted NI Availto Com Stockholders": -1887000.0,
        "Net Income Common Stockholders": -1887000.0,
        "Net Income": -1887000.0,
        "Net Income Including Noncontrolling Interests": -1887000.0,
        "Net Income Continuous Operations": -1887000.0,
        "Pretax Income": -1887000.0,
        "Net Non Operating Interest Income Expense": -408000.0,
        "Total Other Finance Cost": NaN,
        "Interest Expense Non Operating": 408000.0,
        "Operating Income": -1479000.0,
        "Operating Expense": 6942000.0,
        "Research And Development": 957000.0,
        "Selling General And Administration": 5985000.0,
        "Gross Profit": 5463000.0,
        "Cost Of Revenue": 11367000.0,
        "Total Revenue": 16830000.0,
        "Operating Revenue": 16830000.0
    },
    "2024-09-30": {
        "Tax Effect Of Unusual Items": 0.0,
        "Tax Rate For Calcs": 0.0,
        "Normalized EBITDA": -960000.0,
        "Net Income From Continuing Operation Net Minority Interest": -1669000.0,
        "Reconciled Depreciation": 252000.0,
        "Reconciled Cost Of Revenue": 10907000.0,
        "EBITDA": -960000.0,
        "EBIT": -1212000.0,
        "Net Interest Income": -457000.0,
        "Interest Expense": NaN,
        "Normalized Income": -1669000.0,
        "Net Income From Continuing And Discontinued Operation": -1669000.0,
        "Total Expenses": 17337000.0,
        "Total Operating Income As Reported": -1212000.0,
        "Diluted Average Shares": 16682465.0,
        "Basic Average Shares": 16682465.0,
        "Diluted EPS": -0.1,
        "Basic EPS": -0.1,
        "Diluted NI Availto Com Stockholders": -1669000.0,
        "Net Income Common Stockholders": -1669000.0,
        "Net Income": -1669000.0,
        "Net Income Including Noncontrolling Interests": -1669000.0,
        "Net Income Continuous Operations": -1669000.0,
        "Pretax Income": -1669000.0,
        "Net Non Operating Interest Income Expense": -457000.0,
        "Total Other Finance Cost": 457000.0,
        "Interest Expense Non Operating": NaN,
        "Operating Income": -1212000.0,
        "Operating Expense": 6430000.0,
        "Research And Development": 1315000.0,
        "Selling General And Administration": 5115000.0,
        "Gross Profit": 5218000.0,
        "Cost Of Revenue": 10907000.0,
        "Total Revenue": 16125000.0,
        "Operating Revenue": 16125000.0
    },
    "2025-03-31": {
        "Tax Effect Of Unusual Items": 0.0,
        "Tax Rate For Calcs": 0.0,
        "Normalized EBITDA": -1329000.0,
        "Net Income From Continuing Operation Net Minority Interest": -1939000.0,
        "Reconciled Depreciation": 248000.0,
        "Reconciled Cost Of Revenue": 11455000.0,
        "EBITDA": -1329000.0,
        "EBIT": -1577000.0,
        "Net Interest Income": -362000.0,
        "Interest Expense": NaN,
        "Normalized Income": -1939000.0,
        "Net Income From Continuing And Discontinued Operation": -1939000.0,
        "Total Expenses": 18319000.0,
        "Total Operating Income As Reported": -1577000.0,
        "Diluted Average Shares": 16684320.0,
        "Basic Average Shares": 16684320.0,
        "Diluted EPS": -0.12,
        "Basic EPS": -0.12,
        "Diluted NI Availto Com Stockholders": -1939000.0,
        "Net Income Common Stockholders": -1939000.0,
        "Net Income": -1939000.0,
        "Net Income Including Noncontrolling Interests": -1939000.0,
        "Net Income Continuous Operations": -1939000.0,
        "Pretax Income": -1939000.0,
        "Net Non Operating Interest Income Expense": -362000.0,
        "Total Other Finance Cost": 362000.0,
        "Interest Expense Non Operating": NaN,
        "Operating Income": -1577000.0,
        "Operating Expense": 6864000.0,
        "Research And Development": 1147000.0,
        "Selling General And Administration": 5717000.0,
        "Gross Profit": 5287000.0,
        "Cost Of Revenue": 11455000.0,
        "Total Revenue": 16742000.0,
        "Operating Revenue": 16742000.0
    },
    "2025-06-30": {
        "Tax Effect Of Unusual Items": 0.0,
        "Tax Rate For Calcs": 0.0,
        "Normalized EBITDA": -508000.0,
        "Net Income From Continuing Operation Net Minority Interest": -1179000.0,
        "Reconciled Depreciation": 252000.0,
        "Reconciled Cost Of Revenue": 10965000.0,
        "EBITDA": -508000.0,
        "EBIT": -760000.0,
        "Net Interest Income": -419000.0,
        "Interest Expense": NaN,
        "Normalized Income": -1179000.0,
        "Net Income From Continuing And Discontinued Operation": -1179000.0,
        "Total Expenses": 17497000.0,
        "Total Operating Income As Reported": -760000.0,
        "Diluted Average Shares": 16822202.0,
        "Basic Average Shares": 16822202.0,
        "Diluted EPS": -0.07,
        "Basic EPS": -0.07,
        "Diluted NI Availto Com Stockholders": -1179000.0,
        "Net Income Common Stockholders": -1179000.0,
        "Net Income": -1179000.0,
        "Net Income Including Noncontrolling Interests": -1179000.0,
        "Net Income Continuous Operations": -1179000.0,
        "Pretax Income": -1179000.0,
        "Net Non Operating Interest Income Expense": -419000.0,
        "Total Other Finance Cost": 419000.0,
        "Interest Expense Non Operating": NaN,
        "Operating Income": -760000.0,
        "Operating Expense": 6532000.0,
        "Research And Development": 1045000.0,
        "Selling General And Administration": 5487000.0,
        "Gross Profit": 5772000.0,
        "Cost Of Revenue": 10965000.0,
        "Total Revenue": 16737000.0,
        "Operating Revenue": 16737000.0
    },
    "2025-09-30": {
        "Tax Effect Of Unusual Items": 0.0,
        "Tax Rate For Calcs": 0.0,
        "Normalized EBITDA": -1927000.0,
        "Net Income From Continuing Operation Net Minority Interest": -2562000.0,
        "Reconciled Depreciation": 251000.0,
        "Reconciled Cost Of Revenue": 9410000.0,
        "EBITDA": -1927000.0,
        "EBIT": -2178000.0,
        "Net Interest Income": -384000.0,
        "Interest Expense": NaN,
        "Normalized Income": -2562000.0,
        "Net Income From Continuing And Discontinued Operation": -2562000.0,
        "Total Expenses": 15353000.0,
        "Total Operating Income As Reported": -2178000.0,
        "Diluted Average Shares": 16835698.0,
        "Basic Average Shares": 16835698.0,
        "Diluted EPS": -0.15,
        "Basic EPS": -0.15,
        "Diluted NI Availto Com Stockholders": -2562000.0,
        "Net Income Common Stockholders": -2562000.0,
        "Net Income": -2562000.0,
        "Net Income Including Noncontrolling Interests": -2562000.0,
        "Net Income Continuous Operations": -2562000.0,
        "Pretax Income": -2562000.0,
        "Net Non Operating Interest Income Expense": -384000.0,
        "Total Other Finance Cost": 384000.0,
        "Interest Expense Non Operating": NaN,
        "Operating Income": -2178000.0,
        "Operating Expense": 5943000.0,
        "Research And Development": 1037000.0,
        "Selling General And Administration": 4906000.0,
        "Gross Profit": 3765000.0,
        "Cost Of Revenue": 9410000.0,
        "Total Revenue": 13175000.0,
        "Operating Revenue": 13175000.0
    }
}