{
    "2023-03-31": {
        "Tax Effect Of Unusual Items": NaN,
        "Tax Rate For Calcs": NaN,
        "Normalized EBITDA": NaN,
        "Total Unusual Items": NaN,
        "Total Unusual Items Excluding Goodwill": NaN,
        "Net Income From Continuing Operation Net Minority Interest": NaN,
        "Reconciled Depreciation": NaN,
        "Reconciled Cost Of Revenue": NaN,
        "EBITDA": NaN,
        "EBIT": NaN,
        "Net Interest Income": NaN,
        "Interest Expense": NaN,
        "Interest Income": NaN,
        "Normalized Income": NaN,
        "Net Income From Continuing And Discontinued Operation": NaN,
        "Total Expenses": NaN,
        "Total Operating Income As Reported": NaN,
        "Diluted Average Shares": NaN,
        "Basic Average Shares": NaN,
        "Diluted EPS": NaN,
        "Basic EPS": NaN,
        "Diluted NI Availto Com Stockholders": NaN,
        "Net Income Common Stockholders": NaN,
        "Preferred Stock Dividends": NaN,
        "Net Income": NaN,
        "Minority Interests": NaN,
        "Net Income Including Noncontrolling Interests": NaN,
        "Net Income Continuous Operations": NaN,
        "Tax Provision": NaN,
        "Pretax Income": NaN,
        "Other Income Expense": NaN,
        "Other Non Operating Income Expenses": NaN,
        "Special Income Charges": NaN,
        "Gain On Sale Of Ppe": NaN,
        "Other Special Charges": -29000.0,
        "Gain On Sale Of Security": NaN,
        "Net Non Operating Interest Income Expense": NaN,
        "Interest Expense Non Operating": NaN,
        "Interest Income Non Operating": NaN,
        "Operating Income": NaN,
        "Operating Expense": NaN,
        "Depreciation Amortization Depletion Income Statement": 6415000.0,
        "Depreciation And Amortization In Income Statement": 6415000.0,
        "Selling General And Administration": NaN,
        "Gross Profit": NaN,
        "Cost Of Revenue": NaN,
        "Total Revenue": NaN,
        "Operating Revenue": NaN
    },
    "2024-03-31": {
        "Tax Effect Of Unusual Items": NaN,
        "Tax Rate For Calcs": NaN,
        "Normalized EBITDA": NaN,
        "Total Unusual Items": NaN,
        "Total Unusual Items Excluding Goodwill": NaN,
        "Net Income From Continuing Operation Net Minority Interest": NaN,
        "Reconciled Depreciation": NaN,
        "Reconciled Cost Of Revenue": NaN,
        "EBITDA": NaN,
        "EBIT": NaN,
        "Net Interest Income": NaN,
        "Interest Expense": NaN,
        "Interest Income": NaN,
        "Normalized Income": NaN,
        "Net Income From Continuing And Discontinued Operation": NaN,
        "Total Expenses": NaN,
        "Total Operating Income As Reported": NaN,
        "Diluted Average Shares": 17305720.0,
        "Basic Average Shares": 17305720.0,
        "Diluted EPS": -0.35,
        "Basic EPS": -0.35,
        "Diluted NI Availto Com Stockholders": NaN,
        "Net Income Common Stockholders": NaN,
        "Preferred Stock Dividends": NaN,
        "Net Income": NaN,
        "Minority Interests": NaN,
        "Net Income Including Noncontrolling Interests": NaN,
        "Net Income Continuous Operations": NaN,
        "Tax Provision": NaN,
        "Pretax Income": NaN,
        "Other Income Expense": NaN,
        "Other Non Operating Income Expenses": NaN,
        "Special Income Charges": NaN,
        "Gain On Sale Of Ppe": NaN,
        "Other Special Charges": -132000.0,
        "Gain On Sale Of Security": NaN,
        "Net Non Operating Interest Income Expense": NaN,
        "Interest Expense Non Operating": NaN,
        "Interest Income Non Operating": NaN,
        "Operating Income": NaN,
        "Operating Expense": NaN,
        "Selling General And Administration": NaN,
        "Gross Profit": NaN,
        "Cost Of Revenue": NaN,
        "Total Revenue": NaN,
        "Operating Revenue": NaN
    },
    "2024-06-30": {
        "Tax Effect Of Unusual Items": 0.0,
        "Tax Rate For Calcs": 0.0,
        "Normalized EBITDA": -14679000.0,
        "Total Unusual Items": -827000.0,
        "Total Unusual Items Excluding Goodwill": -827000.0,
        "Net Income From Continuing Operation Net Minority Interest": -5153000.0,
        "Reconciled Depreciation": 6682000.0,
        "Reconciled Cost Of Revenue": 79437000.0,
        "EBITDA": -15506000.0,
        "EBIT": -22188000.0,
        "Net Interest Income": -4504000.0,
        "Interest Expense": 5666000.0,
        "Interest Income": 1162000.0,
        "Normalized Income": -4326000.0,
        "Net Income From Continuing And Discontinued Operation": -5153000.0,
        "Total Expenses": 100927000.0,
        "Total Operating Income As Reported": -21842000.0,
        "Diluted Average Shares": 19169742.0,
        "Basic Average Shares": 19169742.0,
        "Diluted EPS": -0.32,
        "Basic EPS": -0.32,
        "Diluted NI Availto Com Stockholders": -6125000.0,
        "Net Income Common Stockholders": -6125000.0,
        "Preferred Stock Dividends": 972000.0,
        "Net Income": -5153000.0,
        "Minority Interests": 22701000.0,
        "Net Income Including Noncontrolling Interests": -27854000.0,
        "Net Income Continuous Operations": -27854000.0,
        "Tax Provision": 0.0,
        "Pretax Income": -27854000.0,
        "Other Income Expense": -1436000.0,
        "Other Non Operating Income Expenses": -609000.0,
        "Special Income Charges": 72000.0,
        "Gain On Sale Of Ppe": 72000.0,
        "Other Special Charges": NaN,
        "Gain On Sale Of Security": -899000.0,
        "Net Non Operating Interest Income Expense": -4504000.0,
        "Interest Expense Non Operating": 5666000.0,
        "Interest Income Non Operating": 1162000.0,
        "Operating Income": -21914000.0,
        "Operating Expense": 21490000.0,
        "Selling General And Administration": 21490000.0,
        "Gross Profit": -424000.0,
        "Cost Of Revenue": 79437000.0,
        "Total Revenue": 79013000.0,
        "Operating Revenue": 79013000.0
    },
    "2023-06-30": {
        "Tax Effect Of Unusual Items": NaN,
        "Tax Rate For Calcs": NaN,
        "Normalized EBITDA": NaN,
        "Total Unusual Items": NaN,
        "Total Unusual Items Excluding Goodwill": NaN,
        "Net Income From Continuing Operation Net Minority Interest": NaN,
        "Reconciled Depreciation": NaN,
        "Reconciled Cost Of Revenue": NaN,
        "EBITDA": NaN,
        "EBIT": NaN,
        "Net Interest Income": NaN,
        "Interest Expense": NaN,
        "Interest Income": NaN,
        "Normalized Income": NaN,
        "Net Income From Continuing And Discontinued Operation": NaN,
        "Total Expenses": NaN,
        "Total Operating Income As Reported": NaN,
        "Diluted Average Shares": 16924976.0,
        "Basic Average Shares": 16924976.0,
        "Diluted EPS": 0.445909,
        "Basic EPS": 0.445909,
        "Diluted NI Availto Com Stockholders": NaN,
        "Net Income Common Stockholders": NaN,
        "Preferred Stock Dividends": NaN,
        "Net Income": NaN,
        "Minority Interests": NaN,
        "Net Income Including Noncontrolling Interests": NaN,
        "Net Income Continuous Operations": NaN,
        "Tax Provision": NaN,
        "Pretax Income": NaN,
        "Other Income Expense": NaN,
        "Other Non Operating Income Expenses": NaN,
        "Special Income Charges": NaN,
        "Gain On Sale Of Ppe": NaN,
        "Other Special Charges": -339000.0,
        "Gain On Sale Of Security": NaN,
        "Net Non Operating Interest Income Expense": NaN,
        "Interest Expense Non Operating": NaN,
        "Interest Income Non Operating": NaN,
        "Operating Income": NaN,
        "Operating Expense": NaN,
        "Selling General And Administration": NaN,
        "Gross Profit": NaN,
        "Cost Of Revenue": NaN,
        "Total Revenue": NaN,
        "Operating Revenue": NaN
    },
    "2024-09-30": {
        "Tax Effect Of Unusual Items": 0.0,
        "Tax Rate For Calcs": 0.0,
        "Normalized EBITDA": -10427000.0,
        "Total Unusual Items": -1980000.0,
        "Total Unusual Items Excluding Goodwill": -1980000.0,
        "Net Income From Continuing Operation Net Minority Interest": -6274000.0,
        "Reconciled Depreciation": 6110000.0,
        "Reconciled Cost Of Revenue": 74348000.0,
        "EBITDA": -12407000.0,
        "EBIT": -18517000.0,
        "Net Interest Income": -4640000.0,
        "Interest Expense": 5619000.0,
        "Interest Income": 979000.0,
        "Normalized Income": -4294000.0,
        "Net Income From Continuing And Discontinued Operation": -6274000.0,
        "Total Expenses": 94349000.0,
        "Total Operating Income As Reported": -20906000.0,
        "Diluted Average Shares": 24275741.0,
        "Basic Average Shares": 24275741.0,
        "Diluted EPS": -0.32,
        "Basic EPS": -0.32,
        "Diluted NI Availto Com Stockholders": -7725000.0,
        "Net Income Common Stockholders": -7725000.0,
        "Preferred Stock Dividends": 1451000.0,
        "Net Income": -6274000.0,
        "Minority Interests": 17862000.0,
        "Net Income Including Noncontrolling Interests": -24136000.0,
        "Net Income Continuous Operations": -24136000.0,
        "Tax Provision": 0.0,
        "Pretax Income": -24136000.0,
        "Other Income Expense": -2070000.0,
        "Other Non Operating Income Expenses": -90000.0,
        "Special Income Charges": -3480000.0,
        "Gain On Sale Of Ppe": -3480000.0,
        "Other Special Charges": NaN,
        "Gain On Sale Of Security": 1500000.0,
        "Net Non Operating Interest Income Expense": -4640000.0,
        "Interest Expense Non Operating": 5619000.0,
        "Interest Income Non Operating": 979000.0,
        "Operating Income": -17426000.0,
        "Operating Expense": 20001000.0,
        "Selling General And Administration": 20001000.0,
        "Gross Profit": 2575000.0,
        "Cost Of Revenue": 74348000.0,
        "Total Revenue": 76923000.0,
        "Operating Revenue": 76923000.0
    },
    "2023-12-31": {
        "Tax Effect Of Unusual Items": NaN,
        "Tax Rate For Calcs": NaN,
        "Normalized EBITDA": NaN,
        "Total Unusual Items": NaN,
        "Total Unusual Items Excluding Goodwill": NaN,
        "Net Income From Continuing Operation Net Minority Interest": NaN,
        "Reconciled Depreciation": NaN,
        "Reconciled Cost Of Revenue": NaN,
        "EBITDA": NaN,
        "EBIT": NaN,
        "Net Interest Income": NaN,
        "Interest Expense": NaN,
        "Interest Income": NaN,
        "Normalized Income": NaN,
        "Net Income From Continuing And Discontinued Operation": NaN,
        "Total Expenses": NaN,
        "Total Operating Income As Reported": NaN,
        "Diluted Average Shares": NaN,
        "Basic Average Shares": NaN,
        "Diluted EPS": NaN,
        "Basic EPS": NaN,
        "Diluted NI Availto Com Stockholders": NaN,
        "Net Income Common Stockholders": NaN,
        "Preferred Stock Dividends": NaN,
        "Net Income": NaN,
        "Minority Interests": NaN,
        "Net Income Including Noncontrolling Interests": NaN,
        "Net Income Continuous Operations": NaN,
        "Tax Provision": NaN,
        "Pretax Income": NaN,
        "Other Income Expense": NaN,
        "Other Non Operating Income Expenses": NaN,
        "Special Income Charges": NaN,
        "Gain On Sale Of Ppe": NaN,
        "Other Special Charges": -14872000.0,
        "Gain On Sale Of Security": NaN,
        "Net Non Operating Interest Income Expense": NaN,
        "Interest Expense Non Operating": NaN,
        "Interest Income Non Operating": NaN,
        "Operating Income": NaN,
        "Operating Expense": NaN,
        "Selling General And Administration": NaN,
        "Gross Profit": NaN,
        "Cost Of Revenue": NaN,
        "Total Revenue": NaN,
        "Operating Revenue": NaN
    },
    "2023-09-30": {
        "Tax Effect Of Unusual Items": NaN,
        "Tax Rate For Calcs": NaN,
        "Normalized EBITDA": NaN,
        "Total Unusual Items": NaN,
        "Total Unusual Items Excluding Goodwill": NaN,
        "Net Income From Continuing Operation Net Minority Interest": NaN,
        "Reconciled Depreciation": NaN,
        "Reconciled Cost Of Revenue": NaN,
        "EBITDA": NaN,
        "EBIT": NaN,
        "Net Interest Income": NaN,
        "Interest Expense": NaN,
        "Interest Income": NaN,
        "Normalized Income": NaN,
        "Net Income From Continuing And Discontinued Operation": NaN,
        "Total Expenses": NaN,
        "Total Operating Income As Reported": NaN,
        "Diluted Average Shares": 16924976.0,
        "Basic Average Shares": 16924976.0,
        "Diluted EPS": -1.303813,
        "Basic EPS": -1.303813,
        "Diluted NI Availto Com Stockholders": NaN,
        "Net Income Common Stockholders": NaN,
        "Preferred Stock Dividends": NaN,
        "Net Income": NaN,
        "Minority Interests": NaN,
        "Net Income Including Noncontrolling Interests": NaN,
        "Net Income Continuous Operations": NaN,
        "Tax Provision": NaN,
        "Pretax Income": NaN,
        "Other Income Expense": NaN,
        "Other Non Operating Income Expenses": NaN,
        "Special Income Charges": NaN,
        "Gain On Sale Of Ppe": NaN,
        "Other Special Charges": NaN,
        "Gain On Sale Of Security": NaN,
        "Net Non Operating Interest Income Expense": NaN,
        "Interest Expense Non Operating": NaN,
        "Interest Income Non Operating": NaN,
        "Operating Income": NaN,
        "Operating Expense": NaN,
        "Selling General And Administration": NaN,
        "Gross Profit": NaN,
        "Cost Of Revenue": NaN,
        "Total Revenue": NaN,
        "Operating Revenue": NaN
    },
    "2024-12-31": {
        "Tax Effect Of Unusual Items": 590940.0,
        "Tax Rate For Calcs": 0.21,
        "Normalized EBITDA": -7619000.0,
        "Total Unusual Items": 2814000.0,
        "Total Unusual Items Excluding Goodwill": 2814000.0,
        "Net Income From Continuing Operation Net Minority Interest": -3806000.0,
        "Reconciled Depreciation": 6426000.0,
        "Reconciled Cost Of Revenue": 81411000.0,
        "EBITDA": -4805000.0,
        "EBIT": -11231000.0,
        "Net Interest Income": -4349000.0,
        "Interest Expense": 5243000.0,
        "Interest Income": 894000.0,
        "Normalized Income": -6029060.0,
        "Net Income From Continuing And Discontinued Operation": -3806000.0,
        "Total Expenses": 106074000.0,
        "Total Operating Income As Reported": -12606000.0,
        "Diluted Average Shares": NaN,
        "Basic Average Shares": NaN,
        "Diluted EPS": NaN,
        "Basic EPS": NaN,
        "Diluted NI Availto Com Stockholders": -5589000.0,
        "Net Income Common Stockholders": -5589000.0,
        "Preferred Stock Dividends": 1783000.0,
        "Net Income": -3806000.0,
        "Minority Interests": 12709000.0,
        "Net Income Including Noncontrolling Interests": -16515000.0,
        "Net Income Continuous Operations": -16515000.0,
        "Tax Provision": 41000.0,
        "Pretax Income": -16474000.0,
        "Other Income Expense": 2583000.0,
        "Other Non Operating Income Expenses": -231000.0,
        "Special Income Charges": 2102000.0,
        "Gain On Sale Of Ppe": 2102000.0,
        "Other Special Charges": NaN,
        "Gain On Sale Of Security": 712000.0,
        "Net Non Operating Interest Income Expense": -4349000.0,
        "Interest Expense Non Operating": 5243000.0,
        "Interest Income Non Operating": 894000.0,
        "Operating Income": -14708000.0,
        "Operating Expense": 24663000.0,
        "Selling General And Administration": 24663000.0,
        "Gross Profit": 9955000.0,
        "Cost Of Revenue": 81411000.0,
        "Total Revenue": 91366000.0,
        "Operating Revenue": 91366000.0
    },
    "2025-03-31": {
        "Tax Effect Of Unusual Items": 0.0,
        "Tax Rate For Calcs": 0.0,
        "Normalized EBITDA": -9021000.0,
        "Total Unusual Items": -2387000.0,
        "Total Unusual Items Excluding Goodwill": -2387000.0,
        "Net Income From Continuing Operation Net Minority Interest": -5449000.0,
        "Reconciled Depreciation": 6251000.0,
        "Reconciled Cost Of Revenue": 83076000.0,
        "EBITDA": -11408000.0,
        "EBIT": -17659000.0,
        "Net Interest Income": -4685000.0,
        "Interest Expense": 5388000.0,
        "Interest Income": 703000.0,
        "Normalized Income": -3062000.0,
        "Net Income From Continuing And Discontinued Operation": -5449000.0,
        "Total Expenses": 104066000.0,
        "Total Operating Income As Reported": -14736000.0,
        "Diluted Average Shares": 25156561.0,
        "Basic Average Shares": 25156561.0,
        "Diluted EPS": -0.3,
        "Basic EPS": -0.3,
        "Diluted NI Availto Com Stockholders": -7448000.0,
        "Net Income Common Stockholders": -7448000.0,
        "Preferred Stock Dividends": 1999000.0,
        "Net Income": -5449000.0,
        "Minority Interests": 17598000.0,
        "Net Income Including Noncontrolling Interests": -23047000.0,
        "Net Income Continuous Operations": -23047000.0,
        "Tax Provision": 0.0,
        "Pretax Income": -23047000.0,
        "Other Income Expense": -2421000.0,
        "Other Non Operating Income Expenses": -34000.0,
        "Special Income Charges": -2956000.0,
        "Gain On Sale Of Ppe": 1205000.0,
        "Other Special Charges": 4161000.0,
        "Gain On Sale Of Security": 569000.0,
        "Net Non Operating Interest Income Expense": -4685000.0,
        "Interest Expense Non Operating": 5388000.0,
        "Interest Income Non Operating": 703000.0,
        "Operating Income": -15941000.0,
        "Operating Expense": 20990000.0,
        "Selling General And Administration": 20990000.0,
        "Gross Profit": 5049000.0,
        "Cost Of Revenue": 83076000.0,
        "Total Revenue": 88125000.0,
        "Operating Revenue": 88125000.0
    },
    "2025-06-30": {
        "Tax Effect Of Unusual Items": 0.0,
        "Tax Rate For Calcs": 0.0,
        "Normalized EBITDA": -6127000.0,
        "Total Unusual Items": 197000.0,
        "Total Unusual Items Excluding Goodwill": 197000.0,
        "Net Income From Continuing Operation Net Minority Interest": -4764000.0,
        "Reconciled Depreciation": 5770000.0,
        "Reconciled Cost Of Revenue": 83379000.0,
        "EBITDA": -5930000.0,
        "EBIT": -11700000.0,
        "Net Interest Income": -4193000.0,
        "Interest Expense": 4429000.0,
        "Interest Income": 236000.0,
        "Normalized Income": -4961000.0,
        "Net Income From Continuing And Discontinued Operation": -4764000.0,
        "Total Expenses": 103677000.0,
        "Total Operating Income As Reported": -12360000.0,
        "Diluted Average Shares": 27772428.0,
        "Basic Average Shares": 27772428.0,
        "Diluted EPS": -0.26,
        "Basic EPS": -0.26,
        "Diluted NI Availto Com Stockholders": -7101000.0,
        "Net Income Common Stockholders": -7101000.0,
        "Preferred Stock Dividends": 2337000.0,
        "Net Income": -4764000.0,
        "Minority Interests": 11365000.0,
        "Net Income Including Noncontrolling Interests": -16129000.0,
        "Net Income Continuous Operations": -16129000.0,
        "Tax Provision": 0.0,
        "Pretax Income": -16129000.0,
        "Other Income Expense": 409000.0,
        "Other Non Operating Income Expenses": 212000.0,
        "Special Income Charges": -15000.0,
        "Gain On Sale Of Ppe": -15000.0,
        "Other Special Charges": NaN,
        "Gain On Sale Of Security": 212000.0,
        "Net Non Operating Interest Income Expense": -4193000.0,
        "Interest Expense Non Operating": 4429000.0,
        "Interest Income Non Operating": 236000.0,
        "Operating Income": -12345000.0,
        "Operating Expense": 20298000.0,
        "Selling General And Administration": 20298000.0,
        "Gross Profit": 7953000.0,
        "Cost Of Revenue": 83379000.0,
        "Total Revenue": 91332000.0,
        "Operating Revenue": 91332000.0
    }
}