{
    "2023-03-31": {
        "Tax Effect Of Unusual Items": NaN,
        "Tax Rate For Calcs": NaN,
        "Normalized EBITDA": NaN,
        "Total Unusual Items": -73330000.0,
        "Total Unusual Items Excluding Goodwill": -73330000.0,
        "Net Income From Continuing Operation Net Minority Interest": NaN,
        "Reconciled Depreciation": NaN,
        "Reconciled Cost Of Revenue": NaN,
        "EBITDA": NaN,
        "EBIT": NaN,
        "Net Interest Income": NaN,
        "Interest Expense": NaN,
        "Interest Income": NaN,
        "Normalized Income": NaN,
        "Net Income From Continuing And Discontinued Operation": NaN,
        "Total Expenses": NaN,
        "Total Operating Income As Reported": NaN,
        "Diluted Average Shares": NaN,
        "Basic Average Shares": NaN,
        "Diluted EPS": NaN,
        "Basic EPS": NaN,
        "Diluted NI Availto Com Stockholders": NaN,
        "Net Income Common Stockholders": NaN,
        "Net Income": NaN,
        "Minority Interests": NaN,
        "Net Income Including Noncontrolling Interests": NaN,
        "Net Income Continuous Operations": NaN,
        "Tax Provision": NaN,
        "Pretax Income": NaN,
        "Other Income Expense": NaN,
        "Special Income Charges": -80353000.0,
        "Gain On Sale Of Ppe": 3086000.0,
        "Gain On Sale Of Business": -83439000.0,
        "Earnings From Equity Interest": NaN,
        "Gain On Sale Of Security": 7023000.0,
        "Net Non Operating Interest Income Expense": NaN,
        "Interest Expense Non Operating": NaN,
        "Interest Income Non Operating": NaN,
        "Operating Income": NaN,
        "Operating Expense": NaN,
        "Other Operating Expenses": NaN,
        "Research And Development": NaN,
        "Selling General And Administration": NaN,
        "Selling And Marketing Expense": 203278000.0,
        "General And Administrative Expense": 578876000.0,
        "Other Gand A": 578876000.0,
        "Gross Profit": NaN,
        "Cost Of Revenue": NaN,
        "Total Revenue": NaN,
        "Operating Revenue": NaN
    },
    "2022-12-31": {
        "Tax Effect Of Unusual Items": NaN,
        "Tax Rate For Calcs": NaN,
        "Normalized EBITDA": NaN,
        "Total Unusual Items": NaN,
        "Total Unusual Items Excluding Goodwill": NaN,
        "Net Income From Continuing Operation Net Minority Interest": NaN,
        "Reconciled Depreciation": NaN,
        "Reconciled Cost Of Revenue": NaN,
        "EBITDA": NaN,
        "EBIT": NaN,
        "Net Interest Income": NaN,
        "Interest Expense": NaN,
        "Interest Income": NaN,
        "Normalized Income": NaN,
        "Net Income From Continuing And Discontinued Operation": NaN,
        "Total Expenses": NaN,
        "Total Operating Income As Reported": NaN,
        "Diluted Average Shares": 586826898.0,
        "Basic Average Shares": 586826898.0,
        "Diluted EPS": 0.235,
        "Basic EPS": 0.235,
        "Diluted NI Availto Com Stockholders": NaN,
        "Net Income Common Stockholders": NaN,
        "Net Income": NaN,
        "Minority Interests": NaN,
        "Net Income Including Noncontrolling Interests": NaN,
        "Net Income Continuous Operations": NaN,
        "Tax Provision": NaN,
        "Pretax Income": NaN,
        "Other Income Expense": NaN,
        "Special Income Charges": NaN,
        "Gain On Sale Of Ppe": NaN,
        "Gain On Sale Of Business": NaN,
        "Earnings From Equity Interest": NaN,
        "Gain On Sale Of Security": NaN,
        "Net Non Operating Interest Income Expense": NaN,
        "Interest Expense Non Operating": NaN,
        "Interest Income Non Operating": NaN,
        "Operating Income": NaN,
        "Operating Expense": NaN,
        "Other Operating Expenses": NaN,
        "Research And Development": NaN,
        "Selling General And Administration": NaN,
        "Selling And Marketing Expense": NaN,
        "General And Administrative Expense": NaN,
        "Other Gand A": NaN,
        "Gross Profit": NaN,
        "Cost Of Revenue": NaN,
        "Total Revenue": NaN,
        "Operating Revenue": NaN
    },
    "2022-09-30": {
        "Tax Effect Of Unusual Items": NaN,
        "Tax Rate For Calcs": NaN,
        "Normalized EBITDA": NaN,
        "Total Unusual Items": -98138000.0,
        "Total Unusual Items Excluding Goodwill": -98138000.0,
        "Net Income From Continuing Operation Net Minority Interest": NaN,
        "Reconciled Depreciation": NaN,
        "Reconciled Cost Of Revenue": NaN,
        "EBITDA": NaN,
        "EBIT": NaN,
        "Net Interest Income": NaN,
        "Interest Expense": NaN,
        "Interest Income": NaN,
        "Normalized Income": NaN,
        "Net Income From Continuing And Discontinued Operation": NaN,
        "Total Expenses": NaN,
        "Total Operating Income As Reported": NaN,
        "Diluted Average Shares": NaN,
        "Basic Average Shares": NaN,
        "Diluted EPS": NaN,
        "Basic EPS": NaN,
        "Diluted NI Availto Com Stockholders": NaN,
        "Net Income Common Stockholders": NaN,
        "Net Income": NaN,
        "Minority Interests": NaN,
        "Net Income Including Noncontrolling Interests": NaN,
        "Net Income Continuous Operations": NaN,
        "Tax Provision": NaN,
        "Pretax Income": NaN,
        "Other Income Expense": NaN,
        "Special Income Charges": -87675000.0,
        "Gain On Sale Of Ppe": 3021000.0,
        "Gain On Sale Of Business": -90696000.0,
        "Earnings From Equity Interest": NaN,
        "Gain On Sale Of Security": -10463000.0,
        "Net Non Operating Interest Income Expense": NaN,
        "Interest Expense Non Operating": NaN,
        "Interest Income Non Operating": NaN,
        "Operating Income": NaN,
        "Operating Expense": NaN,
        "Other Operating Expenses": NaN,
        "Research And Development": NaN,
        "Selling General And Administration": NaN,
        "Selling And Marketing Expense": NaN,
        "General And Administrative Expense": NaN,
        "Other Gand A": NaN,
        "Gross Profit": NaN,
        "Cost Of Revenue": NaN,
        "Total Revenue": NaN,
        "Operating Revenue": NaN
    },
    "2022-06-30": {
        "Tax Effect Of Unusual Items": 0.0,
        "Tax Rate For Calcs": 0.234,
        "Normalized EBITDA": 776007000.0,
        "Total Unusual Items": NaN,
        "Total Unusual Items Excluding Goodwill": NaN,
        "Net Income From Continuing Operation Net Minority Interest": 147140000.0,
        "Reconciled Depreciation": 422750000.0,
        "Reconciled Cost Of Revenue": 3410630000.0,
        "EBITDA": 776007000.0,
        "EBIT": 353257000.0,
        "Net Interest Income": -71579000.0,
        "Interest Expense": 84326000.0,
        "Interest Income": 12747000.0,
        "Normalized Income": 147140000.0,
        "Net Income From Continuing And Discontinued Operation": 147140000.0,
        "Total Expenses": 4435537000.0,
        "Total Operating Income As Reported": 340510000.0,
        "Diluted Average Shares": 586290826.0,
        "Basic Average Shares": 586290826.0,
        "Diluted EPS": 0.25,
        "Basic EPS": 0.25,
        "Diluted NI Availto Com Stockholders": 147140000.0,
        "Net Income Common Stockholders": 147140000.0,
        "Net Income": 147140000.0,
        "Minority Interests": -58865000.0,
        "Net Income Including Noncontrolling Interests": 206005000.0,
        "Net Income Continuous Operations": 206005000.0,
        "Tax Provision": 62926000.0,
        "Pretax Income": 268931000.0,
        "Other Income Expense": 19367000.0,
        "Special Income Charges": NaN,
        "Gain On Sale Of Ppe": NaN,
        "Gain On Sale Of Business": NaN,
        "Earnings From Equity Interest": 19367000.0,
        "Gain On Sale Of Security": NaN,
        "Net Non Operating Interest Income Expense": -71579000.0,
        "Interest Expense Non Operating": 84326000.0,
        "Interest Income Non Operating": 12747000.0,
        "Operating Income": 321143000.0,
        "Operating Expense": 1024907000.0,
        "Other Operating Expenses": NaN,
        "Research And Development": 55418000.0,
        "Selling General And Administration": 969489000.0,
        "Gross Profit": 1346050000.0,
        "Cost Of Revenue": 3410630000.0,
        "Total Revenue": 4756680000.0,
        "Operating Revenue": 4756680000.0
    },
    "2023-06-30": {
        "Tax Effect Of Unusual Items": NaN,
        "Tax Rate For Calcs": NaN,
        "Normalized EBITDA": NaN,
        "Total Unusual Items": -48683000.0,
        "Total Unusual Items Excluding Goodwill": -48683000.0,
        "Net Income From Continuing Operation Net Minority Interest": NaN,
        "Reconciled Depreciation": NaN,
        "Reconciled Cost Of Revenue": NaN,
        "EBITDA": NaN,
        "EBIT": NaN,
        "Net Interest Income": NaN,
        "Interest Expense": NaN,
        "Interest Income": NaN,
        "Normalized Income": NaN,
        "Net Income From Continuing And Discontinued Operation": NaN,
        "Total Expenses": NaN,
        "Total Operating Income As Reported": NaN,
        "Diluted Average Shares": 586826898.0,
        "Basic Average Shares": 586826898.0,
        "Diluted EPS": 0.24,
        "Basic EPS": 0.24,
        "Diluted NI Availto Com Stockholders": NaN,
        "Net Income Common Stockholders": NaN,
        "Net Income": NaN,
        "Minority Interests": NaN,
        "Net Income Including Noncontrolling Interests": NaN,
        "Net Income Continuous Operations": NaN,
        "Tax Provision": NaN,
        "Pretax Income": NaN,
        "Other Income Expense": NaN,
        "Special Income Charges": -28196000.0,
        "Gain On Sale Of Ppe": 3819000.0,
        "Gain On Sale Of Business": -32015000.0,
        "Earnings From Equity Interest": NaN,
        "Gain On Sale Of Security": -20487000.0,
        "Net Non Operating Interest Income Expense": NaN,
        "Interest Expense Non Operating": NaN,
        "Interest Income Non Operating": NaN,
        "Operating Income": NaN,
        "Operating Expense": NaN,
        "Other Operating Expenses": NaN,
        "Research And Development": NaN,
        "Selling General And Administration": NaN,
        "Selling And Marketing Expense": NaN,
        "General And Administrative Expense": NaN,
        "Other Gand A": NaN,
        "Gross Profit": NaN,
        "Cost Of Revenue": NaN,
        "Total Revenue": NaN,
        "Operating Revenue": NaN
    },
    "2022-03-31": {
        "Diluted EPS": 0.3,
        "Total Revenue": NaN,
        "Gross Profit": NaN,
        "Operating Income": 390,
        "EBIT": 860,
        "Net Income": 177
    },
    "2021-12-31": {
        "Diluted EPS": 0.45,
        "Total Revenue": NaN,
        "Gross Profit": NaN,
        "Operating Income": 513,
        "EBIT": NaN,
        "Net Income": 261
    },
    "2021-09-30": {
        "Diluted EPS": 0.55,
        "Total Revenue": NaN,
        "Gross Profit": NaN,
        "Operating Income": 595,
        "EBIT": NaN,
        "Net Income": 322
    },
    "2021-06-30": {
        "Diluted EPS": 0.45,
        "Total Revenue": NaN,
        "Gross Profit": NaN,
        "Operating Income": 511,
        "EBIT": 987,
        "Net Income": 263
    },
    "2021-03-31": {
        "Diluted EPS": 0.51,
        "Total Revenue": NaN,
        "Gross Profit": NaN,
        "Operating Income": 572,
        "EBIT": NaN,
        "Net Income": 300
    },
    "2020-12-31": {
        "Diluted EPS": 0.37,
        "Total Revenue": NaN,
        "Gross Profit": NaN,
        "Operating Income": 559,
        "EBIT": NaN,
        "Net Income": 218
    },
    "2020-09-30": {
        "Diluted EPS": 0.71,
        "Total Revenue": NaN,
        "Gross Profit": NaN,
        "Operating Income": 739,
        "EBIT": NaN,
        "Net Income": 413
    },
    "2020-06-30": {
        "Diluted EPS": 0.66,
        "Total Revenue": NaN,
        "Gross Profit": NaN,
        "Operating Income": 722,
        "EBIT": NaN,
        "Net Income": 386
    },
    "2020-03-31": {
        "Diluted EPS": 0.52,
        "Total Revenue": NaN,
        "Gross Profit": NaN,
        "Operating Income": 612,
        "EBIT": NaN,
        "Net Income": 312
    },
    "2019-12-31": {
        "Diluted EPS": 0.64,
        "Total Revenue": NaN,
        "Gross Profit": NaN,
        "Operating Income": 685,
        "EBIT": NaN,
        "Net Income": 381
    },
    "2019-09-30": {
        "Diluted EPS": 0.61,
        "Total Revenue": NaN,
        "Gross Profit": NaN,
        "Operating Income": 662,
        "EBIT": NaN,
        "Net Income": 370
    },
    "2019-06-30": {
        "Diluted EPS": 0.47,
        "Total Revenue": NaN,
        "Gross Profit": NaN,
        "Operating Income": 586,
        "EBIT": NaN,
        "Net Income": 285
    },
    "2019-03-31": {
        "Diluted EPS": 0.5,
        "Total Revenue": NaN,
        "Gross Profit": NaN,
        "Operating Income": 609,
        "EBIT": NaN,
        "Net Income": 308
    },
    "2018-12-31": {
        "Diluted EPS": 0.78,
        "Total Revenue": NaN,
        "Gross Profit": NaN,
        "Operating Income": 694,
        "EBIT": 929,
        "Net Income": 482
    },
    "2018-09-30": {
        "Diluted EPS": 0.54,
        "Total Revenue": NaN,
        "Gross Profit": NaN,
        "Operating Income": 612,
        "EBIT": 810,
        "Net Income": 331
    },
    "2018-06-30": {
        "Diluted EPS": 1.94,
        "Total Revenue": NaN,
        "Gross Profit": NaN,
        "Operating Income": NaN,
        "EBIT": NaN,
        "Net Income": NaN
    },
    "2018-03-31": {
        "Diluted EPS": 0.56,
        "Total Revenue": NaN,
        "Gross Profit": NaN,
        "Operating Income": 611,
        "EBIT": 826,
        "Net Income": 342
    },
    "2017-12-31": {
        "Diluted EPS": 0.74,
        "Total Revenue": NaN,
        "Gross Profit": NaN,
        "Operating Income": 619,
        "EBIT": 800,
        "Net Income": 459
    },
    "2017-09-30": {
        "Diluted EPS": 0.59,
        "Total Revenue": NaN,
        "Gross Profit": NaN,
        "Operating Income": 715,
        "EBIT": 952,
        "Net Income": 363
    },
    "2017-06-30": {
        "Diluted EPS": 0.48,
        "Total Revenue": NaN,
        "Gross Profit": NaN,
        "Operating Income": 642,
        "EBIT": 853,
        "Net Income": 296
    },
    "2017-03-31": {
        "Diluted EPS": 0.54,
        "Total Revenue": NaN,
        "Gross Profit": NaN,
        "Operating Income": 694,
        "EBIT": 896,
        "Net Income": 328
    },
    "2016-12-31": {
        "Diluted EPS": 0.63,
        "Total Revenue": NaN,
        "Gross Profit": NaN,
        "Operating Income": 786,
        "EBIT": 990,
        "Net Income": 388
    },
    "2016-09-30": {
        "Diluted EPS": 0.55,
        "Total Revenue": NaN,
        "Gross Profit": NaN,
        "Operating Income": 670,
        "EBIT": 867,
        "Net Income": 333
    },
    "2016-06-30": {
        "Diluted EPS": 0.48,
        "Total Revenue": NaN,
        "Gross Profit": NaN,
        "Operating Income": 641,
        "EBIT": 835,
        "Net Income": 294
    },
    "2016-03-31": {
        "Diluted EPS": 0.38,
        "Total Revenue": NaN,
        "Gross Profit": NaN,
        "Operating Income": 540,
        "EBIT": 722,
        "Net Income": 228
    },
    "2015-12-31": {
        "Diluted EPS": 0.52,
        "Total Revenue": NaN,
        "Gross Profit": NaN,
        "Operating Income": 662,
        "EBIT": 843,
        "Net Income": 317
    },
    "2015-09-30": {
        "Diluted EPS": 0.43,
        "Total Revenue": NaN,
        "Gross Profit": NaN,
        "Operating Income": 614,
        "EBIT": 793,
        "Net Income": 262
    },
    "2015-06-30": {
        "Diluted EPS": 0.4,
        "Total Revenue": NaN,
        "Gross Profit": NaN,
        "Operating Income": 547,
        "EBIT": 728,
        "Net Income": 241
    },
    "2015-03-31": {
        "Diluted EPS": 0.35,
        "Total Revenue": NaN,
        "Gross Profit": NaN,
        "Operating Income": 504,
        "EBIT": 680,
        "Net Income": 210
    },
    "2014-12-31": {
        "Diluted EPS": 0.56,
        "Total Revenue": NaN,
        "Gross Profit": NaN,
        "Operating Income": 663,
        "EBIT": 849,
        "Net Income": 335
    },
    "2014-09-30": {
        "Diluted EPS": 0.45,
        "Total Revenue": NaN,
        "Gross Profit": NaN,
        "Operating Income": 590,
        "EBIT": 767,
        "Net Income": 271
    },
    "2014-06-30": {
        "Diluted EPS": 0.39,
        "Total Revenue": NaN,
        "Gross Profit": NaN,
        "Operating Income": 556,
        "EBIT": 725,
        "Net Income": 234
    },
    "2014-03-31": {
        "Diluted EPS": 0.34,
        "Total Revenue": NaN,
        "Gross Profit": NaN,
        "Operating Income": 445,
        "EBIT": 612,
        "Net Income": 205
    },
    "2013-12-31": {
        "Diluted EPS": 0.58,
        "Total Revenue": NaN,
        "Gross Profit": NaN,
        "Operating Income": 659,
        "EBIT": 828,
        "Net Income": 349
    },
    "2013-09-30": {
        "Diluted EPS": 0.45,
        "Total Revenue": NaN,
        "Gross Profit": NaN,
        "Operating Income": 551,
        "EBIT": 716,
        "Net Income": 273
    },
    "2013-06-30": {
        "Diluted EPS": 0.43,
        "Total Revenue": NaN,
        "Gross Profit": NaN,
        "Operating Income": 532,
        "EBIT": 691,
        "Net Income": 263
    },
    "2013-03-31": {
        "Diluted EPS": 0.37,
        "Total Revenue": NaN,
        "Gross Profit": NaN,
        "Operating Income": 487,
        "EBIT": 644,
        "Net Income": 225
    },
    "2012-12-31": {
        "Diluted EPS": 0.84,
        "Total Revenue": NaN,
        "Gross Profit": NaN,
        "Operating Income": 554,
        "EBIT": 711,
        "Net Income": 257
    },
    "2012-09-30": {
        "Diluted EPS": 0.44,
        "Total Revenue": NaN,
        "Gross Profit": NaN,
        "Operating Income": 562,
        "EBIT": 714,
        "Net Income": 270
    },
    "2012-06-30": {
        "Diluted EPS": 0.47,
        "Total Revenue": NaN,
        "Gross Profit": NaN,
        "Operating Income": 560,
        "EBIT": 711,
        "Net Income": 289
    },
    "2012-03-31": {
        "Diluted EPS": 0.61,
        "Total Revenue": NaN,
        "Gross Profit": NaN,
        "Operating Income": 488,
        "EBIT": 632,
        "Net Income": 370
    },
    "2011-12-31": {
        "Diluted EPS": 0.51,
        "Total Revenue": NaN,
        "Gross Profit": NaN,
        "Operating Income": 578,
        "EBIT": 721,
        "Net Income": 310
    },
    "2011-09-30": {
        "Diluted EPS": 0.46,
        "Total Revenue": NaN,
        "Gross Profit": NaN,
        "Operating Income": 528,
        "EBIT": 669,
        "Net Income": 279
    },
    "2011-06-30": {
        "Diluted EPS": 0.43,
        "Total Revenue": NaN,
        "Gross Profit": NaN,
        "Operating Income": 501,
        "EBIT": 637,
        "Net Income": 261
    },
    "2011-03-31": {
        "Diluted EPS": 0.37,
        "Total Revenue": NaN,
        "Gross Profit": NaN,
        "Operating Income": 438,
        "EBIT": 574,
        "Net Income": 221
    },
    "2010-12-31": {
        "Diluted EPS": 0.45,
        "Total Revenue": NaN,
        "Gross Profit": NaN,
        "Operating Income": 542,
        "EBIT": 676,
        "Net Income": 271
    },
    "2010-09-30": {
        "Diluted EPS": 0.41,
        "Total Revenue": NaN,
        "Gross Profit": NaN,
        "Operating Income": 493,
        "EBIT": 617,
        "Net Income": 248
    },
    "2010-06-30": {
        "Diluted EPS": 0.42,
        "Total Revenue": NaN,
        "Gross Profit": NaN,
        "Operating Income": 465,
        "EBIT": 586,
        "Net Income": 248
    },
    "2010-03-31": {
        "Diluted EPS": 0.35,
        "Total Revenue": NaN,
        "Gross Profit": 964,
        "Operating Income": 424,
        "EBIT": 548,
        "Net Income": 211
    },
    "2009-12-31": {
        "Diluted EPS": 0.41,
        "Total Revenue": NaN,
        "Gross Profit": NaN,
        "Operating Income": 491,
        "EBIT": 614,
        "Net Income": 247
    },
    "2009-09-30": {
        "Diluted EPS": 0.38,
        "Total Revenue": NaN,
        "Gross Profit": 979,
        "Operating Income": 451,
        "EBIT": 570,
        "Net Income": 225
    },
    "2009-06-30": {
        "Diluted EPS": 0.37,
        "Total Revenue": NaN,
        "Gross Profit": 932,
        "Operating Income": 418,
        "EBIT": 528,
        "Net Income": 221
    },
    "2009-03-31": {
        "Diluted EPS": 0.34,
        "Total Revenue": NaN,
        "Gross Profit": 863,
        "Operating Income": 396,
        "EBIT": 502,
        "Net Income": 198
    },
    "2023-09-30": {
        "Tax Effect Of Unusual Items": NaN,
        "Tax Rate For Calcs": NaN,
        "Normalized EBITDA": NaN,
        "Total Unusual Items": -62854000.0,
        "Total Unusual Items Excluding Goodwill": -62854000.0,
        "Net Income From Continuing Operation Net Minority Interest": NaN,
        "Reconciled Depreciation": NaN,
        "Reconciled Cost Of Revenue": NaN,
        "EBITDA": NaN,
        "EBIT": NaN,
        "Net Interest Income": NaN,
        "Interest Expense": NaN,
        "Interest Income": NaN,
        "Normalized Income": NaN,
        "Net Income From Continuing And Discontinued Operation": NaN,
        "Total Expenses": NaN,
        "Total Operating Income As Reported": NaN,
        "Diluted Average Shares": 586826898.0,
        "Basic Average Shares": 586826898.0,
        "Diluted EPS": 0.145,
        "Basic EPS": 0.145,
        "Diluted NI Availto Com Stockholders": NaN,
        "Net Income Common Stockholders": NaN,
        "Net Income": NaN,
        "Minority Interests": NaN,
        "Net Income Including Noncontrolling Interests": NaN,
        "Net Income Continuous Operations": NaN,
        "Tax Provision": NaN,
        "Pretax Income": NaN,
        "Other Income Expense": NaN,
        "Special Income Charges": -67301000.0,
        "Gain On Sale Of Ppe": -841000.0,
        "Gain On Sale Of Business": -66460000.0,
        "Earnings From Equity Interest": NaN,
        "Gain On Sale Of Security": 4447000.0,
        "Net Non Operating Interest Income Expense": NaN,
        "Interest Expense Non Operating": NaN,
        "Interest Income Non Operating": NaN,
        "Operating Income": NaN,
        "Operating Expense": NaN,
        "Other Operating Expenses": NaN,
        "Research And Development": NaN,
        "Selling General And Administration": NaN,
        "Selling And Marketing Expense": 202256000.0,
        "General And Administrative Expense": 591534000.0,
        "Other Gand A": 591534000.0,
        "Gross Profit": NaN,
        "Cost Of Revenue": NaN,
        "Total Revenue": NaN,
        "Operating Revenue": NaN
    },
    "2023-12-31": {
        "Tax Effect Of Unusual Items": NaN,
        "Tax Rate For Calcs": NaN,
        "Normalized EBITDA": NaN,
        "Total Unusual Items": NaN,
        "Total Unusual Items Excluding Goodwill": NaN,
        "Net Income From Continuing Operation Net Minority Interest": NaN,
        "Reconciled Depreciation": 425934000.0,
        "Reconciled Cost Of Revenue": NaN,
        "EBITDA": NaN,
        "EBIT": NaN,
        "Net Interest Income": NaN,
        "Interest Expense": NaN,
        "Interest Income": NaN,
        "Normalized Income": NaN,
        "Net Income From Continuing And Discontinued Operation": NaN,
        "Total Expenses": NaN,
        "Total Operating Income As Reported": NaN,
        "Diluted Average Shares": NaN,
        "Basic Average Shares": NaN,
        "Diluted EPS": NaN,
        "Basic EPS": NaN,
        "Diluted NI Availto Com Stockholders": NaN,
        "Net Income Common Stockholders": NaN,
        "Net Income": NaN,
        "Minority Interests": NaN,
        "Net Income Including Noncontrolling Interests": NaN,
        "Net Income Continuous Operations": NaN,
        "Tax Provision": NaN,
        "Pretax Income": NaN,
        "Other Income Expense": NaN,
        "Special Income Charges": NaN,
        "Gain On Sale Of Ppe": NaN,
        "Gain On Sale Of Business": NaN,
        "Earnings From Equity Interest": NaN,
        "Gain On Sale Of Security": NaN,
        "Net Non Operating Interest Income Expense": NaN,
        "Interest Expense Non Operating": NaN,
        "Interest Income Non Operating": NaN,
        "Operating Income": NaN,
        "Operating Expense": NaN,
        "Other Operating Expenses": NaN,
        "Research And Development": NaN,
        "Selling General And Administration": NaN,
        "Selling And Marketing Expense": NaN,
        "General And Administrative Expense": NaN,
        "Other Gand A": NaN,
        "Gross Profit": NaN,
        "Cost Of Revenue": NaN,
        "Total Revenue": NaN,
        "Operating Revenue": NaN
    },
    "2024-03-31": {
        "Tax Effect Of Unusual Items": NaN,
        "Tax Rate For Calcs": NaN,
        "Normalized EBITDA": NaN,
        "Total Unusual Items": -144311000.0,
        "Total Unusual Items Excluding Goodwill": -144311000.0,
        "Net Income From Continuing Operation Net Minority Interest": NaN,
        "Reconciled Depreciation": 512443000.0,
        "Reconciled Cost Of Revenue": NaN,
        "EBITDA": NaN,
        "EBIT": NaN,
        "Net Interest Income": NaN,
        "Interest Expense": NaN,
        "Interest Income": NaN,
        "Normalized Income": NaN,
        "Net Income From Continuing And Discontinued Operation": NaN,
        "Total Expenses": NaN,
        "Total Operating Income As Reported": NaN,
        "Diluted Average Shares": NaN,
        "Basic Average Shares": NaN,
        "Diluted EPS": NaN,
        "Basic EPS": NaN,
        "Diluted NI Availto Com Stockholders": NaN,
        "Net Income Common Stockholders": NaN,
        "Net Income": NaN,
        "Minority Interests": NaN,
        "Net Income Including Noncontrolling Interests": NaN,
        "Net Income Continuous Operations": NaN,
        "Tax Provision": NaN,
        "Pretax Income": NaN,
        "Other Income Expense": NaN,
        "Special Income Charges": -150769000.0,
        "Gain On Sale Of Ppe": 1080000.0,
        "Gain On Sale Of Business": -151849000.0,
        "Earnings From Equity Interest": NaN,
        "Gain On Sale Of Security": 6458000.0,
        "Net Non Operating Interest Income Expense": NaN,
        "Interest Expense Non Operating": NaN,
        "Interest Income Non Operating": NaN,
        "Operating Income": NaN,
        "Operating Expense": NaN,
        "Other Operating Expenses": NaN,
        "Research And Development": NaN,
        "Selling General And Administration": NaN,
        "Selling And Marketing Expense": 190562000.0,
        "General And Administrative Expense": 585082000.0,
        "Other Gand A": 585082000.0,
        "Gross Profit": NaN,
        "Cost Of Revenue": NaN,
        "Total Revenue": NaN,
        "Operating Revenue": NaN
    },
    "2024-06-30": {
        "Tax Effect Of Unusual Items": NaN,
        "Tax Rate For Calcs": NaN,
        "Normalized EBITDA": NaN,
        "Total Unusual Items": 18699000.0,
        "Total Unusual Items Excluding Goodwill": 18699000.0,
        "Net Income From Continuing Operation Net Minority Interest": NaN,
        "Reconciled Depreciation": 387000000.0,
        "Reconciled Cost Of Revenue": NaN,
        "EBITDA": NaN,
        "EBIT": NaN,
        "Net Interest Income": NaN,
        "Interest Expense": NaN,
        "Interest Income": NaN,
        "Normalized Income": NaN,
        "Net Income From Continuing And Discontinued Operation": NaN,
        "Total Expenses": NaN,
        "Total Operating Income As Reported": NaN,
        "Diluted Average Shares": NaN,
        "Basic Average Shares": NaN,
        "Diluted EPS": NaN,
        "Basic EPS": NaN,
        "Diluted NI Availto Com Stockholders": NaN,
        "Net Income Common Stockholders": NaN,
        "Net Income": NaN,
        "Minority Interests": NaN,
        "Net Income Including Noncontrolling Interests": NaN,
        "Net Income Continuous Operations": NaN,
        "Tax Provision": NaN,
        "Pretax Income": NaN,
        "Other Income Expense": NaN,
        "Special Income Charges": -20414000.0,
        "Gain On Sale Of Ppe": 2670000.0,
        "Gain On Sale Of Business": -23084000.0,
        "Earnings From Equity Interest": NaN,
        "Gain On Sale Of Security": 39113000.0,
        "Net Non Operating Interest Income Expense": NaN,
        "Interest Expense Non Operating": NaN,
        "Interest Income Non Operating": NaN,
        "Operating Income": NaN,
        "Operating Expense": NaN,
        "Other Operating Expenses": NaN,
        "Research And Development": NaN,
        "Selling General And Administration": NaN,
        "Selling And Marketing Expense": 190974000.0,
        "General And Administrative Expense": 580492000.0,
        "Other Gand A": 580492000.0,
        "Gross Profit": NaN,
        "Cost Of Revenue": NaN,
        "Total Revenue": NaN,
        "Operating Revenue": NaN
    },
    "2024-09-30": {
        "Tax Effect Of Unusual Items": 18817876.0,
        "Tax Rate For Calcs": 0.214,
        "Normalized EBITDA": 391696000.0,
        "Total Unusual Items": 87934000.0,
        "Total Unusual Items Excluding Goodwill": 87934000.0,
        "Net Income From Continuing Operation Net Minority Interest": 213027000.0,
        "Reconciled Depreciation": 366256000.0,
        "Reconciled Cost Of Revenue": 3614078000.0,
        "EBITDA": 479630000.0,
        "EBIT": 479630000.0,
        "Net Interest Income": -82170000.0,
        "Interest Expense": 99104000.0,
        "Interest Income": 16934000.0,
        "Normalized Income": 143910876.0,
        "Net Income From Continuing And Discontinued Operation": 213027000.0,
        "Total Expenses": 4426648000.0,
        "Total Operating Income As Reported": 462696000.0,
        "Diluted Average Shares": 586826898.0,
        "Basic Average Shares": 586826898.0,
        "Diluted EPS": 0.365,
        "Basic EPS": 0.365,
        "Diluted NI Availto Com Stockholders": 213027000.0,
        "Net Income Common Stockholders": 213027000.0,
        "Net Income": 213027000.0,
        "Minority Interests": -50965000.0,
        "Net Income Including Noncontrolling Interests": 263992000.0,
        "Net Income Continuous Operations": 263992000.0,
        "Tax Provision": 116534000.0,
        "Pretax Income": 380526000.0,
        "Other Income Expense": 129182000.0,
        "Special Income Charges": 82801000.0,
        "Gain On Sale Of Ppe": 8250000.0,
        "Gain On Sale Of Business": 74551000.0,
        "Earnings From Equity Interest": 41248000.0,
        "Gain On Sale Of Security": 5133000.0,
        "Net Non Operating Interest Income Expense": -82170000.0,
        "Interest Expense Non Operating": 99104000.0,
        "Interest Income Non Operating": 16934000.0,
        "Operating Income": 333514000.0,
        "Operating Expense": 812570000.0,
        "Other Operating Expenses": 16377000.0,
        "Research And Development": 40047000.0,
        "Selling General And Administration": 756146000.0,
        "Selling And Marketing Expense": 200325000.0,
        "General And Administrative Expense": 555821000.0,
        "Other Gand A": 555821000.0,
        "Gross Profit": 1146084000.0,
        "Cost Of Revenue": 3614078000.0,
        "Total Revenue": 4760162000.0,
        "Operating Revenue": 4760162000.0
    },
    "2024-12-31": {
        "Tax Effect Of Unusual Items": 0.0,
        "Tax Rate For Calcs": 0.33934,
        "Normalized EBITDA": 280970000.0,
        "Total Unusual Items": NaN,
        "Total Unusual Items Excluding Goodwill": NaN,
        "Net Income From Continuing Operation Net Minority Interest": 66913000.0,
        "Reconciled Depreciation": NaN,
        "Reconciled Cost Of Revenue": 3814257000.0,
        "EBITDA": 280970000.0,
        "EBIT": 280970000.0,
        "Net Interest Income": -79469000.0,
        "Interest Expense": 101044000.0,
        "Interest Income": 21575000.0,
        "Normalized Income": 66913000.0,
        "Net Income From Continuing And Discontinued Operation": 66913000.0,
        "Total Expenses": 4647529000.0,
        "Total Operating Income As Reported": 259395000.0,
        "Diluted Average Shares": 586826898.0,
        "Basic Average Shares": 586826898.0,
        "Diluted EPS": 0.115,
        "Basic EPS": 0.115,
        "Diluted NI Availto Com Stockholders": 66913000.0,
        "Net Income Common Stockholders": 66913000.0,
        "Net Income": 66913000.0,
        "Minority Interests": -51957000.0,
        "Net Income Including Noncontrolling Interests": 118870000.0,
        "Net Income Continuous Operations": 118870000.0,
        "Tax Provision": 61056000.0,
        "Pretax Income": 179926000.0,
        "Other Income Expense": -177985000.0,
        "Special Income Charges": NaN,
        "Gain On Sale Of Ppe": NaN,
        "Gain On Sale Of Business": NaN,
        "Earnings From Equity Interest": 31875000.0,
        "Gain On Sale Of Security": NaN,
        "Net Non Operating Interest Income Expense": -79469000.0,
        "Interest Expense Non Operating": 101044000.0,
        "Interest Income Non Operating": 21575000.0,
        "Operating Income": 437380000.0,
        "Operating Expense": 833272000.0,
        "Other Operating Expenses": -57040000.0,
        "Research And Development": 50493000.0,
        "Selling General And Administration": 839819000.0,
        "Selling And Marketing Expense": NaN,
        "General And Administrative Expense": NaN,
        "Other Gand A": NaN,
        "Gross Profit": 1270652000.0,
        "Cost Of Revenue": 3814257000.0,
        "Total Revenue": 5084909000.0,
        "Operating Revenue": 5084909000.0
    },
    "2025-03-31": {
        "Tax Effect Of Unusual Items": -23953724.0,
        "Tax Rate For Calcs": 0.244,
        "Normalized EBITDA": 838902000.0,
        "Total Unusual Items": -98171000.0,
        "Total Unusual Items Excluding Goodwill": -98171000.0,
        "Net Income From Continuing Operation Net Minority Interest": 151221000.0,
        "Reconciled Depreciation": 394363000.0,
        "Reconciled Cost Of Revenue": 3697476000.0,
        "EBITDA": 740731000.0,
        "EBIT": 346368000.0,
        "Net Interest Income": -80737000.0,
        "Interest Expense": 95715000.0,
        "Interest Income": 14978000.0,
        "Normalized Income": 225438276.0,
        "Net Income From Continuing And Discontinued Operation": 151221000.0,
        "Total Expenses": 4499726000.0,
        "Total Operating Income As Reported": 331390000.0,
        "Diluted Average Shares": 586826898.0,
        "Basic Average Shares": 586826898.0,
        "Diluted EPS": 0.26,
        "Basic EPS": 0.26,
        "Diluted NI Availto Com Stockholders": 151221000.0,
        "Net Income Common Stockholders": 151221000.0,
        "Net Income": 151221000.0,
        "Minority Interests": -38387000.0,
        "Net Income Including Noncontrolling Interests": 189608000.0,
        "Net Income Continuous Operations": 189608000.0,
        "Tax Provision": 61045000.0,
        "Pretax Income": 250653000.0,
        "Other Income Expense": -50338000.0,
        "Special Income Charges": -23304000.0,
        "Gain On Sale Of Ppe": 1125000.0,
        "Gain On Sale Of Business": -24429000.0,
        "Earnings From Equity Interest": 47833000.0,
        "Gain On Sale Of Security": -74867000.0,
        "Net Non Operating Interest Income Expense": -80737000.0,
        "Interest Expense Non Operating": 95715000.0,
        "Interest Income Non Operating": 14978000.0,
        "Operating Income": 381728000.0,
        "Operating Expense": 802250000.0,
        "Other Operating Expenses": 8082000.0,
        "Research And Development": 43482000.0,
        "Selling General And Administration": 750686000.0,
        "Selling And Marketing Expense": 190493000.0,
        "General And Administrative Expense": 560193000.0,
        "Other Gand A": 560193000.0,
        "Gross Profit": 1183978000.0,
        "Cost Of Revenue": 3697476000.0,
        "Total Revenue": 4881454000.0,
        "Operating Revenue": 4881454000.0
    },
    "2025-06-30": {
        "Tax Effect Of Unusual Items": 0.0,
        "Tax Rate For Calcs": 0.223,
        "Normalized EBITDA": 823000000.0,
        "Total Unusual Items": -14293000.0,
        "Total Unusual Items Excluding Goodwill": -14293000.0,
        "Net Income From Continuing Operation Net Minority Interest": 225000000.0,
        "Reconciled Depreciation": 376000000.0,
        "Reconciled Cost Of Revenue": 3577000000.0,
        "EBITDA": 823000000.0,
        "EBIT": 447000000.0,
        "Net Interest Income": -75000000.0,
        "Interest Expense": 97000000.0,
        "Interest Income": 22000000.0,
        "Normalized Income": 225000000.0,
        "Net Income From Continuing And Discontinued Operation": 225000000.0,
        "Total Expenses": 4412000000.0,
        "Total Operating Income As Reported": 425000000.0,
        "Diluted Average Shares": 586826898.0,
        "Basic Average Shares": 586826898.0,
        "Diluted EPS": 0.385,
        "Basic EPS": 0.385,
        "Diluted NI Availto Com Stockholders": 225000000.0,
        "Net Income Common Stockholders": 225000000.0,
        "Net Income": 225000000.0,
        "Minority Interests": -47000000.0,
        "Net Income Including Noncontrolling Interests": 272000000.0,
        "Net Income Continuous Operations": 272000000.0,
        "Tax Provision": 78000000.0,
        "Pretax Income": 350000000.0,
        "Other Income Expense": 45000000.0,
        "Special Income Charges": -6010000.0,
        "Gain On Sale Of Ppe": 2483000.0,
        "Gain On Sale Of Business": -8493000.0,
        "Earnings From Equity Interest": 45000000.0,
        "Gain On Sale Of Security": -8283000.0,
        "Net Non Operating Interest Income Expense": -75000000.0,
        "Interest Expense Non Operating": 97000000.0,
        "Interest Income Non Operating": 22000000.0,
        "Operating Income": 380000000.0,
        "Operating Expense": 835000000.0,
        "Other Operating Expenses": 5000000.0,
        "Research And Development": 38000000.0,
        "Selling General And Administration": 792000000.0,
        "Selling And Marketing Expense": 184252000.0,
        "General And Administrative Expense": 607727000.0,
        "Other Gand A": 607727000.0,
        "Gross Profit": 1215000000.0,
        "Cost Of Revenue": 3577000000.0,
        "Total Revenue": 4792000000.0,
        "Operating Revenue": 4792000000.0
    },
    "2025-09-30": {
        "Tax Effect Of Unusual Items": -13442682.0,
        "Tax Rate For Calcs": 0.187,
        "Normalized EBITDA": 925405000.0,
        "Total Unusual Items": -71886000.0,
        "Total Unusual Items Excluding Goodwill": -71886000.0,
        "Net Income From Continuing Operation Net Minority Interest": 274797000.0,
        "Reconciled Depreciation": 357855000.0,
        "Reconciled Cost Of Revenue": 3642632000.0,
        "EBITDA": 853519000.0,
        "EBIT": 495664000.0,
        "Net Interest Income": -73937000.0,
        "Interest Expense": 93096000.0,
        "Interest Income": 19159000.0,
        "Normalized Income": 333240318.0,
        "Net Income From Continuing And Discontinued Operation": 274797000.0,
        "Total Expenses": 4383131000.0,
        "Total Operating Income As Reported": 476505000.0,
        "Diluted Average Shares": 584203166.0,
        "Basic Average Shares": 584203166.0,
        "Diluted EPS": 0.47,
        "Basic EPS": 0.47,
        "Diluted NI Availto Com Stockholders": 274797000.0,
        "Net Income Common Stockholders": 274797000.0,
        "Net Income": 274797000.0,
        "Minority Interests": -52546000.0,
        "Net Income Including Noncontrolling Interests": 327343000.0,
        "Net Income Continuous Operations": 327343000.0,
        "Tax Provision": 75225000.0,
        "Pretax Income": 402568000.0,
        "Other Income Expense": -25214000.0,
        "Special Income Charges": -54923000.0,
        "Gain On Sale Of Ppe": -4103000.0,
        "Gain On Sale Of Business": -50820000.0,
        "Earnings From Equity Interest": 46672000.0,
        "Gain On Sale Of Security": -16963000.0,
        "Net Non Operating Interest Income Expense": -73937000.0,
        "Interest Expense Non Operating": 93096000.0,
        "Interest Income Non Operating": 19159000.0,
        "Operating Income": 501719000.0,
        "Operating Expense": 740499000.0,
        "Other Operating Expenses": -2689000.0,
        "Research And Development": 37748000.0,
        "Selling General And Administration": 705440000.0,
        "Selling And Marketing Expense": 186122000.0,
        "General And Administrative Expense": 519318000.0,
        "Other Gand A": 519318000.0,
        "Gross Profit": 1242218000.0,
        "Cost Of Revenue": 3642632000.0,
        "Total Revenue": 4884850000.0,
        "Operating Revenue": 4884850000.0
    }
}