{
    "2023-06-30": {
        "Tax Effect Of Unusual Items": NaN,
        "Tax Rate For Calcs": NaN,
        "Normalized EBITDA": NaN,
        "Total Unusual Items": NaN,
        "Total Unusual Items Excluding Goodwill": NaN,
        "Net Income From Continuing Operation Net Minority Interest": NaN,
        "Reconciled Cost Of Revenue": NaN,
        "EBITDA": NaN,
        "EBIT": NaN,
        "Net Interest Income": NaN,
        "Interest Expense": NaN,
        "Interest Income": NaN,
        "Normalized Income": NaN,
        "Net Income From Continuing And Discontinued Operation": NaN,
        "Total Expenses": NaN,
        "Total Operating Income As Reported": 15216000000.0,
        "Diluted Average Shares": 357822627.0,
        "Basic Average Shares": 357822627.0,
        "Diluted EPS": NaN,
        "Basic EPS": NaN,
        "Diluted NI Availto Com Stockholders": NaN,
        "Net Income Common Stockholders": NaN,
        "Net Income": NaN,
        "Minority Interests": NaN,
        "Net Income Including Noncontrolling Interests": NaN,
        "Net Income Discontinuous Operations": NaN,
        "Net Income Continuous Operations": NaN,
        "Earnings From Equity Interest Net Of Tax": NaN,
        "Tax Provision": NaN,
        "Pretax Income": NaN,
        "Other Income Expense": NaN,
        "Other Non Operating Income Expenses": NaN,
        "Gain On Sale Of Security": NaN,
        "Net Non Operating Interest Income Expense": NaN,
        "Total Other Finance Cost": -303000000.0,
        "Interest Expense Non Operating": NaN,
        "Interest Income Non Operating": NaN,
        "Operating Income": NaN,
        "Operating Expense": NaN,
        "Other Operating Expenses": NaN,
        "Selling General And Administration": NaN,
        "Selling And Marketing Expense": NaN,
        "General And Administrative Expense": NaN,
        "Other Gand A": NaN,
        "Gross Profit": NaN,
        "Cost Of Revenue": NaN,
        "Total Revenue": NaN,
        "Operating Revenue": NaN
    },
    "2023-03-31": {
        "Tax Effect Of Unusual Items": NaN,
        "Tax Rate For Calcs": NaN,
        "Normalized EBITDA": NaN,
        "Total Unusual Items": NaN,
        "Total Unusual Items Excluding Goodwill": NaN,
        "Net Income From Continuing Operation Net Minority Interest": NaN,
        "Reconciled Cost Of Revenue": NaN,
        "EBITDA": NaN,
        "EBIT": NaN,
        "Net Interest Income": NaN,
        "Interest Expense": NaN,
        "Interest Income": NaN,
        "Normalized Income": NaN,
        "Net Income From Continuing And Discontinued Operation": NaN,
        "Total Expenses": NaN,
        "Total Operating Income As Reported": NaN,
        "Diluted Average Shares": 357822627.0,
        "Basic Average Shares": 357822627.0,
        "Diluted EPS": NaN,
        "Basic EPS": NaN,
        "Diluted NI Availto Com Stockholders": NaN,
        "Net Income Common Stockholders": NaN,
        "Net Income": NaN,
        "Minority Interests": NaN,
        "Net Income Including Noncontrolling Interests": NaN,
        "Net Income Discontinuous Operations": NaN,
        "Net Income Continuous Operations": NaN,
        "Earnings From Equity Interest Net Of Tax": NaN,
        "Tax Provision": NaN,
        "Pretax Income": NaN,
        "Other Income Expense": NaN,
        "Other Non Operating Income Expenses": NaN,
        "Gain On Sale Of Security": NaN,
        "Net Non Operating Interest Income Expense": NaN,
        "Total Other Finance Cost": NaN,
        "Interest Expense Non Operating": NaN,
        "Interest Income Non Operating": NaN,
        "Operating Income": NaN,
        "Operating Expense": NaN,
        "Other Operating Expenses": NaN,
        "Selling General And Administration": NaN,
        "Selling And Marketing Expense": NaN,
        "General And Administrative Expense": NaN,
        "Other Gand A": NaN,
        "Gross Profit": NaN,
        "Cost Of Revenue": NaN,
        "Total Revenue": NaN,
        "Operating Revenue": NaN
    },
    "2022-12-31": {
        "Tax Effect Of Unusual Items": NaN,
        "Tax Rate For Calcs": NaN,
        "Normalized EBITDA": NaN,
        "Total Unusual Items": NaN,
        "Total Unusual Items Excluding Goodwill": NaN,
        "Net Income From Continuing Operation Net Minority Interest": NaN,
        "Reconciled Cost Of Revenue": NaN,
        "EBITDA": NaN,
        "EBIT": NaN,
        "Net Interest Income": NaN,
        "Interest Expense": NaN,
        "Interest Income": NaN,
        "Normalized Income": NaN,
        "Net Income From Continuing And Discontinued Operation": NaN,
        "Total Expenses": NaN,
        "Total Operating Income As Reported": NaN,
        "Diluted Average Shares": NaN,
        "Basic Average Shares": NaN,
        "Diluted EPS": NaN,
        "Basic EPS": NaN,
        "Diluted NI Availto Com Stockholders": NaN,
        "Net Income Common Stockholders": NaN,
        "Net Income": NaN,
        "Minority Interests": NaN,
        "Net Income Including Noncontrolling Interests": NaN,
        "Net Income Discontinuous Operations": NaN,
        "Net Income Continuous Operations": NaN,
        "Earnings From Equity Interest Net Of Tax": NaN,
        "Tax Provision": NaN,
        "Pretax Income": NaN,
        "Other Income Expense": NaN,
        "Other Non Operating Income Expenses": NaN,
        "Gain On Sale Of Security": NaN,
        "Net Non Operating Interest Income Expense": NaN,
        "Total Other Finance Cost": 255000000.0,
        "Interest Expense Non Operating": NaN,
        "Interest Income Non Operating": NaN,
        "Operating Income": NaN,
        "Operating Expense": NaN,
        "Other Operating Expenses": NaN,
        "Selling General And Administration": NaN,
        "Selling And Marketing Expense": NaN,
        "General And Administrative Expense": NaN,
        "Other Gand A": NaN,
        "Gross Profit": NaN,
        "Cost Of Revenue": NaN,
        "Total Revenue": NaN,
        "Operating Revenue": NaN
    },
    "2022-09-30": {
        "Tax Effect Of Unusual Items": NaN,
        "Tax Rate For Calcs": NaN,
        "Normalized EBITDA": NaN,
        "Total Unusual Items": NaN,
        "Total Unusual Items Excluding Goodwill": NaN,
        "Net Income From Continuing Operation Net Minority Interest": NaN,
        "Reconciled Cost Of Revenue": NaN,
        "EBITDA": NaN,
        "EBIT": NaN,
        "Net Interest Income": NaN,
        "Interest Expense": NaN,
        "Interest Income": NaN,
        "Normalized Income": NaN,
        "Net Income From Continuing And Discontinued Operation": NaN,
        "Total Expenses": NaN,
        "Total Operating Income As Reported": 14146000000.0,
        "Diluted Average Shares": NaN,
        "Basic Average Shares": NaN,
        "Diluted EPS": NaN,
        "Basic EPS": NaN,
        "Diluted NI Availto Com Stockholders": NaN,
        "Net Income Common Stockholders": NaN,
        "Net Income": NaN,
        "Minority Interests": NaN,
        "Net Income Including Noncontrolling Interests": NaN,
        "Net Income Discontinuous Operations": NaN,
        "Net Income Continuous Operations": NaN,
        "Earnings From Equity Interest Net Of Tax": NaN,
        "Tax Provision": NaN,
        "Pretax Income": NaN,
        "Other Income Expense": NaN,
        "Other Non Operating Income Expenses": NaN,
        "Gain On Sale Of Security": NaN,
        "Net Non Operating Interest Income Expense": NaN,
        "Total Other Finance Cost": NaN,
        "Interest Expense Non Operating": NaN,
        "Interest Income Non Operating": NaN,
        "Operating Income": NaN,
        "Operating Expense": NaN,
        "Other Operating Expenses": NaN,
        "Selling General And Administration": NaN,
        "Selling And Marketing Expense": NaN,
        "General And Administrative Expense": NaN,
        "Other Gand A": NaN,
        "Gross Profit": NaN,
        "Cost Of Revenue": NaN,
        "Total Revenue": NaN,
        "Operating Revenue": NaN
    },
    "2022-06-30": {
        "Tax Effect Of Unusual Items": -78280000.0,
        "Tax Rate For Calcs": 0.38,
        "Normalized EBITDA": 16623000000.0,
        "Total Unusual Items": -206000000.0,
        "Total Unusual Items Excluding Goodwill": -206000000.0,
        "Net Income From Continuing Operation Net Minority Interest": 5224000000.0,
        "Reconciled Cost Of Revenue": 105478000000.0,
        "EBITDA": 16417000000.0,
        "EBIT": 16417000000.0,
        "Net Interest Income": -2614000000.0,
        "Interest Expense": 4204000000.0,
        "Interest Income": 789000000.0,
        "Normalized Income": 5351720000.0,
        "Net Income From Continuing And Discontinued Operation": 5224000000.0,
        "Total Expenses": 152045000000.0,
        "Total Operating Income As Reported": 15355000000.0,
        "Diluted Average Shares": 1789113135.0,
        "Basic Average Shares": 1789113135.0,
        "Diluted EPS": 2.910939,
        "Basic EPS": 2.910939,
        "Diluted NI Availto Com Stockholders": 5224000000.0,
        "Net Income Common Stockholders": 5224000000.0,
        "Net Income": 5224000000.0,
        "Minority Interests": -2432000000.0,
        "Net Income Including Noncontrolling Interests": 7656000000.0,
        "Net Income Discontinuous Operations": NaN,
        "Net Income Continuous Operations": 7656000000.0,
        "Earnings From Equity Interest Net Of Tax": 118000000.0,
        "Tax Provision": 4675000000.0,
        "Pretax Income": 12213000000.0,
        "Other Income Expense": -761000000.0,
        "Other Non Operating Income Expenses": -555000000.0,
        "Gain On Sale Of Security": -206000000.0,
        "Net Non Operating Interest Income Expense": -2614000000.0,
        "Total Other Finance Cost": -477000000.0,
        "Interest Expense Non Operating": 4204000000.0,
        "Interest Income Non Operating": 789000000.0,
        "Operating Income": 15588000000.0,
        "Operating Expense": 46567000000.0,
        "Other Operating Expenses": 206000000.0,
        "Selling General And Administration": 46578000000.0,
        "Selling And Marketing Expense": 38874000000.0,
        "General And Administrative Expense": 7704000000.0,
        "Other Gand A": 7704000000.0,
        "Gross Profit": 62155000000.0,
        "Cost Of Revenue": 105478000000.0,
        "Total Revenue": 167633000000.0,
        "Operating Revenue": 167633000000.0
    },
    "2022-03-31": {
        "Diluted EPS": 0.67,
        "Total Revenue": NaN,
        "Gross Profit": NaN,
        "Operating Income": 580,
        "EBIT": 580,
        "Net Income": 195
    },
    "2021-12-31": {
        "Diluted EPS": 0.85,
        "Total Revenue": NaN,
        "Gross Profit": NaN,
        "Operating Income": 739,
        "EBIT": 739,
        "Net Income": 304
    },
    "2021-09-30": {
        "Diluted EPS": 1.97,
        "Total Revenue": NaN,
        "Gross Profit": NaN,
        "Operating Income": 649,
        "EBIT": 649,
        "Net Income": 706
    },
    "2021-06-30": {
        "Diluted EPS": 0.43,
        "Total Revenue": NaN,
        "Gross Profit": NaN,
        "Operating Income": 699,
        "EBIT": 699,
        "Net Income": 154
    },
    "2021-03-31": {
        "Diluted EPS": 0.63,
        "Total Revenue": NaN,
        "Gross Profit": NaN,
        "Operating Income": 469,
        "EBIT": 469,
        "Net Income": 225
    },
    "2020-12-31": {
        "Diluted EPS": 0.49,
        "Total Revenue": NaN,
        "Gross Profit": NaN,
        "Operating Income": 859,
        "EBIT": 859,
        "Net Income": 150
    },
    "2020-09-30": {
        "Diluted EPS": 0.53,
        "Total Revenue": NaN,
        "Gross Profit": NaN,
        "Operating Income": 514,
        "EBIT": 514,
        "Net Income": 146
    },
    "2020-06-30": {
        "Diluted EPS": -0.43,
        "Total Revenue": NaN,
        "Gross Profit": NaN,
        "Operating Income": 320,
        "EBIT": 320,
        "Net Income": -502
    },
    "2020-03-31": {
        "Diluted EPS": 0.61,
        "Total Revenue": NaN,
        "Gross Profit": NaN,
        "Operating Income": 481,
        "EBIT": 481,
        "Net Income": 393
    },
    "2019-12-31": {
        "Diluted EPS": 0.61,
        "Total Revenue": NaN,
        "Gross Profit": NaN,
        "Operating Income": 891,
        "EBIT": 891,
        "Net Income": 312
    },
    "2019-09-30": {
        "Diluted EPS": 0.99,
        "Total Revenue": NaN,
        "Gross Profit": NaN,
        "Operating Income": 651,
        "EBIT": 651,
        "Net Income": 375
    },
    "2019-06-30": {
        "Diluted EPS": 0.83,
        "Total Revenue": NaN,
        "Gross Profit": NaN,
        "Operating Income": 624,
        "EBIT": 624,
        "Net Income": 295
    },
    "2019-03-31": {
        "Diluted EPS": 0.64,
        "Total Revenue": NaN,
        "Gross Profit": NaN,
        "Operating Income": 468,
        "EBIT": 468,
        "Net Income": 116
    },
    "2018-12-31": {
        "Diluted EPS": 1.25,
        "Total Revenue": NaN,
        "Gross Profit": NaN,
        "Operating Income": 673,
        "EBIT": 673,
        "Net Income": 337
    },
    "2018-09-30": {
        "Diluted EPS": 0.69,
        "Total Revenue": NaN,
        "Gross Profit": NaN,
        "Operating Income": 528,
        "EBIT": 528,
        "Net Income": 248
    },
    "2018-06-30": {
        "Diluted EPS": 1.25,
        "Total Revenue": NaN,
        "Gross Profit": NaN,
        "Operating Income": 555,
        "EBIT": 555,
        "Net Income": 557
    },
    "2018-03-31": {
        "Diluted EPS": 0.22,
        "Total Revenue": NaN,
        "Gross Profit": NaN,
        "Operating Income": 449,
        "EBIT": 449,
        "Net Income": 79
    },
    "2017-12-31": {
        "Diluted EPS": -1.18,
        "Total Revenue": NaN,
        "Gross Profit": NaN,
        "Operating Income": 665,
        "EBIT": 665,
        "Net Income": -240
    },
    "2017-09-30": {
        "Diluted EPS": 5.1,
        "Total Revenue": NaN,
        "Gross Profit": NaN,
        "Operating Income": 527,
        "EBIT": 527,
        "Net Income": NaN
    },
    "2017-06-30": {
        "Diluted EPS": 0.72,
        "Total Revenue": NaN,
        "Gross Profit": NaN,
        "Operating Income": 562,
        "EBIT": 562,
        "Net Income": 251
    },
    "2017-03-31": {
        "Diluted EPS": 1.4,
        "Total Revenue": NaN,
        "Gross Profit": NaN,
        "Operating Income": 400,
        "EBIT": 400,
        "Net Income": 326
    },
    "2016-12-31": {
        "Diluted EPS": 0.66,
        "Total Revenue": NaN,
        "Gross Profit": NaN,
        "Operating Income": 445,
        "EBIT": 445,
        "Net Income": 232
    },
    "2016-09-30": {
        "Diluted EPS": 0.97,
        "Total Revenue": NaN,
        "Gross Profit": NaN,
        "Operating Income": 497,
        "EBIT": 497,
        "Net Income": 357
    },
    "2016-06-30": {
        "Diluted EPS": 0.74,
        "Total Revenue": NaN,
        "Gross Profit": NaN,
        "Operating Income": 520,
        "EBIT": 520,
        "Net Income": 269
    },
    "2016-03-31": {
        "Diluted EPS": 0.49,
        "Total Revenue": NaN,
        "Gross Profit": NaN,
        "Operating Income": 378,
        "EBIT": 378,
        "Net Income": 166
    },
    "2015-12-31": {
        "Diluted EPS": 0.76,
        "Total Revenue": NaN,
        "Gross Profit": NaN,
        "Operating Income": 673,
        "EBIT": 673,
        "Net Income": 267
    },
    "2015-09-30": {
        "Diluted EPS": 0.85,
        "Total Revenue": NaN,
        "Gross Profit": NaN,
        "Operating Income": 519,
        "EBIT": 519,
        "Net Income": 303
    },
    "2015-06-30": {
        "Diluted EPS": 0.69,
        "Total Revenue": NaN,
        "Gross Profit": NaN,
        "Operating Income": 544,
        "EBIT": 544,
        "Net Income": 253
    },
    "2015-03-31": {
        "Diluted EPS": 0.57,
        "Total Revenue": NaN,
        "Gross Profit": NaN,
        "Operating Income": 392,
        "Net Income": 210
    },
    "2014-12-31": {
        "Diluted EPS": 1.37,
        "Total Revenue": NaN,
        "Gross Profit": NaN,
        "Operating Income": NaN,
        "EBIT": NaN,
        "Net Income": 486
    },
    "2014-09-30": {
        "Diluted EPS": 1.0,
        "Total Revenue": NaN,
        "Gross Profit": NaN,
        "Operating Income": 473,
        "EBIT": 473,
        "Net Income": 354
    },
    "2014-06-30": {
        "Diluted EPS": 0.65,
        "Total Revenue": NaN,
        "Gross Profit": NaN,
        "Operating Income": 628,
        "EBIT": 628,
        "Net Income": 233
    },
    "2014-03-31": {
        "Diluted EPS": 0.85,
        "Total Revenue": NaN,
        "Gross Profit": NaN,
        "Operating Income": 491,
        "EBIT": 491,
        "Net Income": 288
    },
    "2013-12-31": {
        "Diluted EPS": 1.05,
        "Total Revenue": NaN,
        "Gross Profit": NaN,
        "Operating Income": 730,
        "EBIT": 730,
        "Net Income": 376
    },
    "2013-09-30": {
        "Diluted EPS": 1.1,
        "Total Revenue": NaN,
        "Gross Profit": NaN,
        "Operating Income": 532,
        "EBIT": 532,
        "Net Income": 346
    },
    "2013-06-30": {
        "Diluted EPS": 0.78,
        "Total Revenue": NaN,
        "Gross Profit": NaN,
        "Operating Income": 545,
        "EBIT": 545,
        "Net Income": 284
    },
    "2013-03-31": {
        "Diluted EPS": 0.59,
        "Total Revenue": NaN,
        "Gross Profit": NaN,
        "Operating Income": 554,
        "EBIT": 554,
        "Net Income": 213
    },
    "2012-12-31": {
        "Diluted EPS": 2.08,
        "Total Revenue": NaN,
        "Gross Profit": NaN,
        "Operating Income": 488,
        "EBIT": 488,
        "Net Income": 753
    },
    "2012-09-30": {
        "Diluted EPS": 1.03,
        "Total Revenue": NaN,
        "Gross Profit": NaN,
        "Operating Income": 623,
        "EBIT": 623,
        "Net Income": 364
    },
    "2012-06-30": {
        "Diluted EPS": 0.81,
        "Total Revenue": NaN,
        "Gross Profit": NaN,
        "Operating Income": 502,
        "EBIT": 502,
        "Net Income": 289
    },
    "2012-03-31": {
        "Diluted EPS": 0.51,
        "Total Revenue": NaN,
        "Gross Profit": NaN,
        "Operating Income": 428,
        "EBIT": 428,
        "Net Income": 180
    },
    "2011-12-31": {
        "Diluted EPS": 1.08,
        "Total Revenue": NaN,
        "Gross Profit": 719,
        "Operating Income": -994,
        "EBIT": -994,
        "Net Income": 415
    },
    "2011-09-30": {
        "Diluted EPS": 0.86,
        "Total Revenue": NaN,
        "Gross Profit": NaN,
        "Operating Income": NaN,
        "EBIT": NaN,
        "Net Income": 321
    },
    "2011-06-30": {
        "Diluted EPS": 0.66,
        "Total Revenue": NaN,
        "Gross Profit": NaN,
        "Operating Income": 536,
        "EBIT": 536,
        "Net Income": 235
    },
    "2011-03-31": {
        "Diluted EPS": 1.05,
        "Total Revenue": NaN,
        "Gross Profit": NaN,
        "Operating Income": 541,
        "EBIT": 541,
        "Net Income": 289
    },
    "2010-12-31": {
        "Diluted EPS": 1.11,
        "Total Revenue": NaN,
        "Gross Profit": 829,
        "Operating Income": -490,
        "EBIT": -490,
        "Net Income": 405
    },
    "2010-09-30": {
        "Diluted EPS": 1.14,
        "Total Revenue": NaN,
        "Gross Profit": NaN,
        "Operating Income": 542,
        "EBIT": 542,
        "Net Income": 408
    },
    "2010-06-30": {
        "Diluted EPS": 6.36,
        "Total Revenue": NaN,
        "Gross Profit": NaN,
        "Operating Income": 370,
        "EBIT": 370,
        "Net Income": NaN
    },
    "2010-03-31": {
        "Diluted EPS": 0.45,
        "Total Revenue": NaN,
        "Gross Profit": NaN,
        "Operating Income": NaN,
        "EBIT": NaN,
        "Net Income": 254
    },
    "2009-12-31": {
        "Diluted EPS": 0.87,
        "Total Revenue": NaN,
        "Gross Profit": NaN,
        "Operating Income": 634,
        "EBIT": 634,
        "Net Income": 311
    },
    "2009-09-30": {
        "Diluted EPS": 0.52,
        "Total Revenue": NaN,
        "Gross Profit": NaN,
        "Operating Income": 513,
        "EBIT": 513,
        "Net Income": 282
    },
    "2009-06-30": {
        "Diluted EPS": 0.53,
        "Total Revenue": NaN,
        "Gross Profit": NaN,
        "Operating Income": 548,
        "EBIT": 548,
        "Net Income": 283
    },
    "2009-03-31": {
        "Diluted EPS": 0.15,
        "Total Revenue": NaN,
        "Gross Profit": NaN,
        "Operating Income": 455,
        "EBIT": 455,
        "Net Income": 107
    },
    "2023-09-30": {
        "Tax Effect Of Unusual Items": NaN,
        "Tax Rate For Calcs": NaN,
        "Normalized EBITDA": NaN,
        "Total Unusual Items": NaN,
        "Total Unusual Items Excluding Goodwill": NaN,
        "Net Income From Continuing Operation Net Minority Interest": NaN,
        "Reconciled Cost Of Revenue": NaN,
        "EBITDA": NaN,
        "EBIT": NaN,
        "Net Interest Income": NaN,
        "Interest Expense": NaN,
        "Interest Income": NaN,
        "Normalized Income": NaN,
        "Net Income From Continuing And Discontinued Operation": NaN,
        "Total Expenses": NaN,
        "Total Operating Income As Reported": 15164000000.0,
        "Diluted Average Shares": NaN,
        "Basic Average Shares": NaN,
        "Diluted EPS": NaN,
        "Basic EPS": NaN,
        "Diluted NI Availto Com Stockholders": NaN,
        "Net Income Common Stockholders": NaN,
        "Net Income": NaN,
        "Minority Interests": NaN,
        "Net Income Including Noncontrolling Interests": NaN,
        "Net Income Discontinuous Operations": NaN,
        "Net Income Continuous Operations": NaN,
        "Earnings From Equity Interest Net Of Tax": NaN,
        "Tax Provision": NaN,
        "Pretax Income": NaN,
        "Other Income Expense": NaN,
        "Other Non Operating Income Expenses": NaN,
        "Gain On Sale Of Security": NaN,
        "Net Non Operating Interest Income Expense": NaN,
        "Total Other Finance Cost": -4820000000.0,
        "Interest Expense Non Operating": NaN,
        "Interest Income Non Operating": NaN,
        "Operating Income": NaN,
        "Operating Expense": NaN,
        "Other Operating Expenses": NaN,
        "Selling General And Administration": NaN,
        "Selling And Marketing Expense": NaN,
        "General And Administrative Expense": NaN,
        "Other Gand A": NaN,
        "Gross Profit": NaN,
        "Cost Of Revenue": NaN,
        "Total Revenue": NaN,
        "Operating Revenue": NaN
    },
    "2023-12-31": {
        "Tax Effect Of Unusual Items": NaN,
        "Tax Rate For Calcs": NaN,
        "Normalized EBITDA": NaN,
        "Total Unusual Items": NaN,
        "Total Unusual Items Excluding Goodwill": NaN,
        "Net Income From Continuing Operation Net Minority Interest": NaN,
        "Reconciled Cost Of Revenue": NaN,
        "EBITDA": NaN,
        "EBIT": NaN,
        "Net Interest Income": NaN,
        "Interest Expense": NaN,
        "Interest Income": NaN,
        "Normalized Income": NaN,
        "Net Income From Continuing And Discontinued Operation": NaN,
        "Total Expenses": NaN,
        "Total Operating Income As Reported": NaN,
        "Diluted Average Shares": 1789113135.0,
        "Basic Average Shares": 1789113135.0,
        "Diluted EPS": NaN,
        "Basic EPS": NaN,
        "Diluted NI Availto Com Stockholders": NaN,
        "Net Income Common Stockholders": NaN,
        "Net Income": NaN,
        "Minority Interests": NaN,
        "Net Income Including Noncontrolling Interests": NaN,
        "Net Income Discontinuous Operations": NaN,
        "Net Income Continuous Operations": NaN,
        "Earnings From Equity Interest Net Of Tax": NaN,
        "Tax Provision": NaN,
        "Pretax Income": NaN,
        "Other Income Expense": NaN,
        "Other Non Operating Income Expenses": NaN,
        "Gain On Sale Of Security": NaN,
        "Net Non Operating Interest Income Expense": NaN,
        "Total Other Finance Cost": NaN,
        "Interest Expense Non Operating": NaN,
        "Interest Income Non Operating": NaN,
        "Operating Income": NaN,
        "Operating Expense": NaN,
        "Other Operating Expenses": NaN,
        "Selling General And Administration": NaN,
        "Selling And Marketing Expense": NaN,
        "General And Administrative Expense": NaN,
        "Other Gand A": NaN,
        "Gross Profit": NaN,
        "Cost Of Revenue": NaN,
        "Total Revenue": NaN,
        "Operating Revenue": NaN
    },
    "2024-03-31": {
        "Tax Effect Of Unusual Items": NaN,
        "Tax Rate For Calcs": NaN,
        "Normalized EBITDA": NaN,
        "Total Unusual Items": NaN,
        "Total Unusual Items Excluding Goodwill": NaN,
        "Net Income From Continuing Operation Net Minority Interest": NaN,
        "Reconciled Cost Of Revenue": NaN,
        "EBITDA": NaN,
        "EBIT": NaN,
        "Net Interest Income": NaN,
        "Interest Expense": NaN,
        "Interest Income": NaN,
        "Normalized Income": NaN,
        "Net Income From Continuing And Discontinued Operation": NaN,
        "Total Expenses": NaN,
        "Total Operating Income As Reported": 12936000000.0,
        "Diluted Average Shares": 357822627.0,
        "Basic Average Shares": 357822627.0,
        "Diluted EPS": NaN,
        "Basic EPS": NaN,
        "Diluted NI Availto Com Stockholders": NaN,
        "Net Income Common Stockholders": NaN,
        "Net Income": NaN,
        "Minority Interests": NaN,
        "Net Income Including Noncontrolling Interests": NaN,
        "Net Income Discontinuous Operations": NaN,
        "Net Income Continuous Operations": NaN,
        "Earnings From Equity Interest Net Of Tax": NaN,
        "Tax Provision": NaN,
        "Pretax Income": NaN,
        "Other Income Expense": NaN,
        "Other Non Operating Income Expenses": NaN,
        "Gain On Sale Of Security": NaN,
        "Net Non Operating Interest Income Expense": NaN,
        "Total Other Finance Cost": 1416000000.0,
        "Interest Expense Non Operating": NaN,
        "Interest Income Non Operating": NaN,
        "Operating Income": NaN,
        "Operating Expense": NaN,
        "Other Operating Expenses": NaN,
        "Selling General And Administration": NaN,
        "Selling And Marketing Expense": NaN,
        "General And Administrative Expense": NaN,
        "Other Gand A": NaN,
        "Gross Profit": NaN,
        "Cost Of Revenue": NaN,
        "Total Revenue": NaN,
        "Operating Revenue": NaN
    },
    "2024-06-30": {
        "Tax Effect Of Unusual Items": 1817588756.727421,
        "Tax Rate For Calcs": 0.296459,
        "Normalized EBITDA": 21579000000.0,
        "Total Unusual Items": 6131000000.0,
        "Total Unusual Items Excluding Goodwill": 6131000000.0,
        "Net Income From Continuing Operation Net Minority Interest": 9870000000.0,
        "Reconciled Cost Of Revenue": 116305000000.0,
        "EBITDA": 27710000000.0,
        "EBIT": 27710000000.0,
        "Net Interest Income": -1509000000.0,
        "Interest Expense": 5599000000.0,
        "Interest Income": 4136000000.0,
        "Normalized Income": 5556588756.727421,
        "Net Income From Continuing And Discontinued Operation": 10284000000.0,
        "Total Expenses": 181119000000.0,
        "Total Operating Income As Reported": 17626000000.0,
        "Diluted Average Shares": NaN,
        "Basic Average Shares": NaN,
        "Diluted EPS": 28.740497,
        "Basic EPS": 28.740497,
        "Diluted NI Availto Com Stockholders": 10284000000.0,
        "Net Income Common Stockholders": 10284000000.0,
        "Net Income": 10284000000.0,
        "Minority Interests": -5386000000.0,
        "Net Income Including Noncontrolling Interests": 15670000000.0,
        "Net Income Discontinuous Operations": 414000000.0,
        "Net Income Continuous Operations": 15256000000.0,
        "Earnings From Equity Interest Net Of Tax": -300000000.0,
        "Tax Provision": 6555000000.0,
        "Pretax Income": 22111000000.0,
        "Other Income Expense": 5994000000.0,
        "Other Non Operating Income Expenses": -137000000.0,
        "Gain On Sale Of Security": 6131000000.0,
        "Net Non Operating Interest Income Expense": -1509000000.0,
        "Total Other Finance Cost": 46000000.0,
        "Interest Expense Non Operating": 5599000000.0,
        "Interest Income Non Operating": 4136000000.0,
        "Operating Income": 17626000000.0,
        "Operating Expense": 64814000000.0,
        "Other Operating Expenses": 168000000.0,
        "Selling General And Administration": 64646000000.0,
        "Selling And Marketing Expense": 55170000000.0,
        "General And Administrative Expense": 9476000000.0,
        "Other Gand A": 9476000000.0,
        "Gross Profit": 82440000000.0,
        "Cost Of Revenue": 116305000000.0,
        "Total Revenue": 198744000000.0,
        "Operating Revenue": 198744000000.0
    },
    "2024-09-30": {
        "Tax Effect Of Unusual Items": -1335442000.0,
        "Tax Rate For Calcs": 0.314,
        "Normalized EBITDA": 23360000000.0,
        "Total Unusual Items": -4253000000.0,
        "Total Unusual Items Excluding Goodwill": -4253000000.0,
        "Net Income From Continuing Operation Net Minority Interest": 5397000000.0,
        "Reconciled Cost Of Revenue": 117403000000.0,
        "EBITDA": 19107000000.0,
        "EBIT": 19107000000.0,
        "Net Interest Income": 1573000000.0,
        "Interest Expense": 4453000000.0,
        "Interest Income": 2247000000.0,
        "Normalized Income": 8314558000.0,
        "Net Income From Continuing And Discontinued Operation": 1645000000.0,
        "Total Expenses": 179397000000.0,
        "Total Operating Income As Reported": 17374000000.0,
        "Diluted Average Shares": 357822627.0,
        "Basic Average Shares": 357822627.0,
        "Diluted EPS": 4.59725,
        "Basic EPS": 4.59725,
        "Diluted NI Availto Com Stockholders": 1645000000.0,
        "Net Income Common Stockholders": 1645000000.0,
        "Net Income": 1645000000.0,
        "Minority Interests": -3345000000.0,
        "Net Income Including Noncontrolling Interests": 4990000000.0,
        "Net Income Discontinuous Operations": -3752000000.0,
        "Net Income Continuous Operations": 8742000000.0,
        "Earnings From Equity Interest Net Of Tax": 24000000.0,
        "Tax Provision": 5936000000.0,
        "Pretax Income": 14654000000.0,
        "Other Income Expense": -4293000000.0,
        "Other Non Operating Income Expenses": -40000000.0,
        "Gain On Sale Of Security": -4253000000.0,
        "Net Non Operating Interest Income Expense": 1573000000.0,
        "Total Other Finance Cost": -3779000000.0,
        "Interest Expense Non Operating": 4453000000.0,
        "Interest Income Non Operating": 2247000000.0,
        "Operating Income": 17374000000.0,
        "Operating Expense": 61994000000.0,
        "Other Operating Expenses": -234000000.0,
        "Selling General And Administration": 62228000000.0,
        "Selling And Marketing Expense": 52561000000.0,
        "General And Administrative Expense": 9667000000.0,
        "Other Gand A": 9667000000.0,
        "Gross Profit": 79368000000.0,
        "Cost Of Revenue": 117403000000.0,
        "Total Revenue": 196771000000.0,
        "Operating Revenue": 196771000000.0
    },
    "2024-12-31": {
        "Tax Effect Of Unusual Items": 4692095506.930385,
        "Tax Rate For Calcs": 0.37171,
        "Normalized EBITDA": 15891000000.0,
        "Total Unusual Items": 12623000000.0,
        "Total Unusual Items Excluding Goodwill": 12623000000.0,
        "Net Income From Continuing Operation Net Minority Interest": 11285000000.0,
        "Reconciled Cost Of Revenue": 117572000000.0,
        "EBITDA": 28514000000.0,
        "EBIT": 28514000000.0,
        "Net Interest Income": -8462000000.0,
        "Interest Expense": 2830000000.0,
        "Interest Income": 2818000000.0,
        "Normalized Income": 3354095506.930385,
        "Net Income From Continuing And Discontinued Operation": 14627000000.0,
        "Total Expenses": 186303000000.0,
        "Total Operating Income As Reported": NaN,
        "Diluted Average Shares": 357822627.0,
        "Basic Average Shares": 357822627.0,
        "Diluted EPS": 26.43768,
        "Basic EPS": 26.43768,
        "Diluted NI Availto Com Stockholders": 14627000000.0,
        "Net Income Common Stockholders": 14627000000.0,
        "Net Income": 14627000000.0,
        "Minority Interests": -4170000000.0,
        "Net Income Including Noncontrolling Interests": 18797000000.0,
        "Net Income Discontinuous Operations": 3342000000.0,
        "Net Income Continuous Operations": 15455000000.0,
        "Earnings From Equity Interest Net Of Tax": -682000000.0,
        "Tax Provision": 9547000000.0,
        "Pretax Income": 25684000000.0,
        "Other Income Expense": 11729000000.0,
        "Other Non Operating Income Expenses": -894000000.0,
        "Gain On Sale Of Security": 16270000000.0,
        "Net Non Operating Interest Income Expense": -8462000000.0,
        "Total Other Finance Cost": NaN,
        "Interest Expense Non Operating": 2830000000.0,
        "Interest Income Non Operating": 2818000000.0,
        "Operating Income": 22417000000.0,
        "Operating Expense": 68731000000.0,
        "Other Operating Expenses": 16000000.0,
        "Selling General And Administration": 68871000000.0,
        "Selling And Marketing Expense": 57259000000.0,
        "General And Administrative Expense": 11612000000.0,
        "Other Gand A": 11612000000.0,
        "Gross Profit": 91148000000.0,
        "Cost Of Revenue": 117572000000.0,
        "Total Revenue": 208719000000.0,
        "Operating Revenue": 202685000000.0
    },
    "2025-03-31": {
        "Tax Effect Of Unusual Items": 131700000.0,
        "Tax Rate For Calcs": 0.3,
        "Normalized EBITDA": 16501000000.0,
        "Total Unusual Items": 439000000.0,
        "Total Unusual Items Excluding Goodwill": 439000000.0,
        "Net Income From Continuing Operation Net Minority Interest": 3930000000.0,
        "Reconciled Cost Of Revenue": 116902000000.0,
        "EBITDA": 16940000000.0,
        "EBIT": 16940000000.0,
        "Net Interest Income": -1413000000.0,
        "Interest Expense": 5180000000.0,
        "Interest Income": 2134000000.0,
        "Normalized Income": 3622700000.0,
        "Net Income From Continuing And Discontinued Operation": 6420000000.0,
        "Total Expenses": 182256000000.0,
        "Total Operating Income As Reported": 13565000000.0,
        "Diluted Average Shares": 347003453.0,
        "Basic Average Shares": 347003453.0,
        "Diluted EPS": 18.501257,
        "Basic EPS": 18.501257,
        "Diluted NI Availto Com Stockholders": 6420000000.0,
        "Net Income Common Stockholders": 6420000000.0,
        "Net Income": 6420000000.0,
        "Minority Interests": -3138000000.0,
        "Net Income Including Noncontrolling Interests": 9558000000.0,
        "Net Income Discontinuous Operations": 2490000000.0,
        "Net Income Continuous Operations": 7068000000.0,
        "Earnings From Equity Interest Net Of Tax": 89000000.0,
        "Tax Provision": 4781000000.0,
        "Pretax Income": 11760000000.0,
        "Other Income Expense": -391000000.0,
        "Other Non Operating Income Expenses": -830000000.0,
        "Gain On Sale Of Security": 439000000.0,
        "Net Non Operating Interest Income Expense": -1413000000.0,
        "Total Other Finance Cost": -1633000000.0,
        "Interest Expense Non Operating": 5180000000.0,
        "Interest Income Non Operating": 2134000000.0,
        "Operating Income": 13564000000.0,
        "Operating Expense": 65354000000.0,
        "Other Operating Expenses": -36000000.0,
        "Selling General And Administration": 65390000000.0,
        "Selling And Marketing Expense": 55423000000.0,
        "General And Administrative Expense": 9967000000.0,
        "Other Gand A": 9967000000.0,
        "Gross Profit": 78918000000.0,
        "Cost Of Revenue": 116902000000.0,
        "Total Revenue": 195820000000.0,
        "Operating Revenue": 195820000000.0
    },
    "2025-06-30": {
        "Tax Effect Of Unusual Items": -1640800000.0,
        "Tax Rate For Calcs": 0.4,
        "Normalized EBITDA": 20246000000.0,
        "Total Unusual Items": -4102000000.0,
        "Total Unusual Items Excluding Goodwill": -4102000000.0,
        "Net Income From Continuing Operation Net Minority Interest": 2867000000.0,
        "Reconciled Cost Of Revenue": 125442000000.0,
        "EBITDA": 16144000000.0,
        "EBIT": 16144000000.0,
        "Net Interest Income": -2617000000.0,
        "Interest Expense": 5301000000.0,
        "Interest Income": 2051000000.0,
        "Normalized Income": 5328200000.0,
        "Net Income From Continuing And Discontinued Operation": 2710000000.0,
        "Total Expenses": 193533000000.0,
        "Total Operating Income As Reported": 17832000000.0,
        "Diluted Average Shares": 346946953.0,
        "Basic Average Shares": 346946953.0,
        "Diluted EPS": 7.810992,
        "Basic EPS": 7.810992,
        "Diluted NI Availto Com Stockholders": 2710000000.0,
        "Net Income Common Stockholders": 2710000000.0,
        "Net Income": 2710000000.0,
        "Minority Interests": -2881000000.0,
        "Net Income Including Noncontrolling Interests": 5591000000.0,
        "Net Income Discontinuous Operations": -157000000.0,
        "Net Income Continuous Operations": 5748000000.0,
        "Earnings From Equity Interest Net Of Tax": -756000000.0,
        "Tax Provision": 4339000000.0,
        "Pretax Income": 10843000000.0,
        "Other Income Expense": -4371000000.0,
        "Other Non Operating Income Expenses": -269000000.0,
        "Gain On Sale Of Security": -4102000000.0,
        "Net Non Operating Interest Income Expense": -2617000000.0,
        "Total Other Finance Cost": -633000000.0,
        "Interest Expense Non Operating": 5301000000.0,
        "Interest Income Non Operating": 2051000000.0,
        "Operating Income": 17831000000.0,
        "Operating Expense": 68091000000.0,
        "Other Operating Expenses": -318000000.0,
        "Selling General And Administration": 68409000000.0,
        "Selling And Marketing Expense": 58147000000.0,
        "General And Administrative Expense": 10262000000.0,
        "Other Gand A": 10262000000.0,
        "Gross Profit": 85922000000.0,
        "Cost Of Revenue": 125442000000.0,
        "Total Revenue": 211364000000.0,
        "Operating Revenue": 211364000000.0
    }
}