{
    "2023-03-31": {
        "Tax Effect Of Unusual Items": NaN,
        "Tax Rate For Calcs": NaN,
        "Normalized EBITDA": NaN,
        "Total Unusual Items": NaN,
        "Total Unusual Items Excluding Goodwill": NaN,
        "Net Income From Continuing Operation Net Minority Interest": NaN,
        "Reconciled Depreciation": NaN,
        "Reconciled Cost Of Revenue": NaN,
        "EBITDA": NaN,
        "EBIT": NaN,
        "Net Interest Income": NaN,
        "Interest Expense": NaN,
        "Interest Income": NaN,
        "Normalized Income": NaN,
        "Net Income From Continuing And Discontinued Operation": NaN,
        "Total Expenses": NaN,
        "Total Operating Income As Reported": NaN,
        "Diluted Average Shares": 36989000.0,
        "Basic Average Shares": 36608000.0,
        "Diluted EPS": 1.6,
        "Basic EPS": 1.62,
        "Diluted NI Availto Com Stockholders": NaN,
        "Net Income Common Stockholders": NaN,
        "Net Income": NaN,
        "Net Income Including Noncontrolling Interests": NaN,
        "Net Income Continuous Operations": NaN,
        "Tax Provision": NaN,
        "Pretax Income": NaN,
        "Other Income Expense": NaN,
        "Other Non Operating Income Expenses": NaN,
        "Special Income Charges": -5872000.0,
        "Restructuring And Mergern Acquisition": 5872000.0,
        "Gain On Sale Of Security": NaN,
        "Net Non Operating Interest Income Expense": NaN,
        "Interest Expense Non Operating": NaN,
        "Interest Income Non Operating": NaN,
        "Operating Income": NaN,
        "Operating Expense": NaN,
        "Selling General And Administration": NaN,
        "Gross Profit": NaN,
        "Cost Of Revenue": NaN,
        "Total Revenue": NaN,
        "Operating Revenue": NaN
    },
    "2022-12-31": {
        "Tax Effect Of Unusual Items": NaN,
        "Tax Rate For Calcs": NaN,
        "Normalized EBITDA": NaN,
        "Total Unusual Items": NaN,
        "Total Unusual Items Excluding Goodwill": NaN,
        "Net Income From Continuing Operation Net Minority Interest": NaN,
        "Reconciled Depreciation": NaN,
        "Reconciled Cost Of Revenue": NaN,
        "EBITDA": NaN,
        "EBIT": NaN,
        "Net Interest Income": NaN,
        "Interest Expense": NaN,
        "Interest Income": NaN,
        "Normalized Income": NaN,
        "Net Income From Continuing And Discontinued Operation": NaN,
        "Total Expenses": NaN,
        "Total Operating Income As Reported": NaN,
        "Diluted Average Shares": NaN,
        "Basic Average Shares": NaN,
        "Diluted EPS": NaN,
        "Basic EPS": NaN,
        "Diluted NI Availto Com Stockholders": NaN,
        "Net Income Common Stockholders": NaN,
        "Net Income": NaN,
        "Net Income Including Noncontrolling Interests": NaN,
        "Net Income Continuous Operations": NaN,
        "Tax Provision": NaN,
        "Pretax Income": NaN,
        "Other Income Expense": NaN,
        "Other Non Operating Income Expenses": NaN,
        "Special Income Charges": 0.0,
        "Restructuring And Mergern Acquisition": 0.0,
        "Gain On Sale Of Security": NaN,
        "Net Non Operating Interest Income Expense": NaN,
        "Interest Expense Non Operating": NaN,
        "Interest Income Non Operating": NaN,
        "Operating Income": NaN,
        "Operating Expense": NaN,
        "Selling General And Administration": NaN,
        "Gross Profit": NaN,
        "Cost Of Revenue": NaN,
        "Total Revenue": NaN,
        "Operating Revenue": NaN
    },
    "2022-09-30": {
        "Tax Effect Of Unusual Items": 21966.525274,
        "Tax Rate For Calcs": 0.010536,
        "Normalized EBITDA": 74664000.0,
        "Total Unusual Items": 2085000.0,
        "Total Unusual Items Excluding Goodwill": 2085000.0,
        "Net Income From Continuing Operation Net Minority Interest": 64615000.0,
        "Reconciled Depreciation": 11055000.0,
        "Reconciled Cost Of Revenue": 572673000.0,
        "EBITDA": 76749000.0,
        "EBIT": 65694000.0,
        "Net Interest Income": 1168000.0,
        "Interest Expense": 391000.0,
        "Interest Income": 1559000.0,
        "Normalized Income": 62551966.525274,
        "Net Income From Continuing And Discontinued Operation": 64615000.0,
        "Total Expenses": 593238000.0,
        "Total Operating Income As Reported": 62191000.0,
        "Diluted Average Shares": 36758000.0,
        "Basic Average Shares": 36528000.0,
        "Diluted EPS": 1.76,
        "Basic EPS": 1.77,
        "Diluted NI Availto Com Stockholders": 64615000.0,
        "Net Income Common Stockholders": 64615000.0,
        "Net Income": 64615000.0,
        "Net Income Including Noncontrolling Interests": 64615000.0,
        "Net Income Continuous Operations": 64615000.0,
        "Tax Provision": 688000.0,
        "Pretax Income": 65303000.0,
        "Other Income Expense": 1944000.0,
        "Other Non Operating Income Expenses": -141000.0,
        "Special Income Charges": NaN,
        "Restructuring And Mergern Acquisition": NaN,
        "Gain On Sale Of Security": 2085000.0,
        "Net Non Operating Interest Income Expense": 1168000.0,
        "Interest Expense Non Operating": 391000.0,
        "Interest Income Non Operating": 1559000.0,
        "Operating Income": 62191000.0,
        "Operating Expense": 20565000.0,
        "Selling General And Administration": 20565000.0,
        "Gross Profit": 82756000.0,
        "Cost Of Revenue": 572673000.0,
        "Total Revenue": 655429000.0,
        "Operating Revenue": 655429000.0
    },
    "2022-06-30": {
        "Tax Effect Of Unusual Items": 42499.776179,
        "Tax Rate For Calcs": 0.032592,
        "Normalized EBITDA": 56863000.0,
        "Total Unusual Items": 1304000.0,
        "Total Unusual Items Excluding Goodwill": 1304000.0,
        "Net Income From Continuing Operation Net Minority Interest": 56189000.0,
        "Reconciled Depreciation": 9831000.0,
        "Reconciled Cost Of Revenue": 512941000.0,
        "EBITDA": 58167000.0,
        "EBIT": 58167000.0,
        "Net Interest Income": 650000.0,
        "Interest Expense": 85000.0,
        "Interest Income": 735000.0,
        "Normalized Income": 54927499.776179,
        "Net Income From Continuing And Discontinued Operation": 56189000.0,
        "Total Expenses": 531470000.0,
        "Total Operating Income As Reported": 56404000.0,
        "Diluted Average Shares": 37223000.0,
        "Basic Average Shares": 36669000.0,
        "Diluted EPS": 1.51,
        "Basic EPS": 1.53,
        "Diluted NI Availto Com Stockholders": 56189000.0,
        "Net Income Common Stockholders": 56189000.0,
        "Net Income": 56189000.0,
        "Net Income Including Noncontrolling Interests": 56189000.0,
        "Net Income Continuous Operations": 56189000.0,
        "Tax Provision": 1893000.0,
        "Pretax Income": 58082000.0,
        "Other Income Expense": 1028000.0,
        "Other Non Operating Income Expenses": -276000.0,
        "Special Income Charges": 0.0,
        "Restructuring And Mergern Acquisition": 0.0,
        "Gain On Sale Of Security": 1304000.0,
        "Net Non Operating Interest Income Expense": 650000.0,
        "Interest Expense Non Operating": 85000.0,
        "Interest Income Non Operating": 735000.0,
        "Operating Income": 56404000.0,
        "Operating Expense": 18529000.0,
        "Selling General And Administration": 18529000.0,
        "Gross Profit": 74933000.0,
        "Cost Of Revenue": 512941000.0,
        "Total Revenue": 587874000.0,
        "Operating Revenue": 587874000.0
    },
    "2023-06-30": {
        "Tax Effect Of Unusual Items": NaN,
        "Tax Rate For Calcs": NaN,
        "Normalized EBITDA": NaN,
        "Total Unusual Items": NaN,
        "Total Unusual Items Excluding Goodwill": NaN,
        "Net Income From Continuing Operation Net Minority Interest": NaN,
        "Reconciled Depreciation": NaN,
        "Reconciled Cost Of Revenue": NaN,
        "EBITDA": NaN,
        "EBIT": NaN,
        "Net Interest Income": NaN,
        "Interest Expense": NaN,
        "Interest Income": NaN,
        "Normalized Income": NaN,
        "Net Income From Continuing And Discontinued Operation": NaN,
        "Total Expenses": NaN,
        "Total Operating Income As Reported": NaN,
        "Diluted Average Shares": 36737000.0,
        "Basic Average Shares": 36337000.0,
        "Diluted EPS": 1.65,
        "Basic EPS": 1.67,
        "Diluted NI Availto Com Stockholders": NaN,
        "Net Income Common Stockholders": NaN,
        "Net Income": NaN,
        "Net Income Including Noncontrolling Interests": NaN,
        "Net Income Continuous Operations": NaN,
        "Tax Provision": NaN,
        "Pretax Income": NaN,
        "Other Income Expense": NaN,
        "Other Non Operating Income Expenses": NaN,
        "Special Income Charges": -1024000.0,
        "Restructuring And Mergern Acquisition": 1024000.0,
        "Gain On Sale Of Security": NaN,
        "Net Non Operating Interest Income Expense": NaN,
        "Interest Expense Non Operating": NaN,
        "Interest Income Non Operating": NaN,
        "Operating Income": NaN,
        "Operating Expense": NaN,
        "Selling General And Administration": NaN,
        "Gross Profit": NaN,
        "Cost Of Revenue": NaN,
        "Total Revenue": NaN,
        "Operating Revenue": NaN
    },
    "2023-09-30": {
        "Tax Effect Of Unusual Items": NaN,
        "Tax Rate For Calcs": NaN,
        "Normalized EBITDA": NaN,
        "Total Unusual Items": NaN,
        "Total Unusual Items Excluding Goodwill": NaN,
        "Net Income From Continuing Operation Net Minority Interest": NaN,
        "Reconciled Depreciation": NaN,
        "Reconciled Cost Of Revenue": NaN,
        "EBITDA": NaN,
        "EBIT": NaN,
        "Net Interest Income": NaN,
        "Interest Expense": NaN,
        "Interest Income": NaN,
        "Normalized Income": NaN,
        "Net Income From Continuing And Discontinued Operation": NaN,
        "Total Expenses": NaN,
        "Total Operating Income As Reported": NaN,
        "Diluted Average Shares": 36481000.0,
        "Basic Average Shares": 36256000.0,
        "Diluted EPS": 1.78,
        "Basic EPS": 1.8,
        "Diluted NI Availto Com Stockholders": NaN,
        "Net Income Common Stockholders": NaN,
        "Net Income": NaN,
        "Net Income Including Noncontrolling Interests": NaN,
        "Net Income Continuous Operations": NaN,
        "Tax Provision": NaN,
        "Pretax Income": NaN,
        "Other Income Expense": NaN,
        "Other Non Operating Income Expenses": NaN,
        "Special Income Charges": NaN,
        "Restructuring And Mergern Acquisition": NaN,
        "Gain On Sale Of Security": NaN,
        "Net Non Operating Interest Income Expense": NaN,
        "Interest Expense Non Operating": NaN,
        "Interest Income Non Operating": NaN,
        "Operating Income": NaN,
        "Operating Expense": NaN,
        "Selling General And Administration": NaN,
        "Gross Profit": NaN,
        "Cost Of Revenue": NaN,
        "Total Revenue": NaN,
        "Operating Revenue": NaN
    },
    "2023-12-31": {
        "Tax Effect Of Unusual Items": -196976.0,
        "Tax Rate For Calcs": 0.052,
        "Normalized EBITDA": 88952000.0,
        "Total Unusual Items": -3788000.0,
        "Total Unusual Items Excluding Goodwill": -3788000.0,
        "Net Income From Continuing Operation Net Minority Interest": 69110000.0,
        "Reconciled Depreciation": 12225000.0,
        "Reconciled Cost Of Revenue": 624364000.0,
        "EBITDA": 85164000.0,
        "EBIT": 72939000.0,
        "Net Interest Income": 7712000.0,
        "Interest Expense": 36000.0,
        "Interest Income": 7748000.0,
        "Normalized Income": 72701024.0,
        "Net Income From Continuing And Discontinued Operation": 69110000.0,
        "Total Expenses": 643680000.0,
        "Total Operating Income As Reported": 69014000.0,
        "Diluted Average Shares": 36639000.0,
        "Basic Average Shares": 36328000.0,
        "Diluted EPS": 1.89,
        "Basic EPS": 1.9,
        "Diluted NI Availto Com Stockholders": 69110000.0,
        "Net Income Common Stockholders": 69110000.0,
        "Net Income": 69110000.0,
        "Net Income Including Noncontrolling Interests": 69110000.0,
        "Net Income Continuous Operations": 69110000.0,
        "Tax Provision": 3793000.0,
        "Pretax Income": 72903000.0,
        "Other Income Expense": -3823000.0,
        "Other Non Operating Income Expenses": -35000.0,
        "Special Income Charges": 0.0,
        "Restructuring And Mergern Acquisition": 0.0,
        "Gain On Sale Of Security": -3788000.0,
        "Net Non Operating Interest Income Expense": 7712000.0,
        "Interest Expense Non Operating": 36000.0,
        "Interest Income Non Operating": 7748000.0,
        "Operating Income": 69014000.0,
        "Operating Expense": 19316000.0,
        "Selling General And Administration": 19316000.0,
        "Gross Profit": 88330000.0,
        "Cost Of Revenue": 624364000.0,
        "Total Revenue": 712694000.0,
        "Operating Revenue": 712694000.0
    },
    "2024-03-31": {
        "Tax Effect Of Unusual Items": NaN,
        "Tax Rate For Calcs": NaN,
        "Normalized EBITDA": NaN,
        "Total Unusual Items": NaN,
        "Total Unusual Items Excluding Goodwill": NaN,
        "Net Income From Continuing Operation Net Minority Interest": NaN,
        "Reconciled Depreciation": NaN,
        "Reconciled Cost Of Revenue": NaN,
        "EBITDA": NaN,
        "EBIT": NaN,
        "Net Interest Income": NaN,
        "Interest Expense": NaN,
        "Interest Income": NaN,
        "Normalized Income": NaN,
        "Net Income From Continuing And Discontinued Operation": NaN,
        "Total Expenses": NaN,
        "Total Operating Income As Reported": NaN,
        "Diluted Average Shares": 36603000.0,
        "Basic Average Shares": 36250000.0,
        "Diluted EPS": 2.21,
        "Basic EPS": 2.23,
        "Diluted NI Availto Com Stockholders": NaN,
        "Net Income Common Stockholders": NaN,
        "Net Income": NaN,
        "Net Income Including Noncontrolling Interests": NaN,
        "Net Income Continuous Operations": NaN,
        "Tax Provision": NaN,
        "Pretax Income": NaN,
        "Other Income Expense": NaN,
        "Other Non Operating Income Expenses": NaN,
        "Special Income Charges": NaN,
        "Restructuring And Mergern Acquisition": NaN,
        "Gain On Sale Of Security": NaN,
        "Net Non Operating Interest Income Expense": NaN,
        "Interest Expense Non Operating": NaN,
        "Interest Income Non Operating": NaN,
        "Operating Income": NaN,
        "Operating Expense": NaN,
        "Selling General And Administration": NaN,
        "Gross Profit": NaN,
        "Cost Of Revenue": NaN,
        "Total Revenue": NaN,
        "Operating Revenue": NaN
    },
    "2024-06-30": {
        "Tax Effect Of Unusual Items": NaN,
        "Tax Rate For Calcs": NaN,
        "Normalized EBITDA": NaN,
        "Total Unusual Items": NaN,
        "Total Unusual Items Excluding Goodwill": NaN,
        "Net Income From Continuing Operation Net Minority Interest": NaN,
        "Reconciled Depreciation": NaN,
        "Reconciled Cost Of Revenue": NaN,
        "EBITDA": NaN,
        "EBIT": NaN,
        "Net Interest Income": NaN,
        "Interest Expense": 17000.0,
        "Interest Income": NaN,
        "Normalized Income": NaN,
        "Net Income From Continuing And Discontinued Operation": NaN,
        "Total Expenses": NaN,
        "Total Operating Income As Reported": NaN,
        "Diluted Average Shares": NaN,
        "Basic Average Shares": NaN,
        "Diluted EPS": NaN,
        "Basic EPS": NaN,
        "Diluted NI Availto Com Stockholders": NaN,
        "Net Income Common Stockholders": NaN,
        "Net Income": NaN,
        "Net Income Including Noncontrolling Interests": NaN,
        "Net Income Continuous Operations": NaN,
        "Tax Provision": NaN,
        "Pretax Income": NaN,
        "Other Income Expense": NaN,
        "Other Non Operating Income Expenses": NaN,
        "Special Income Charges": NaN,
        "Restructuring And Mergern Acquisition": NaN,
        "Gain On Sale Of Security": NaN,
        "Net Non Operating Interest Income Expense": NaN,
        "Interest Expense Non Operating": 17000.0,
        "Interest Income Non Operating": NaN,
        "Operating Income": NaN,
        "Operating Expense": NaN,
        "Selling General And Administration": NaN,
        "Gross Profit": NaN,
        "Cost Of Revenue": NaN,
        "Total Revenue": NaN,
        "Operating Revenue": NaN
    },
    "2024-09-30": {
        "Tax Effect Of Unusual Items": -300384.0,
        "Tax Rate For Calcs": 0.042,
        "Normalized EBITDA": 96899000.0,
        "Total Unusual Items": -7152000.0,
        "Total Unusual Items Excluding Goodwill": -7152000.0,
        "Net Income From Continuing Operation Net Minority Interest": 77394000.0,
        "Reconciled Depreciation": 12752000.0,
        "Reconciled Cost Of Revenue": 705202000.0,
        "EBITDA": 89747000.0,
        "EBIT": 76995000.0,
        "Net Interest Income": 10933000.0,
        "Interest Expense": 0.0,
        "Interest Income": 10933000.0,
        "Normalized Income": 84245616.0,
        "Net Income From Continuing And Discontinued Operation": 77394000.0,
        "Total Expenses": 727233000.0,
        "Total Operating Income As Reported": 76938000.0,
        "Diluted Average Shares": NaN,
        "Basic Average Shares": NaN,
        "Diluted EPS": NaN,
        "Basic EPS": NaN,
        "Diluted NI Availto Com Stockholders": 77394000.0,
        "Net Income Common Stockholders": 77394000.0,
        "Net Income": 77394000.0,
        "Net Income Including Noncontrolling Interests": 77394000.0,
        "Net Income Continuous Operations": 77394000.0,
        "Tax Provision": 3363000.0,
        "Pretax Income": 80757000.0,
        "Other Income Expense": -7171000.0,
        "Other Non Operating Income Expenses": -19000.0,
        "Special Income Charges": -57000.0,
        "Restructuring And Mergern Acquisition": 57000.0,
        "Gain On Sale Of Security": -7095000.0,
        "Net Non Operating Interest Income Expense": 10933000.0,
        "Interest Expense Non Operating": 0.0,
        "Interest Income Non Operating": 10933000.0,
        "Operating Income": 76995000.0,
        "Operating Expense": 22031000.0,
        "Selling General And Administration": 22031000.0,
        "Gross Profit": 99026000.0,
        "Cost Of Revenue": 705202000.0,
        "Total Revenue": 804228000.0,
        "Operating Revenue": 804228000.0
    },
    "2024-12-31": {
        "Tax Effect Of Unusual Items": 347652.0,
        "Tax Rate For Calcs": 0.087,
        "Normalized EBITDA": 103939000.0,
        "Total Unusual Items": 3996000.0,
        "Total Unusual Items Excluding Goodwill": 3996000.0,
        "Net Income From Continuing Operation Net Minority Interest": 86636000.0,
        "Reconciled Depreciation": 13044000.0,
        "Reconciled Cost Of Revenue": 732759000.0,
        "EBITDA": 107935000.0,
        "EBIT": 94891000.0,
        "Net Interest Income": 11314000.0,
        "Interest Expense": 0.0,
        "Interest Income": 11314000.0,
        "Normalized Income": 82987652.0,
        "Net Income From Continuing And Discontinued Operation": 86636000.0,
        "Total Expenses": 753965000.0,
        "Total Operating Income As Reported": 79597000.0,
        "Diluted Average Shares": 36402000.0,
        "Basic Average Shares": 36163000.0,
        "Diluted EPS": 2.38,
        "Basic EPS": 2.4,
        "Diluted NI Availto Com Stockholders": 86636000.0,
        "Net Income Common Stockholders": 86636000.0,
        "Net Income": 86636000.0,
        "Net Income Including Noncontrolling Interests": 86636000.0,
        "Net Income Continuous Operations": 86636000.0,
        "Tax Provision": 8255000.0,
        "Pretax Income": 94891000.0,
        "Other Income Expense": 3934000.0,
        "Other Non Operating Income Expenses": -62000.0,
        "Special Income Charges": -46000.0,
        "Restructuring And Mergern Acquisition": 46000.0,
        "Gain On Sale Of Security": 4042000.0,
        "Net Non Operating Interest Income Expense": 11314000.0,
        "Interest Expense Non Operating": 0.0,
        "Interest Income Non Operating": 11314000.0,
        "Operating Income": 79643000.0,
        "Operating Expense": 21206000.0,
        "Selling General And Administration": 21206000.0,
        "Gross Profit": 100849000.0,
        "Cost Of Revenue": 732759000.0,
        "Total Revenue": 833608000.0,
        "Operating Revenue": 833608000.0
    },
    "2025-03-31": {
        "Tax Effect Of Unusual Items": -228462.0,
        "Tax Rate For Calcs": 0.058,
        "Normalized EBITDA": 103662000.0,
        "Total Unusual Items": -3939000.0,
        "Total Unusual Items Excluding Goodwill": -3939000.0,
        "Net Income From Continuing Operation Net Minority Interest": 81290000.0,
        "Reconciled Depreciation": 13427000.0,
        "Reconciled Cost Of Revenue": 769616000.0,
        "EBITDA": 99723000.0,
        "EBIT": 86296000.0,
        "Net Interest Income": 10145000.0,
        "Interest Expense": 0.0,
        "Interest Income": 10145000.0,
        "Normalized Income": 85000538.0,
        "Net Income From Continuing And Discontinued Operation": 81290000.0,
        "Total Expenses": 791679000.0,
        "Total Operating Income As Reported": 78856000.0,
        "Diluted Average Shares": 36172000.0,
        "Basic Average Shares": 35914000.0,
        "Diluted EPS": 2.25,
        "Basic EPS": 2.26,
        "Diluted NI Availto Com Stockholders": 81290000.0,
        "Net Income Common Stockholders": 81290000.0,
        "Net Income": 81290000.0,
        "Net Income Including Noncontrolling Interests": 81290000.0,
        "Net Income Continuous Operations": 81290000.0,
        "Tax Provision": 5006000.0,
        "Pretax Income": 86296000.0,
        "Other Income Expense": -3969000.0,
        "Other Non Operating Income Expenses": -30000.0,
        "Special Income Charges": -1264000.0,
        "Restructuring And Mergern Acquisition": 1264000.0,
        "Gain On Sale Of Security": -2675000.0,
        "Net Non Operating Interest Income Expense": 10145000.0,
        "Interest Expense Non Operating": 0.0,
        "Interest Income Non Operating": 10145000.0,
        "Operating Income": 80120000.0,
        "Operating Expense": 22063000.0,
        "Selling General And Administration": 22063000.0,
        "Gross Profit": 102183000.0,
        "Cost Of Revenue": 769616000.0,
        "Total Revenue": 871799000.0,
        "Operating Revenue": 871799000.0
    },
    "2025-06-30": {
        "Tax Effect Of Unusual Items": -232272.598567,
        "Tax Rate For Calcs": 0.064664,
        "Normalized EBITDA": 111038000.0,
        "Total Unusual Items": -3592000.0,
        "Total Unusual Items Excluding Goodwill": -3592000.0,
        "Net Income From Continuing Operation Net Minority Interest": 87207000.0,
        "Reconciled Depreciation": 14210000.0,
        "Reconciled Cost Of Revenue": 798401000.0,
        "EBITDA": 107446000.0,
        "EBIT": 93236000.0,
        "Net Interest Income": 7770000.0,
        "Interest Expense": 0.0,
        "Interest Income": 7770000.0,
        "Normalized Income": 90566727.401433,
        "Net Income From Continuing And Discontinued Operation": 87207000.0,
        "Total Expenses": 820567000.0,
        "Total Operating Income As Reported": 89056000.0,
        "Diluted Average Shares": 36084000.0,
        "Basic Average Shares": 35788000.0,
        "Diluted EPS": 2.42,
        "Basic EPS": 2.44,
        "Diluted NI Availto Com Stockholders": 87207000.0,
        "Net Income Common Stockholders": 87207000.0,
        "Net Income": 87207000.0,
        "Net Income Including Noncontrolling Interests": 87207000.0,
        "Net Income Continuous Operations": 87207000.0,
        "Tax Provision": 6029000.0,
        "Pretax Income": 93236000.0,
        "Other Income Expense": -3659000.0,
        "Other Non Operating Income Expenses": -67000.0,
        "Special Income Charges": -69000.0,
        "Restructuring And Mergern Acquisition": 69000.0,
        "Gain On Sale Of Security": -3523000.0,
        "Net Non Operating Interest Income Expense": 7770000.0,
        "Interest Expense Non Operating": 0.0,
        "Interest Income Non Operating": 7770000.0,
        "Operating Income": 89125000.0,
        "Operating Expense": 22166000.0,
        "Selling General And Administration": 22166000.0,
        "Gross Profit": 111291000.0,
        "Cost Of Revenue": 798401000.0,
        "Total Revenue": 909692000.0,
        "Operating Revenue": 909692000.0
    },
    "2025-09-30": {
        "Tax Effect Of Unusual Items": -111240.0,
        "Tax Rate For Calcs": 0.054,
        "Normalized EBITDA": 111113000.0,
        "Total Unusual Items": -2060000.0,
        "Total Unusual Items Excluding Goodwill": -2060000.0,
        "Net Income From Continuing Operation Net Minority Interest": 95926000.0,
        "Reconciled Depreciation": 14860000.0,
        "Reconciled Cost Of Revenue": 861689000.0,
        "EBITDA": 109053000.0,
        "EBIT": 94193000.0,
        "Net Interest Income": 9417000.0,
        "Interest Expense": NaN,
        "Interest Income": 9417000.0,
        "Normalized Income": 97874760.0,
        "Net Income From Continuing And Discontinued Operation": 95926000.0,
        "Total Expenses": 883935000.0,
        "Total Operating Income As Reported": 94193000.0,
        "Diluted Average Shares": 36097000.0,
        "Basic Average Shares": 35773000.0,
        "Diluted EPS": 2.66,
        "Basic EPS": 2.68,
        "Diluted NI Availto Com Stockholders": 95926000.0,
        "Net Income Common Stockholders": 95926000.0,
        "Net Income": 95926000.0,
        "Net Income Including Noncontrolling Interests": 95926000.0,
        "Net Income Continuous Operations": 95926000.0,
        "Tax Provision": 5502000.0,
        "Pretax Income": 101428000.0,
        "Other Income Expense": -2182000.0,
        "Other Non Operating Income Expenses": -122000.0,
        "Special Income Charges": 0.0,
        "Restructuring And Mergern Acquisition": 0.0,
        "Gain On Sale Of Security": -2060000.0,
        "Net Non Operating Interest Income Expense": 9417000.0,
        "Interest Expense Non Operating": NaN,
        "Interest Income Non Operating": 9417000.0,
        "Operating Income": 94193000.0,
        "Operating Expense": 22246000.0,
        "Selling General And Administration": 22246000.0,
        "Gross Profit": 116439000.0,
        "Cost Of Revenue": 861689000.0,
        "Total Revenue": 978128000.0,
        "Operating Revenue": 978128000.0
    },
    "2025-12-31": {
        "Tax Effect Of Unusual Items": NaN,
        "Tax Rate For Calcs": NaN,
        "Normalized EBITDA": NaN,
        "Total Unusual Items": NaN,
        "Total Unusual Items Excluding Goodwill": NaN,
        "Net Income From Continuing Operation Net Minority Interest": NaN,
        "Reconciled Depreciation": NaN,
        "Reconciled Cost Of Revenue": NaN,
        "EBITDA": NaN,
        "EBIT": NaN,
        "Net Interest Income": NaN,
        "Interest Expense": NaN,
        "Interest Income": NaN,
        "Normalized Income": NaN,
        "Net Income From Continuing And Discontinued Operation": NaN,
        "Total Expenses": NaN,
        "Total Operating Income As Reported": NaN,
        "Diluted Average Shares": 36253000.0,
        "Basic Average Shares": 35828000.0,
        "Diluted EPS": 3.11,
        "Basic EPS": 3.14,
        "Diluted NI Availto Com Stockholders": NaN,
        "Net Income Common Stockholders": NaN,
        "Net Income": NaN,
        "Net Income Including Noncontrolling Interests": NaN,
        "Net Income Continuous Operations": NaN,
        "Tax Provision": NaN,
        "Pretax Income": NaN,
        "Other Income Expense": NaN,
        "Other Non Operating Income Expenses": NaN,
        "Special Income Charges": NaN,
        "Restructuring And Mergern Acquisition": NaN,
        "Gain On Sale Of Security": NaN,
        "Net Non Operating Interest Income Expense": NaN,
        "Interest Expense Non Operating": NaN,
        "Interest Income Non Operating": NaN,
        "Operating Income": NaN,
        "Operating Expense": NaN,
        "Selling General And Administration": NaN,
        "Gross Profit": NaN,
        "Cost Of Revenue": NaN,
        "Total Revenue": NaN,
        "Operating Revenue": NaN
    }
}