{
    "2023-03-31": {
        "Tax Effect Of Unusual Items": -2607560.534125,
        "Tax Rate For Calcs": 0.05135,
        "Normalized EBITDA": 34049000.0,
        "Total Unusual Items": -50780000.0,
        "Total Unusual Items Excluding Goodwill": -50780000.0,
        "Net Income From Continuing Operation Net Minority Interest": -63939000.0,
        "Reconciled Depreciation": 1367000.0,
        "EBITDA": -16731000.0,
        "EBIT": -18098000.0,
        "Net Interest Income": 425000.0,
        "Interest Income": 425000.0,
        "Normalized Income": -15766560.534125,
        "Net Income From Continuing And Discontinued Operation": -63939000.0,
        "Total Expenses": 18205000.0,
        "Total Operating Income As Reported": -67375000.0,
        "Diluted Average Shares": 1602852.0,
        "Basic Average Shares": 1602852.0,
        "Diluted EPS": -39.19,
        "Basic EPS": -39.19,
        "Diluted NI Availto Com Stockholders": -63939000.0,
        "Net Income Common Stockholders": -63939000.0,
        "Net Income": -63939000.0,
        "Net Income Including Noncontrolling Interests": -63939000.0,
        "Net Income Continuous Operations": -63939000.0,
        "Tax Provision": -3461000.0,
        "Pretax Income": -67400000.0,
        "Other Income Expense": -49727000.0,
        "Other Non Operating Income Expenses": 1053000.0,
        "Special Income Charges": -50780000.0,
        "Gain On Sale Of Ppe": -137000.0,
        "Other Special Charges": 1366000.0,
        "Impairment Of Capital Assets": 46041000.0,
        "Restructuring And Mergern Acquisition": 3236000.0,
        "Net Non Operating Interest Income Expense": 425000.0,
        "Total Other Finance Cost": NaN,
        "Interest Income Non Operating": 425000.0,
        "Operating Income": -18098000.0,
        "Operating Expense": 18205000.0,
        "Research And Development": 8588000.0,
        "Selling General And Administration": 9617000.0,
        "General And Administrative Expense": 9617000.0,
        "Other Gand A": 7529000.0,
        "Salaries And Wages": 2088000.0,
        "Total Revenue": 107000.0,
        "Operating Revenue": 107000.0
    },
    "2022-12-31": {
        "Tax Effect Of Unusual Items": NaN,
        "Tax Rate For Calcs": NaN,
        "Normalized EBITDA": NaN,
        "Total Unusual Items": NaN,
        "Total Unusual Items Excluding Goodwill": NaN,
        "Net Income From Continuing Operation Net Minority Interest": NaN,
        "Reconciled Depreciation": NaN,
        "EBITDA": NaN,
        "EBIT": NaN,
        "Net Interest Income": NaN,
        "Interest Income": NaN,
        "Normalized Income": NaN,
        "Net Income From Continuing And Discontinued Operation": NaN,
        "Total Expenses": NaN,
        "Total Operating Income As Reported": NaN,
        "Diluted Average Shares": 1597610.0,
        "Basic Average Shares": 1597610.0,
        "Diluted EPS": -16.8,
        "Basic EPS": -16.8,
        "Diluted NI Availto Com Stockholders": NaN,
        "Net Income Common Stockholders": NaN,
        "Net Income": NaN,
        "Net Income Including Noncontrolling Interests": NaN,
        "Net Income Continuous Operations": NaN,
        "Tax Provision": NaN,
        "Pretax Income": NaN,
        "Other Income Expense": NaN,
        "Other Non Operating Income Expenses": NaN,
        "Special Income Charges": NaN,
        "Gain On Sale Of Ppe": NaN,
        "Other Special Charges": NaN,
        "Impairment Of Capital Assets": NaN,
        "Restructuring And Mergern Acquisition": NaN,
        "Net Non Operating Interest Income Expense": NaN,
        "Total Other Finance Cost": NaN,
        "Interest Income Non Operating": NaN,
        "Operating Income": NaN,
        "Operating Expense": NaN,
        "Research And Development": NaN,
        "Selling General And Administration": NaN,
        "General And Administrative Expense": NaN,
        "Other Gand A": NaN,
        "Salaries And Wages": NaN,
        "Total Revenue": NaN,
        "Operating Revenue": NaN
    },
    "2022-09-30": {
        "Tax Effect Of Unusual Items": NaN,
        "Tax Rate For Calcs": NaN,
        "Normalized EBITDA": NaN,
        "Total Unusual Items": NaN,
        "Total Unusual Items Excluding Goodwill": NaN,
        "Net Income From Continuing Operation Net Minority Interest": NaN,
        "Reconciled Depreciation": NaN,
        "EBITDA": NaN,
        "EBIT": NaN,
        "Net Interest Income": NaN,
        "Interest Income": NaN,
        "Normalized Income": NaN,
        "Net Income From Continuing And Discontinued Operation": NaN,
        "Total Expenses": NaN,
        "Total Operating Income As Reported": NaN,
        "Diluted Average Shares": NaN,
        "Basic Average Shares": NaN,
        "Diluted EPS": NaN,
        "Basic EPS": NaN,
        "Diluted NI Availto Com Stockholders": NaN,
        "Net Income Common Stockholders": NaN,
        "Net Income": NaN,
        "Net Income Including Noncontrolling Interests": NaN,
        "Net Income Continuous Operations": NaN,
        "Tax Provision": NaN,
        "Pretax Income": NaN,
        "Other Income Expense": NaN,
        "Other Non Operating Income Expenses": NaN,
        "Special Income Charges": NaN,
        "Gain On Sale Of Ppe": NaN,
        "Other Special Charges": NaN,
        "Impairment Of Capital Assets": NaN,
        "Restructuring And Mergern Acquisition": NaN,
        "Net Non Operating Interest Income Expense": NaN,
        "Total Other Finance Cost": -45000.0,
        "Interest Income Non Operating": NaN,
        "Operating Income": NaN,
        "Operating Expense": NaN,
        "Research And Development": NaN,
        "Selling General And Administration": NaN,
        "General And Administrative Expense": NaN,
        "Other Gand A": NaN,
        "Salaries And Wages": NaN,
        "Total Revenue": NaN,
        "Operating Revenue": NaN
    },
    "2022-06-30": {
        "Tax Effect Of Unusual Items": 0.0,
        "Tax Rate For Calcs": 0.0,
        "Normalized EBITDA": -19454000.0,
        "Total Unusual Items": -909000.0,
        "Total Unusual Items Excluding Goodwill": -909000.0,
        "Net Income From Continuing Operation Net Minority Interest": -22700000.0,
        "Reconciled Depreciation": 1363000.0,
        "EBITDA": -20363000.0,
        "EBIT": -21726000.0,
        "Net Interest Income": -65000.0,
        "Interest Income": NaN,
        "Normalized Income": -21791000.0,
        "Net Income From Continuing And Discontinued Operation": -22700000.0,
        "Total Expenses": 22087000.0,
        "Total Operating Income As Reported": -22629000.0,
        "Diluted Average Shares": 1585978.0,
        "Basic Average Shares": 1585978.0,
        "Diluted EPS": -14.31,
        "Basic EPS": -14.31,
        "Diluted NI Availto Com Stockholders": -22700000.0,
        "Net Income Common Stockholders": -22700000.0,
        "Net Income": -22700000.0,
        "Net Income Including Noncontrolling Interests": -22700000.0,
        "Net Income Continuous Operations": -22700000.0,
        "Tax Provision": 0.0,
        "Pretax Income": -22700000.0,
        "Other Income Expense": -909000.0,
        "Other Non Operating Income Expenses": NaN,
        "Special Income Charges": -909000.0,
        "Gain On Sale Of Ppe": -6000.0,
        "Other Special Charges": NaN,
        "Impairment Of Capital Assets": NaN,
        "Restructuring And Mergern Acquisition": 903000.0,
        "Net Non Operating Interest Income Expense": -65000.0,
        "Total Other Finance Cost": 65000.0,
        "Interest Income Non Operating": NaN,
        "Operating Income": -21726000.0,
        "Operating Expense": 22087000.0,
        "Research And Development": 13923000.0,
        "Selling General And Administration": 8164000.0,
        "General And Administrative Expense": 8164000.0,
        "Other Gand A": 4931000.0,
        "Salaries And Wages": 3233000.0,
        "Total Revenue": 361000.0,
        "Operating Revenue": 361000.0
    },
    "2022-03-31": {
        "Diluted EPS": -15.62,
        "Total Revenue": 0,
        "Gross Profit": 0,
        "Operating Income": -25,
        "EBIT": -23,
        "Net Income": -25
    },
    "2021-12-31": {
        "Diluted EPS": 1.5,
        "Total Revenue": 1,
        "Gross Profit": 1,
        "Operating Income": -19,
        "EBIT": -18,
        "Net Income": -19
    },
    "2021-09-30": {
        "Diluted EPS": -6.31,
        "Total Revenue": 11,
        "Gross Profit": 11,
        "Operating Income": -10,
        "EBIT": -9,
        "Net Income": -10
    },
    "2021-06-30": {
        "Diluted EPS": -9.61,
        "Total Revenue": 3,
        "Gross Profit": 3,
        "Operating Income": -17,
        "EBIT": -16,
        "Net Income": -15
    },
    "2021-03-31": {
        "Diluted EPS": -30.03,
        "Total Revenue": 4,
        "Gross Profit": 4,
        "Operating Income": -14,
        "EBIT": -14,
        "Net Income": -14
    },
    "2020-12-31": {
        "Diluted EPS": -47.75,
        "Total Revenue": 2,
        "Gross Profit": 2,
        "Operating Income": -13,
        "EBIT": -13,
        "Net Income": -13
    },
    "2020-09-30": {
        "Diluted EPS": -36.64,
        "Total Revenue": 2,
        "Gross Profit": 2,
        "Operating Income": -10,
        "EBIT": -10,
        "Net Income": -10
    },
    "2020-06-30": {
        "Diluted EPS": -30.63,
        "Total Revenue": 2,
        "Gross Profit": 2,
        "Operating Income": -8,
        "EBIT": -8,
        "Net Income": -8
    },
    "2020-03-31": {
        "Diluted EPS": -30.03,
        "Total Revenue": 2,
        "Gross Profit": 2,
        "Operating Income": -8,
        "EBIT": -8,
        "Net Income": -8
    },
    "2023-06-30": {
        "Tax Effect Of Unusual Items": 0.0,
        "Tax Rate For Calcs": 0.0,
        "Normalized EBITDA": -9728000.0,
        "Total Unusual Items": 705000.0,
        "Total Unusual Items Excluding Goodwill": 705000.0,
        "Net Income From Continuing Operation Net Minority Interest": -6950000.0,
        "Reconciled Depreciation": 57000.0,
        "EBITDA": -9023000.0,
        "EBIT": -9080000.0,
        "Net Interest Income": 420000.0,
        "Interest Income": NaN,
        "Normalized Income": -7655000.0,
        "Net Income From Continuing And Discontinued Operation": -6950000.0,
        "Total Expenses": 9080000.0,
        "Total Operating Income As Reported": -9881000.0,
        "Diluted Average Shares": 1604795.0,
        "Basic Average Shares": 1604795.0,
        "Diluted EPS": -4.33,
        "Basic EPS": -4.33,
        "Diluted NI Availto Com Stockholders": -6950000.0,
        "Net Income Common Stockholders": -6950000.0,
        "Net Income": -6950000.0,
        "Net Income Including Noncontrolling Interests": -6950000.0,
        "Net Income Continuous Operations": -6950000.0,
        "Tax Provision": 0.0,
        "Pretax Income": -6950000.0,
        "Other Income Expense": 1710000.0,
        "Other Non Operating Income Expenses": 1005000.0,
        "Special Income Charges": 705000.0,
        "Gain On Sale Of Ppe": 754000.0,
        "Other Special Charges": -752000.0,
        "Impairment Of Capital Assets": 0.0,
        "Restructuring And Mergern Acquisition": 801000.0,
        "Net Non Operating Interest Income Expense": 420000.0,
        "Total Other Finance Cost": -420000.0,
        "Interest Income Non Operating": NaN,
        "Operating Income": -9080000.0,
        "Operating Expense": 9080000.0,
        "Research And Development": 203000.0,
        "Selling General And Administration": 8877000.0,
        "General And Administrative Expense": 8877000.0,
        "Other Gand A": 8097000.0,
        "Salaries And Wages": 780000.0,
        "Total Revenue": 0.0,
        "Operating Revenue": 0.0
    },
    "2023-09-30": {
        "Tax Effect Of Unusual Items": 0.0,
        "Tax Rate For Calcs": 0.0,
        "Normalized EBITDA": -3615000.0,
        "Total Unusual Items": -68000.0,
        "Total Unusual Items Excluding Goodwill": -68000.0,
        "Net Income From Continuing Operation Net Minority Interest": -2416000.0,
        "Reconciled Depreciation": 52000.0,
        "EBITDA": -3683000.0,
        "EBIT": -3735000.0,
        "Net Interest Income": 392000.0,
        "Interest Income": NaN,
        "Normalized Income": -2348000.0,
        "Net Income From Continuing And Discontinued Operation": -2416000.0,
        "Total Expenses": 3735000.0,
        "Total Operating Income As Reported": -3781000.0,
        "Diluted Average Shares": 1604967.0,
        "Basic Average Shares": 1604967.0,
        "Diluted EPS": -1.51,
        "Basic EPS": -1.51,
        "Diluted NI Availto Com Stockholders": -2416000.0,
        "Net Income Common Stockholders": -2416000.0,
        "Net Income": -2416000.0,
        "Net Income Including Noncontrolling Interests": -2416000.0,
        "Net Income Continuous Operations": -2416000.0,
        "Tax Provision": 0.0,
        "Pretax Income": -2416000.0,
        "Other Income Expense": 927000.0,
        "Other Non Operating Income Expenses": 995000.0,
        "Special Income Charges": -68000.0,
        "Gain On Sale Of Ppe": -22000.0,
        "Other Special Charges": NaN,
        "Impairment Of Capital Assets": 0.0,
        "Restructuring And Mergern Acquisition": 46000.0,
        "Net Non Operating Interest Income Expense": 392000.0,
        "Total Other Finance Cost": -392000.0,
        "Interest Income Non Operating": NaN,
        "Operating Income": -3735000.0,
        "Operating Expense": 3735000.0,
        "Research And Development": 0.0,
        "Selling General And Administration": 3735000.0,
        "General And Administrative Expense": 3735000.0,
        "Other Gand A": 3289000.0,
        "Salaries And Wages": 446000.0,
        "Total Revenue": 0.0,
        "Operating Revenue": 0.0
    },
    "2023-12-31": {
        "Tax Effect Of Unusual Items": 0.0,
        "Tax Rate For Calcs": 0.0,
        "Normalized EBITDA": -4944000.0,
        "Total Unusual Items": 307000.0,
        "Total Unusual Items Excluding Goodwill": 307000.0,
        "Net Income From Continuing Operation Net Minority Interest": -3041000.0,
        "Reconciled Depreciation": 44000.0,
        "EBITDA": -4637000.0,
        "EBIT": -4681000.0,
        "Net Interest Income": 333000.0,
        "Interest Income": NaN,
        "Normalized Income": -3348000.0,
        "Net Income From Continuing And Discontinued Operation": -3041000.0,
        "Total Expenses": 4681000.0,
        "Total Operating Income As Reported": -4416000.0,
        "Diluted Average Shares": NaN,
        "Basic Average Shares": NaN,
        "Diluted EPS": NaN,
        "Basic EPS": NaN,
        "Diluted NI Availto Com Stockholders": -3041000.0,
        "Net Income Common Stockholders": -3041000.0,
        "Net Income": -3041000.0,
        "Net Income Including Noncontrolling Interests": -3041000.0,
        "Net Income Continuous Operations": -3041000.0,
        "Tax Provision": 0.0,
        "Pretax Income": -3041000.0,
        "Other Income Expense": 1307000.0,
        "Other Non Operating Income Expenses": 1000000.0,
        "Special Income Charges": 307000.0,
        "Gain On Sale Of Ppe": 42000.0,
        "Other Special Charges": 0.0,
        "Impairment Of Capital Assets": 0.0,
        "Restructuring And Mergern Acquisition": -265000.0,
        "Net Non Operating Interest Income Expense": 333000.0,
        "Total Other Finance Cost": NaN,
        "Interest Income Non Operating": NaN,
        "Operating Income": -4681000.0,
        "Operating Expense": 4681000.0,
        "Research And Development": 0.0,
        "Selling General And Administration": 4681000.0,
        "General And Administrative Expense": 4681000.0,
        "Other Gand A": 4338000.0,
        "Salaries And Wages": 343000.0,
        "Total Revenue": 0.0,
        "Operating Revenue": 0.0
    },
    "2024-03-31": {
        "Tax Effect Of Unusual Items": 0.0,
        "Tax Rate For Calcs": 0.0,
        "Normalized EBITDA": -5087000.0,
        "Total Unusual Items": -34000.0,
        "Total Unusual Items Excluding Goodwill": -34000.0,
        "Net Income From Continuing Operation Net Minority Interest": -3876000.0,
        "Reconciled Depreciation": 43000.0,
        "EBITDA": -5121000.0,
        "EBIT": -5164000.0,
        "Net Interest Income": 280000.0,
        "Interest Income": NaN,
        "Normalized Income": -3842000.0,
        "Net Income From Continuing And Discontinued Operation": -3876000.0,
        "Total Expenses": 5164000.0,
        "Total Operating Income As Reported": -5198000.0,
        "Diluted Average Shares": 1605763.0,
        "Basic Average Shares": 1605763.0,
        "Diluted EPS": -2.41,
        "Basic EPS": -2.41,
        "Diluted NI Availto Com Stockholders": -3876000.0,
        "Net Income Common Stockholders": -3876000.0,
        "Net Income": -3876000.0,
        "Net Income Including Noncontrolling Interests": -3876000.0,
        "Net Income Continuous Operations": -3876000.0,
        "Tax Provision": 0.0,
        "Pretax Income": -3876000.0,
        "Other Income Expense": 1008000.0,
        "Other Non Operating Income Expenses": 1042000.0,
        "Special Income Charges": -34000.0,
        "Gain On Sale Of Ppe": 0.0,
        "Other Special Charges": NaN,
        "Impairment Of Capital Assets": 0.0,
        "Restructuring And Mergern Acquisition": 34000.0,
        "Net Non Operating Interest Income Expense": 280000.0,
        "Total Other Finance Cost": -280000.0,
        "Interest Income Non Operating": NaN,
        "Operating Income": -5164000.0,
        "Operating Expense": 5164000.0,
        "Research And Development": 0.0,
        "Selling General And Administration": 5164000.0,
        "General And Administrative Expense": 5164000.0,
        "Other Gand A": 5012000.0,
        "Salaries And Wages": 152000.0,
        "Total Revenue": 0.0,
        "Operating Revenue": 0.0
    }
}