{
    "2023-06-30": {
        "Tax Effect Of Unusual Items": NaN,
        "Tax Rate For Calcs": NaN,
        "Normalized EBITDA": NaN,
        "Total Unusual Items": NaN,
        "Total Unusual Items Excluding Goodwill": NaN,
        "Net Income From Continuing Operation Net Minority Interest": NaN,
        "Reconciled Depreciation": NaN,
        "Reconciled Cost Of Revenue": NaN,
        "EBITDA": NaN,
        "EBIT": NaN,
        "Net Interest Income": NaN,
        "Interest Income": NaN,
        "Normalized Income": NaN,
        "Net Income From Continuing And Discontinued Operation": NaN,
        "Total Expenses": NaN,
        "Diluted Average Shares": NaN,
        "Basic Average Shares": NaN,
        "Diluted EPS": NaN,
        "Basic EPS": NaN,
        "Diluted NI Availto Com Stockholders": NaN,
        "Net Income Common Stockholders": NaN,
        "Net Income": NaN,
        "Net Income Including Noncontrolling Interests": NaN,
        "Net Income Continuous Operations": NaN,
        "Tax Provision": NaN,
        "Pretax Income": NaN,
        "Other Income Expense": NaN,
        "Special Income Charges": NaN,
        "Gain On Sale Of Ppe": NaN,
        "Earnings From Equity Interest": 0.0,
        "Net Non Operating Interest Income Expense": NaN,
        "Interest Income Non Operating": NaN,
        "Operating Income": NaN,
        "Operating Expense": NaN,
        "Selling General And Administration": NaN,
        "Gross Profit": NaN,
        "Cost Of Revenue": NaN,
        "Total Revenue": NaN,
        "Operating Revenue": NaN
    },
    "2023-03-31": {
        "Tax Effect Of Unusual Items": NaN,
        "Tax Rate For Calcs": NaN,
        "Normalized EBITDA": NaN,
        "Total Unusual Items": NaN,
        "Total Unusual Items Excluding Goodwill": NaN,
        "Net Income From Continuing Operation Net Minority Interest": NaN,
        "Reconciled Depreciation": NaN,
        "Reconciled Cost Of Revenue": NaN,
        "EBITDA": NaN,
        "EBIT": NaN,
        "Net Interest Income": NaN,
        "Interest Income": NaN,
        "Normalized Income": NaN,
        "Net Income From Continuing And Discontinued Operation": NaN,
        "Total Expenses": NaN,
        "Diluted Average Shares": NaN,
        "Basic Average Shares": NaN,
        "Diluted EPS": NaN,
        "Basic EPS": NaN,
        "Diluted NI Availto Com Stockholders": NaN,
        "Net Income Common Stockholders": NaN,
        "Net Income": NaN,
        "Minority Interests": 0.0,
        "Net Income Including Noncontrolling Interests": NaN,
        "Net Income Continuous Operations": NaN,
        "Tax Provision": NaN,
        "Pretax Income": NaN,
        "Other Income Expense": NaN,
        "Special Income Charges": NaN,
        "Gain On Sale Of Ppe": NaN,
        "Earnings From Equity Interest": 0.0,
        "Net Non Operating Interest Income Expense": NaN,
        "Interest Income Non Operating": NaN,
        "Operating Income": NaN,
        "Operating Expense": NaN,
        "Selling General And Administration": NaN,
        "Gross Profit": NaN,
        "Cost Of Revenue": NaN,
        "Total Revenue": NaN,
        "Operating Revenue": NaN
    },
    "2022-12-31": {
        "Tax Effect Of Unusual Items": NaN,
        "Tax Rate For Calcs": NaN,
        "Normalized EBITDA": NaN,
        "Total Unusual Items": NaN,
        "Total Unusual Items Excluding Goodwill": NaN,
        "Net Income From Continuing Operation Net Minority Interest": NaN,
        "Reconciled Depreciation": NaN,
        "Reconciled Cost Of Revenue": NaN,
        "EBITDA": NaN,
        "EBIT": NaN,
        "Net Interest Income": NaN,
        "Interest Income": NaN,
        "Normalized Income": NaN,
        "Net Income From Continuing And Discontinued Operation": NaN,
        "Total Expenses": NaN,
        "Diluted Average Shares": NaN,
        "Basic Average Shares": NaN,
        "Diluted EPS": NaN,
        "Basic EPS": NaN,
        "Diluted NI Availto Com Stockholders": NaN,
        "Net Income Common Stockholders": NaN,
        "Net Income": NaN,
        "Minority Interests": 0.0,
        "Net Income Including Noncontrolling Interests": NaN,
        "Net Income Continuous Operations": NaN,
        "Tax Provision": NaN,
        "Pretax Income": NaN,
        "Other Income Expense": 1600000.0,
        "Special Income Charges": NaN,
        "Gain On Sale Of Ppe": NaN,
        "Earnings From Equity Interest": 0.0,
        "Net Non Operating Interest Income Expense": NaN,
        "Interest Income Non Operating": NaN,
        "Operating Income": NaN,
        "Operating Expense": NaN,
        "Selling General And Administration": NaN,
        "Gross Profit": NaN,
        "Cost Of Revenue": NaN,
        "Total Revenue": NaN,
        "Operating Revenue": NaN
    },
    "2022-09-30": {
        "Tax Effect Of Unusual Items": NaN,
        "Tax Rate For Calcs": NaN,
        "Normalized EBITDA": NaN,
        "Total Unusual Items": NaN,
        "Total Unusual Items Excluding Goodwill": NaN,
        "Net Income From Continuing Operation Net Minority Interest": NaN,
        "Reconciled Depreciation": NaN,
        "Reconciled Cost Of Revenue": NaN,
        "EBITDA": NaN,
        "EBIT": NaN,
        "Net Interest Income": NaN,
        "Interest Income": NaN,
        "Normalized Income": NaN,
        "Net Income From Continuing And Discontinued Operation": NaN,
        "Total Expenses": NaN,
        "Diluted Average Shares": NaN,
        "Basic Average Shares": NaN,
        "Diluted EPS": NaN,
        "Basic EPS": NaN,
        "Diluted NI Availto Com Stockholders": NaN,
        "Net Income Common Stockholders": NaN,
        "Net Income": NaN,
        "Minority Interests": 0.0,
        "Net Income Including Noncontrolling Interests": NaN,
        "Net Income Continuous Operations": NaN,
        "Tax Provision": NaN,
        "Pretax Income": NaN,
        "Other Income Expense": 100000.0,
        "Special Income Charges": NaN,
        "Gain On Sale Of Ppe": NaN,
        "Earnings From Equity Interest": 100000.0,
        "Net Non Operating Interest Income Expense": NaN,
        "Interest Income Non Operating": NaN,
        "Operating Income": NaN,
        "Operating Expense": NaN,
        "Selling General And Administration": NaN,
        "Gross Profit": NaN,
        "Cost Of Revenue": NaN,
        "Total Revenue": NaN,
        "Operating Revenue": NaN
    },
    "2022-06-30": {
        "Tax Effect Of Unusual Items": 666034.155598,
        "Tax Rate For Calcs": 0.246679,
        "Normalized EBITDA": 47100000.0,
        "Total Unusual Items": 2700000.0,
        "Total Unusual Items Excluding Goodwill": 2700000.0,
        "Net Income From Continuing Operation Net Minority Interest": 39700000.0,
        "Reconciled Depreciation": 700000.0,
        "Reconciled Cost Of Revenue": 234600000.0,
        "EBITDA": 49800000.0,
        "EBIT": 49800000.0,
        "Net Interest Income": 200000.0,
        "Interest Income": 200000.0,
        "Normalized Income": 37666034.155598,
        "Net Income From Continuing And Discontinued Operation": 39700000.0,
        "Total Expenses": 258700000.0,
        "Diluted Average Shares": 49900000.0,
        "Basic Average Shares": 49900000.0,
        "Diluted EPS": 0.8,
        "Basic EPS": 0.8,
        "Diluted NI Availto Com Stockholders": 39700000.0,
        "Net Income Common Stockholders": 39700000.0,
        "Net Income": 39700000.0,
        "Minority Interests": 0.0,
        "Net Income Including Noncontrolling Interests": 39700000.0,
        "Net Income Continuous Operations": 39700000.0,
        "Tax Provision": 13000000.0,
        "Pretax Income": 52700000.0,
        "Other Income Expense": 2700000.0,
        "Special Income Charges": 2700000.0,
        "Gain On Sale Of Ppe": 2700000.0,
        "Earnings From Equity Interest": 0.0,
        "Net Non Operating Interest Income Expense": 200000.0,
        "Interest Income Non Operating": 200000.0,
        "Operating Income": 49800000.0,
        "Operating Expense": 24100000.0,
        "Selling General And Administration": 24100000.0,
        "Gross Profit": 73900000.0,
        "Cost Of Revenue": 234600000.0,
        "Total Revenue": 308500000.0,
        "Operating Revenue": 308500000.0
    },
    "2023-09-30": {
        "Tax Effect Of Unusual Items": NaN,
        "Tax Rate For Calcs": NaN,
        "Normalized EBITDA": NaN,
        "Total Unusual Items": NaN,
        "Total Unusual Items Excluding Goodwill": NaN,
        "Net Income From Continuing Operation Net Minority Interest": NaN,
        "Reconciled Depreciation": NaN,
        "Reconciled Cost Of Revenue": NaN,
        "EBITDA": NaN,
        "EBIT": NaN,
        "Net Interest Income": NaN,
        "Interest Income": NaN,
        "Normalized Income": NaN,
        "Net Income From Continuing And Discontinued Operation": NaN,
        "Total Expenses": NaN,
        "Diluted Average Shares": NaN,
        "Basic Average Shares": NaN,
        "Diluted EPS": NaN,
        "Basic EPS": NaN,
        "Diluted NI Availto Com Stockholders": NaN,
        "Net Income Common Stockholders": NaN,
        "Net Income": NaN,
        "Net Income Including Noncontrolling Interests": NaN,
        "Net Income Continuous Operations": NaN,
        "Tax Provision": NaN,
        "Pretax Income": NaN,
        "Other Income Expense": 0.0,
        "Special Income Charges": NaN,
        "Gain On Sale Of Ppe": 0.0,
        "Other Special Charges": NaN,
        "Earnings From Equity Interest": 0.0,
        "Net Non Operating Interest Income Expense": NaN,
        "Interest Income Non Operating": NaN,
        "Operating Income": NaN,
        "Operating Expense": NaN,
        "Selling General And Administration": NaN,
        "Gross Profit": NaN,
        "Cost Of Revenue": NaN,
        "Total Revenue": NaN,
        "Operating Revenue": NaN
    },
    "2023-12-31": {
        "Tax Effect Of Unusual Items": NaN,
        "Tax Rate For Calcs": NaN,
        "Normalized EBITDA": NaN,
        "Total Unusual Items": NaN,
        "Total Unusual Items Excluding Goodwill": NaN,
        "Net Income From Continuing Operation Net Minority Interest": NaN,
        "Reconciled Depreciation": NaN,
        "Reconciled Cost Of Revenue": NaN,
        "EBITDA": NaN,
        "EBIT": NaN,
        "Net Interest Income": NaN,
        "Interest Income": NaN,
        "Normalized Income": NaN,
        "Net Income From Continuing And Discontinued Operation": NaN,
        "Total Expenses": NaN,
        "Diluted Average Shares": NaN,
        "Basic Average Shares": NaN,
        "Diluted EPS": NaN,
        "Basic EPS": NaN,
        "Diluted NI Availto Com Stockholders": NaN,
        "Net Income Common Stockholders": NaN,
        "Net Income": NaN,
        "Net Income Including Noncontrolling Interests": NaN,
        "Net Income Continuous Operations": NaN,
        "Tax Provision": NaN,
        "Pretax Income": NaN,
        "Other Income Expense": NaN,
        "Special Income Charges": NaN,
        "Gain On Sale Of Ppe": 0.0,
        "Other Special Charges": NaN,
        "Earnings From Equity Interest": NaN,
        "Net Non Operating Interest Income Expense": NaN,
        "Interest Income Non Operating": NaN,
        "Operating Income": NaN,
        "Operating Expense": NaN,
        "Selling General And Administration": NaN,
        "Gross Profit": NaN,
        "Cost Of Revenue": NaN,
        "Total Revenue": NaN,
        "Operating Revenue": NaN
    },
    "2024-03-31": {
        "Tax Effect Of Unusual Items": NaN,
        "Tax Rate For Calcs": NaN,
        "Normalized EBITDA": NaN,
        "Total Unusual Items": NaN,
        "Total Unusual Items Excluding Goodwill": NaN,
        "Net Income From Continuing Operation Net Minority Interest": NaN,
        "Reconciled Depreciation": NaN,
        "Reconciled Cost Of Revenue": NaN,
        "EBITDA": NaN,
        "EBIT": NaN,
        "Net Interest Income": NaN,
        "Interest Income": NaN,
        "Normalized Income": NaN,
        "Net Income From Continuing And Discontinued Operation": NaN,
        "Total Expenses": NaN,
        "Diluted Average Shares": NaN,
        "Basic Average Shares": NaN,
        "Diluted EPS": NaN,
        "Basic EPS": NaN,
        "Diluted NI Availto Com Stockholders": NaN,
        "Net Income Common Stockholders": NaN,
        "Net Income": NaN,
        "Net Income Including Noncontrolling Interests": NaN,
        "Net Income Continuous Operations": NaN,
        "Tax Provision": NaN,
        "Pretax Income": NaN,
        "Other Income Expense": NaN,
        "Special Income Charges": NaN,
        "Gain On Sale Of Ppe": 0.0,
        "Other Special Charges": NaN,
        "Earnings From Equity Interest": NaN,
        "Net Non Operating Interest Income Expense": NaN,
        "Interest Income Non Operating": NaN,
        "Operating Income": NaN,
        "Operating Expense": NaN,
        "Selling General And Administration": NaN,
        "Gross Profit": NaN,
        "Cost Of Revenue": NaN,
        "Total Revenue": NaN,
        "Operating Revenue": NaN
    },
    "2024-06-30": {
        "Tax Effect Of Unusual Items": NaN,
        "Tax Rate For Calcs": NaN,
        "Normalized EBITDA": NaN,
        "Total Unusual Items": 5000000.0,
        "Total Unusual Items Excluding Goodwill": 5000000.0,
        "Net Income From Continuing Operation Net Minority Interest": NaN,
        "Reconciled Depreciation": NaN,
        "Reconciled Cost Of Revenue": NaN,
        "EBITDA": NaN,
        "EBIT": NaN,
        "Net Interest Income": NaN,
        "Interest Income": NaN,
        "Normalized Income": NaN,
        "Net Income From Continuing And Discontinued Operation": NaN,
        "Total Expenses": NaN,
        "Diluted Average Shares": NaN,
        "Basic Average Shares": NaN,
        "Diluted EPS": NaN,
        "Basic EPS": NaN,
        "Diluted NI Availto Com Stockholders": NaN,
        "Net Income Common Stockholders": NaN,
        "Net Income": NaN,
        "Net Income Including Noncontrolling Interests": NaN,
        "Net Income Continuous Operations": NaN,
        "Tax Provision": NaN,
        "Pretax Income": NaN,
        "Other Income Expense": 5000000.0,
        "Special Income Charges": 5000000.0,
        "Gain On Sale Of Ppe": 5000000.0,
        "Other Special Charges": NaN,
        "Earnings From Equity Interest": 0.0,
        "Net Non Operating Interest Income Expense": NaN,
        "Interest Income Non Operating": NaN,
        "Operating Income": NaN,
        "Operating Expense": NaN,
        "Selling General And Administration": NaN,
        "Gross Profit": NaN,
        "Cost Of Revenue": NaN,
        "Total Revenue": NaN,
        "Operating Revenue": NaN
    },
    "2024-09-30": {
        "Tax Effect Of Unusual Items": 1115668.202765,
        "Tax Rate For Calcs": 0.247926,
        "Normalized EBITDA": 96100000.0,
        "Total Unusual Items": 4500000.0,
        "Total Unusual Items Excluding Goodwill": 4500000.0,
        "Net Income From Continuing Operation Net Minority Interest": 81600000.0,
        "Reconciled Depreciation": 700000.0,
        "Reconciled Cost Of Revenue": 419500000.0,
        "EBITDA": 100600000.0,
        "EBIT": 99900000.0,
        "Net Interest Income": 4100000.0,
        "Interest Income": 4100000.0,
        "Normalized Income": 78215668.202765,
        "Net Income From Continuing And Discontinued Operation": 81600000.0,
        "Total Expenses": 451500000.0,
        "Diluted Average Shares": 51000000.0,
        "Basic Average Shares": 50700000.0,
        "Diluted EPS": 1.6,
        "Basic EPS": 1.61,
        "Diluted NI Availto Com Stockholders": 81600000.0,
        "Net Income Common Stockholders": 81600000.0,
        "Net Income": 81600000.0,
        "Net Income Including Noncontrolling Interests": 81600000.0,
        "Net Income Continuous Operations": 81600000.0,
        "Tax Provision": 26900000.0,
        "Pretax Income": 108500000.0,
        "Other Income Expense": 4500000.0,
        "Special Income Charges": 4500000.0,
        "Gain On Sale Of Ppe": 4500000.0,
        "Other Special Charges": NaN,
        "Earnings From Equity Interest": NaN,
        "Net Non Operating Interest Income Expense": 4100000.0,
        "Interest Income Non Operating": 4100000.0,
        "Operating Income": 99900000.0,
        "Operating Expense": 32000000.0,
        "Selling General And Administration": 32000000.0,
        "Gross Profit": 131900000.0,
        "Cost Of Revenue": 419500000.0,
        "Total Revenue": 551400000.0,
        "Operating Revenue": 551400000.0
    },
    "2024-12-31": {
        "Tax Effect Of Unusual Items": 0.0,
        "Tax Rate For Calcs": 0.247,
        "Normalized EBITDA": 19800000.0,
        "Total Unusual Items": NaN,
        "Total Unusual Items Excluding Goodwill": NaN,
        "Net Income From Continuing Operation Net Minority Interest": 16500000.0,
        "Reconciled Depreciation": 800000.0,
        "Reconciled Cost Of Revenue": 195400000.0,
        "EBITDA": 19800000.0,
        "EBIT": 19000000.0,
        "Net Interest Income": 2300000.0,
        "Interest Income": 2300000.0,
        "Normalized Income": 16500000.0,
        "Net Income From Continuing And Discontinued Operation": 16500000.0,
        "Total Expenses": 231400000.0,
        "Diluted Average Shares": 51085919.0,
        "Basic Average Shares": 50820797.0,
        "Diluted EPS": 0.32,
        "Basic EPS": 0.32,
        "Diluted NI Availto Com Stockholders": 16500000.0,
        "Net Income Common Stockholders": 16500000.0,
        "Net Income": 16500000.0,
        "Net Income Including Noncontrolling Interests": 16500000.0,
        "Net Income Continuous Operations": 16500000.0,
        "Tax Provision": 5400000.0,
        "Pretax Income": 21900000.0,
        "Other Income Expense": 600000.0,
        "Special Income Charges": NaN,
        "Gain On Sale Of Ppe": NaN,
        "Other Special Charges": NaN,
        "Earnings From Equity Interest": 600000.0,
        "Net Non Operating Interest Income Expense": 2300000.0,
        "Interest Income Non Operating": 2300000.0,
        "Operating Income": 19000000.0,
        "Operating Expense": 36000000.0,
        "Selling General And Administration": 36000000.0,
        "Gross Profit": 55000000.0,
        "Cost Of Revenue": 195400000.0,
        "Total Revenue": 250400000.0,
        "Operating Revenue": 250400000.0
    },
    "2025-03-31": {
        "Tax Effect Of Unusual Items": -246400.0,
        "Tax Rate For Calcs": 0.224,
        "Normalized EBITDA": 42900000.0,
        "Total Unusual Items": -1100000.0,
        "Total Unusual Items Excluding Goodwill": -1100000.0,
        "Net Income From Continuing Operation Net Minority Interest": 31600000.0,
        "Reconciled Depreciation": 1000000.0,
        "Reconciled Cost Of Revenue": 271800000.0,
        "EBITDA": 41800000.0,
        "EBIT": 40800000.0,
        "Net Interest Income": 1000000.0,
        "Interest Income": 1000000.0,
        "Normalized Income": 32453600.0,
        "Net Income From Continuing And Discontinued Operation": 31600000.0,
        "Total Expenses": 310200000.0,
        "Diluted Average Shares": 51000000.0,
        "Basic Average Shares": 50800000.0,
        "Diluted EPS": 0.62,
        "Basic EPS": 0.62,
        "Diluted NI Availto Com Stockholders": 31600000.0,
        "Net Income Common Stockholders": 31600000.0,
        "Net Income": 31600000.0,
        "Net Income Including Noncontrolling Interests": 31600000.0,
        "Net Income Continuous Operations": 31600000.0,
        "Tax Provision": 9100000.0,
        "Pretax Income": 40700000.0,
        "Other Income Expense": -1100000.0,
        "Special Income Charges": -1100000.0,
        "Gain On Sale Of Ppe": NaN,
        "Other Special Charges": 1100000.0,
        "Earnings From Equity Interest": 0.0,
        "Net Non Operating Interest Income Expense": 1000000.0,
        "Interest Income Non Operating": 1000000.0,
        "Operating Income": 40800000.0,
        "Operating Expense": 38400000.0,
        "Selling General And Administration": 38400000.0,
        "Gross Profit": 79200000.0,
        "Cost Of Revenue": 271800000.0,
        "Total Revenue": 351000000.0,
        "Operating Revenue": 351000000.0
    },
    "2025-06-30": {
        "Tax Effect Of Unusual Items": 0.0,
        "Tax Rate For Calcs": 0.245,
        "Normalized EBITDA": 43100000.0,
        "Total Unusual Items": 0.0,
        "Total Unusual Items Excluding Goodwill": 0.0,
        "Net Income From Continuing Operation Net Minority Interest": 32900000.0,
        "Reconciled Depreciation": 800000.0,
        "Reconciled Cost Of Revenue": 310800000.0,
        "EBITDA": 43100000.0,
        "EBIT": 42300000.0,
        "Net Interest Income": 1300000.0,
        "Interest Income": 1300000.0,
        "Normalized Income": 32900000.0,
        "Net Income From Continuing And Discontinued Operation": 32900000.0,
        "Total Expenses": 348200000.0,
        "Diluted Average Shares": 51005130.0,
        "Basic Average Shares": 50931777.0,
        "Diluted EPS": 0.65,
        "Basic EPS": 0.65,
        "Diluted NI Availto Com Stockholders": 32900000.0,
        "Net Income Common Stockholders": 32900000.0,
        "Net Income": 32900000.0,
        "Net Income Including Noncontrolling Interests": 32900000.0,
        "Net Income Continuous Operations": 32900000.0,
        "Tax Provision": 10700000.0,
        "Pretax Income": 43600000.0,
        "Other Income Expense": NaN,
        "Special Income Charges": 0.0,
        "Gain On Sale Of Ppe": 0.0,
        "Other Special Charges": NaN,
        "Earnings From Equity Interest": 0.0,
        "Net Non Operating Interest Income Expense": 1300000.0,
        "Interest Income Non Operating": 1300000.0,
        "Operating Income": 42300000.0,
        "Operating Expense": 37400000.0,
        "Selling General And Administration": 37400000.0,
        "Gross Profit": 79700000.0,
        "Cost Of Revenue": 310800000.0,
        "Total Revenue": 390500000.0,
        "Operating Revenue": 390500000.0
    },
    "2025-09-30": {
        "Tax Effect Of Unusual Items": 1019274.977896,
        "Tax Rate For Calcs": 0.231653,
        "Normalized EBITDA": 103500000.0,
        "Total Unusual Items": 4400000.0,
        "Total Unusual Items Excluding Goodwill": 4400000.0,
        "Net Income From Continuing Operation Net Minority Interest": 86900000.0,
        "Reconciled Depreciation": 900000.0,
        "Reconciled Cost Of Revenue": 520900000.0,
        "EBITDA": 107900000.0,
        "EBIT": 107000000.0,
        "Net Interest Income": 1700000.0,
        "Interest Income": 1700000.0,
        "Normalized Income": 83519274.977896,
        "Net Income From Continuing And Discontinued Operation": 86900000.0,
        "Total Expenses": 563500000.0,
        "Diluted Average Shares": 51100000.0,
        "Basic Average Shares": 50900000.0,
        "Diluted EPS": 1.7,
        "Basic EPS": 1.71,
        "Diluted NI Availto Com Stockholders": 86900000.0,
        "Net Income Common Stockholders": 86900000.0,
        "Net Income": 86900000.0,
        "Net Income Including Noncontrolling Interests": 86900000.0,
        "Net Income Continuous Operations": 86900000.0,
        "Tax Provision": 26200000.0,
        "Pretax Income": 113100000.0,
        "Other Income Expense": 4400000.0,
        "Special Income Charges": 4400000.0,
        "Gain On Sale Of Ppe": 4500000.0,
        "Other Special Charges": 100000.0,
        "Earnings From Equity Interest": 0.0,
        "Net Non Operating Interest Income Expense": 1700000.0,
        "Interest Income Non Operating": 1700000.0,
        "Operating Income": 107000000.0,
        "Operating Expense": 42600000.0,
        "Selling General And Administration": 42600000.0,
        "Gross Profit": 149600000.0,
        "Cost Of Revenue": 520900000.0,
        "Total Revenue": 670500000.0,
        "Operating Revenue": 670500000.0
    }
}