{
    "2023-03-31": {
        "Tax Effect Of Unusual Items": -127132.11,
        "Tax Rate For Calcs": 0.21,
        "Normalized EBITDA": -1361399.0,
        "Total Unusual Items": -605391.0,
        "Total Unusual Items Excluding Goodwill": -605391.0,
        "Net Income From Continuing Operation Net Minority Interest": -2248799.0,
        "Reconciled Depreciation": 43644.0,
        "Reconciled Cost Of Revenue": 1247001.0,
        "EBITDA": -1966790.0,
        "EBIT": -2010434.0,
        "Net Interest Income": 174466.0,
        "Interest Expense": 208456.0,
        "Interest Income": 382922.0,
        "Normalized Income": -1770540.11,
        "Net Income From Continuing And Discontinued Operation": 6498479.0,
        "Total Expenses": 6658352.0,
        "Total Operating Income As Reported": -2387797.0,
        "Diluted Average Shares": 32300237.0,
        "Basic Average Shares": 32300237.0,
        "Diluted EPS": 0.19,
        "Basic EPS": 0.19,
        "Diluted NI Availto Com Stockholders": 6498479.0,
        "Average Dilution Earnings": NaN,
        "Net Income Common Stockholders": 6498479.0,
        "Net Income": 6498479.0,
        "Net Income Including Noncontrolling Interests": 6498479.0,
        "Net Income Discontinuous Operations": 8747278.0,
        "Net Income Continuous Operations": -2248799.0,
        "Tax Provision": 29909.0,
        "Pretax Income": -2218890.0,
        "Other Income Expense": -605391.0,
        "Special Income Charges": -599832.0,
        "Other Special Charges": NaN,
        "Restructuring And Mergern Acquisition": 599832.0,
        "Gain On Sale Of Security": -5559.0,
        "Net Non Operating Interest Income Expense": 174466.0,
        "Interest Expense Non Operating": 208456.0,
        "Interest Income Non Operating": 382922.0,
        "Operating Income": -1787965.0,
        "Operating Expense": 5406137.0,
        "Depreciation Amortization Depletion Income Statement": 38430.0,
        "Depreciation And Amortization In Income Statement": 38430.0,
        "Research And Development": 531689.0,
        "Selling General And Administration": 4836018.0,
        "Selling And Marketing Expense": 1196192.0,
        "General And Administrative Expense": 3639826.0,
        "Other Gand A": 3639826.0,
        "Salaries And Wages": NaN,
        "Gross Profit": 3618172.0,
        "Cost Of Revenue": 1252215.0,
        "Total Revenue": 4870387.0,
        "Operating Revenue": 4870387.0
    },
    "2022-12-31": {
        "Tax Effect Of Unusual Items": -6938.4,
        "Tax Rate For Calcs": 0.21,
        "Normalized EBITDA": -2356102.0,
        "Total Unusual Items": -33040.0,
        "Total Unusual Items Excluding Goodwill": -33040.0,
        "Net Income From Continuing Operation Net Minority Interest": -3556714.0,
        "Reconciled Depreciation": 949681.0,
        "Reconciled Cost Of Revenue": 1610095.0,
        "EBITDA": -2389142.0,
        "EBIT": -3338823.0,
        "Net Interest Income": -59380.0,
        "Interest Expense": 213911.0,
        "Interest Income": 154531.0,
        "Normalized Income": -3530612.4,
        "Net Income From Continuing And Discontinued Operation": -3556714.0,
        "Total Expenses": 11364306.0,
        "Total Operating Income As Reported": -3629542.0,
        "Diluted Average Shares": 32189313.0,
        "Basic Average Shares": 32189313.0,
        "Diluted EPS": -0.11,
        "Basic EPS": -0.11,
        "Diluted NI Availto Com Stockholders": -3556714.0,
        "Average Dilution Earnings": NaN,
        "Net Income Common Stockholders": -3556714.0,
        "Net Income": -3556714.0,
        "Net Income Including Noncontrolling Interests": -3556714.0,
        "Net Income Discontinuous Operations": NaN,
        "Net Income Continuous Operations": -3556714.0,
        "Tax Provision": 3980.0,
        "Pretax Income": -3552734.0,
        "Other Income Expense": -33040.0,
        "Special Income Charges": -169228.0,
        "Other Special Charges": NaN,
        "Restructuring And Mergern Acquisition": 0.0,
        "Gain On Sale Of Security": 136188.0,
        "Net Non Operating Interest Income Expense": -59380.0,
        "Interest Expense Non Operating": 213911.0,
        "Interest Income Non Operating": 154531.0,
        "Operating Income": -3460314.0,
        "Operating Expense": 9644344.0,
        "Depreciation Amortization Depletion Income Statement": 839814.0,
        "Depreciation And Amortization In Income Statement": 839814.0,
        "Research And Development": 2478202.0,
        "Selling General And Administration": 6326328.0,
        "Selling And Marketing Expense": 1415525.0,
        "General And Administrative Expense": 4910803.0,
        "Other Gand A": 4910803.0,
        "Salaries And Wages": NaN,
        "Gross Profit": 6184030.0,
        "Cost Of Revenue": 1719962.0,
        "Total Revenue": 7903992.0,
        "Operating Revenue": 7889354.0
    },
    "2022-09-30": {
        "Tax Effect Of Unusual Items": NaN,
        "Tax Rate For Calcs": NaN,
        "Normalized EBITDA": NaN,
        "Total Unusual Items": NaN,
        "Total Unusual Items Excluding Goodwill": NaN,
        "Net Income From Continuing Operation Net Minority Interest": NaN,
        "Reconciled Depreciation": NaN,
        "Reconciled Cost Of Revenue": NaN,
        "EBITDA": NaN,
        "EBIT": NaN,
        "Net Interest Income": NaN,
        "Interest Expense": NaN,
        "Interest Income": NaN,
        "Normalized Income": NaN,
        "Net Income From Continuing And Discontinued Operation": NaN,
        "Total Expenses": NaN,
        "Total Operating Income As Reported": NaN,
        "Diluted Average Shares": NaN,
        "Basic Average Shares": NaN,
        "Diluted EPS": NaN,
        "Basic EPS": NaN,
        "Diluted NI Availto Com Stockholders": NaN,
        "Average Dilution Earnings": 0.0,
        "Net Income Common Stockholders": NaN,
        "Net Income": NaN,
        "Net Income Including Noncontrolling Interests": NaN,
        "Net Income Discontinuous Operations": NaN,
        "Net Income Continuous Operations": NaN,
        "Tax Provision": NaN,
        "Pretax Income": NaN,
        "Other Income Expense": NaN,
        "Special Income Charges": NaN,
        "Gain On Sale Of Ppe": 0.0,
        "Other Special Charges": NaN,
        "Restructuring And Mergern Acquisition": NaN,
        "Gain On Sale Of Security": NaN,
        "Net Non Operating Interest Income Expense": NaN,
        "Interest Expense Non Operating": NaN,
        "Interest Income Non Operating": NaN,
        "Operating Income": NaN,
        "Operating Expense": NaN,
        "Depreciation Amortization Depletion Income Statement": NaN,
        "Depreciation And Amortization In Income Statement": NaN,
        "Research And Development": NaN,
        "Selling General And Administration": NaN,
        "Selling And Marketing Expense": NaN,
        "General And Administrative Expense": NaN,
        "Other Gand A": NaN,
        "Salaries And Wages": NaN,
        "Gross Profit": NaN,
        "Cost Of Revenue": NaN,
        "Total Revenue": NaN,
        "Operating Revenue": NaN
    },
    "2022-06-30": {
        "Tax Effect Of Unusual Items": 147451.2,
        "Tax Rate For Calcs": 0.4,
        "Normalized EBITDA": -4906623.0,
        "Total Unusual Items": 368628.0,
        "Total Unusual Items Excluding Goodwill": 368628.0,
        "Net Income From Continuing Operation Net Minority Interest": -5433545.0,
        "Reconciled Depreciation": 666974.0,
        "Reconciled Cost Of Revenue": 1683956.0,
        "EBITDA": -4537995.0,
        "EBIT": -5204969.0,
        "Net Interest Income": -204622.0,
        "Interest Expense": 223576.0,
        "Interest Income": 18954.0,
        "Normalized Income": -5654721.8,
        "Net Income From Continuing And Discontinued Operation": -5433545.0,
        "Total Expenses": 12126809.0,
        "Total Operating Income As Reported": -5592551.0,
        "Diluted Average Shares": 31984208.0,
        "Basic Average Shares": 31984208.0,
        "Diluted EPS": -0.17,
        "Basic EPS": -0.17,
        "Diluted NI Availto Com Stockholders": -5433545.0,
        "Net Income Common Stockholders": -5433545.0,
        "Net Income": -5433545.0,
        "Net Income Including Noncontrolling Interests": -5433545.0,
        "Net Income Discontinuous Operations": NaN,
        "Net Income Continuous Operations": -5433545.0,
        "Tax Provision": 5000.0,
        "Pretax Income": -5428545.0,
        "Other Income Expense": 368628.0,
        "Special Income Charges": 0.0,
        "Gain On Sale Of Ppe": 0.0,
        "Restructuring And Mergern Acquisition": 0.0,
        "Gain On Sale Of Security": 368628.0,
        "Net Non Operating Interest Income Expense": -204622.0,
        "Interest Expense Non Operating": 223576.0,
        "Interest Income Non Operating": 18954.0,
        "Operating Income": -5592551.0,
        "Operating Expense": 10380001.0,
        "Depreciation Amortization Depletion Income Statement": 604122.0,
        "Depreciation And Amortization In Income Statement": 604122.0,
        "Research And Development": 3387053.0,
        "Selling General And Administration": 6388826.0,
        "Selling And Marketing Expense": 1518669.0,
        "General And Administrative Expense": 4870157.0,
        "Other Gand A": 4870157.0,
        "Salaries And Wages": NaN,
        "Gross Profit": 4787450.0,
        "Cost Of Revenue": 1746808.0,
        "Total Revenue": 6534258.0,
        "Operating Revenue": 6482594.0
    },
    "2023-06-30": {
        "Tax Effect Of Unusual Items": NaN,
        "Tax Rate For Calcs": NaN,
        "Normalized EBITDA": NaN,
        "Total Unusual Items": NaN,
        "Total Unusual Items Excluding Goodwill": NaN,
        "Net Income From Continuing Operation Net Minority Interest": NaN,
        "Reconciled Depreciation": NaN,
        "Reconciled Cost Of Revenue": NaN,
        "EBITDA": NaN,
        "EBIT": NaN,
        "Net Interest Income": NaN,
        "Interest Expense": NaN,
        "Interest Income": NaN,
        "Normalized Income": NaN,
        "Net Income From Continuing And Discontinued Operation": NaN,
        "Total Expenses": NaN,
        "Total Operating Income As Reported": NaN,
        "Diluted Average Shares": NaN,
        "Basic Average Shares": NaN,
        "Diluted EPS": NaN,
        "Basic EPS": NaN,
        "Diluted NI Availto Com Stockholders": NaN,
        "Average Dilution Earnings": NaN,
        "Net Income Common Stockholders": NaN,
        "Net Income": NaN,
        "Net Income Including Noncontrolling Interests": NaN,
        "Net Income Discontinuous Operations": NaN,
        "Net Income Continuous Operations": NaN,
        "Tax Provision": NaN,
        "Pretax Income": NaN,
        "Other Income Expense": NaN,
        "Special Income Charges": NaN,
        "Other Special Charges": NaN,
        "Restructuring And Mergern Acquisition": NaN,
        "Gain On Sale Of Security": NaN,
        "Net Non Operating Interest Income Expense": NaN,
        "Interest Expense Non Operating": NaN,
        "Interest Income Non Operating": NaN,
        "Operating Income": NaN,
        "Operating Expense": NaN,
        "Depreciation Amortization Depletion Income Statement": NaN,
        "Depreciation And Amortization In Income Statement": NaN,
        "Research And Development": NaN,
        "Selling General And Administration": NaN,
        "Selling And Marketing Expense": NaN,
        "General And Administrative Expense": NaN,
        "Other Gand A": NaN,
        "Salaries And Wages": 1469106.0,
        "Gross Profit": NaN,
        "Cost Of Revenue": NaN,
        "Total Revenue": NaN,
        "Operating Revenue": NaN
    },
    "2023-09-30": {
        "Tax Effect Of Unusual Items": NaN,
        "Tax Rate For Calcs": NaN,
        "Normalized EBITDA": NaN,
        "Total Unusual Items": NaN,
        "Total Unusual Items Excluding Goodwill": NaN,
        "Net Income From Continuing Operation Net Minority Interest": NaN,
        "Reconciled Depreciation": NaN,
        "Reconciled Cost Of Revenue": NaN,
        "EBITDA": NaN,
        "EBIT": NaN,
        "Net Interest Income": NaN,
        "Interest Expense": NaN,
        "Interest Income": NaN,
        "Normalized Income": NaN,
        "Net Income From Continuing And Discontinued Operation": NaN,
        "Total Expenses": NaN,
        "Total Operating Income As Reported": NaN,
        "Diluted Average Shares": NaN,
        "Basic Average Shares": NaN,
        "Diluted EPS": NaN,
        "Basic EPS": NaN,
        "Diluted NI Availto Com Stockholders": NaN,
        "Average Dilution Earnings": 70127.0,
        "Net Income Common Stockholders": NaN,
        "Net Income": NaN,
        "Net Income Including Noncontrolling Interests": NaN,
        "Net Income Discontinuous Operations": NaN,
        "Net Income Continuous Operations": NaN,
        "Tax Provision": NaN,
        "Pretax Income": NaN,
        "Other Income Expense": NaN,
        "Special Income Charges": NaN,
        "Other Special Charges": NaN,
        "Restructuring And Mergern Acquisition": NaN,
        "Gain On Sale Of Security": NaN,
        "Net Non Operating Interest Income Expense": NaN,
        "Interest Expense Non Operating": NaN,
        "Interest Income Non Operating": NaN,
        "Operating Income": NaN,
        "Operating Expense": NaN,
        "Depreciation Amortization Depletion Income Statement": NaN,
        "Depreciation And Amortization In Income Statement": NaN,
        "Research And Development": NaN,
        "Selling General And Administration": NaN,
        "Selling And Marketing Expense": NaN,
        "General And Administrative Expense": NaN,
        "Other Gand A": NaN,
        "Gross Profit": NaN,
        "Cost Of Revenue": NaN,
        "Total Revenue": NaN,
        "Operating Revenue": NaN
    },
    "2023-12-31": {
        "Tax Effect Of Unusual Items": NaN,
        "Tax Rate For Calcs": NaN,
        "Normalized EBITDA": NaN,
        "Total Unusual Items": NaN,
        "Total Unusual Items Excluding Goodwill": NaN,
        "Net Income From Continuing Operation Net Minority Interest": NaN,
        "Reconciled Depreciation": NaN,
        "Reconciled Cost Of Revenue": NaN,
        "EBITDA": NaN,
        "EBIT": NaN,
        "Net Interest Income": NaN,
        "Interest Expense": NaN,
        "Interest Income": NaN,
        "Normalized Income": NaN,
        "Net Income From Continuing And Discontinued Operation": NaN,
        "Total Expenses": NaN,
        "Total Operating Income As Reported": NaN,
        "Diluted Average Shares": NaN,
        "Basic Average Shares": NaN,
        "Diluted EPS": NaN,
        "Basic EPS": NaN,
        "Diluted NI Availto Com Stockholders": NaN,
        "Average Dilution Earnings": NaN,
        "Net Income Common Stockholders": NaN,
        "Net Income": NaN,
        "Net Income Including Noncontrolling Interests": NaN,
        "Net Income Discontinuous Operations": 1769957.0,
        "Net Income Continuous Operations": NaN,
        "Tax Provision": NaN,
        "Pretax Income": NaN,
        "Other Income Expense": NaN,
        "Special Income Charges": NaN,
        "Other Special Charges": 0.0,
        "Restructuring And Mergern Acquisition": NaN,
        "Gain On Sale Of Security": -104.0,
        "Net Non Operating Interest Income Expense": NaN,
        "Interest Expense Non Operating": NaN,
        "Interest Income Non Operating": NaN,
        "Operating Income": NaN,
        "Operating Expense": NaN,
        "Depreciation Amortization Depletion Income Statement": NaN,
        "Depreciation And Amortization In Income Statement": NaN,
        "Research And Development": NaN,
        "Selling General And Administration": NaN,
        "Selling And Marketing Expense": NaN,
        "General And Administrative Expense": NaN,
        "Other Gand A": NaN,
        "Gross Profit": NaN,
        "Cost Of Revenue": NaN,
        "Total Revenue": NaN,
        "Operating Revenue": NaN
    },
    "2024-03-31": {
        "Tax Effect Of Unusual Items": NaN,
        "Tax Rate For Calcs": NaN,
        "Normalized EBITDA": NaN,
        "Total Unusual Items": NaN,
        "Total Unusual Items Excluding Goodwill": NaN,
        "Net Income From Continuing Operation Net Minority Interest": NaN,
        "Reconciled Depreciation": NaN,
        "Reconciled Cost Of Revenue": NaN,
        "EBITDA": NaN,
        "EBIT": NaN,
        "Net Interest Income": NaN,
        "Interest Expense": NaN,
        "Interest Income": NaN,
        "Normalized Income": NaN,
        "Net Income From Continuing And Discontinued Operation": NaN,
        "Total Expenses": NaN,
        "Total Operating Income As Reported": NaN,
        "Diluted Average Shares": 30999433.0,
        "Basic Average Shares": 30999433.0,
        "Diluted EPS": -0.04,
        "Basic EPS": -0.04,
        "Diluted NI Availto Com Stockholders": NaN,
        "Average Dilution Earnings": NaN,
        "Net Income Common Stockholders": NaN,
        "Net Income": NaN,
        "Net Income Including Noncontrolling Interests": NaN,
        "Net Income Discontinuous Operations": 0.0,
        "Net Income Continuous Operations": NaN,
        "Tax Provision": NaN,
        "Pretax Income": NaN,
        "Other Income Expense": -22884.0,
        "Special Income Charges": NaN,
        "Other Special Charges": 71609.0,
        "Restructuring And Mergern Acquisition": 0.0,
        "Gain On Sale Of Security": 48725.0,
        "Net Non Operating Interest Income Expense": NaN,
        "Interest Expense Non Operating": NaN,
        "Interest Income Non Operating": NaN,
        "Operating Income": NaN,
        "Operating Expense": NaN,
        "Depreciation Amortization Depletion Income Statement": NaN,
        "Depreciation And Amortization In Income Statement": NaN,
        "Research And Development": NaN,
        "Selling General And Administration": NaN,
        "Selling And Marketing Expense": NaN,
        "General And Administrative Expense": NaN,
        "Other Gand A": NaN,
        "Gross Profit": NaN,
        "Cost Of Revenue": NaN,
        "Total Revenue": NaN,
        "Operating Revenue": NaN
    },
    "2024-06-30": {
        "Tax Effect Of Unusual Items": -289322.25,
        "Tax Rate For Calcs": 0.21,
        "Normalized EBITDA": -960723.0,
        "Total Unusual Items": -1377725.0,
        "Total Unusual Items Excluding Goodwill": -1377725.0,
        "Net Income From Continuing Operation Net Minority Interest": -2553259.0,
        "Reconciled Depreciation": 13284.0,
        "Reconciled Cost Of Revenue": 1801523.0,
        "EBITDA": -2338448.0,
        "EBIT": -2351732.0,
        "Net Interest Income": 425010.0,
        "Interest Expense": 193306.0,
        "Interest Income": 618316.0,
        "Normalized Income": -1464856.25,
        "Net Income From Continuing And Discontinued Operation": -2553259.0,
        "Total Expenses": 6369424.0,
        "Total Operating Income As Reported": -2970478.0,
        "Diluted Average Shares": 31098497.0,
        "Basic Average Shares": 31098497.0,
        "Diluted EPS": -0.08,
        "Basic EPS": -0.08,
        "Diluted NI Availto Com Stockholders": -2553259.0,
        "Average Dilution Earnings": NaN,
        "Net Income Common Stockholders": -2553259.0,
        "Net Income": -2553259.0,
        "Net Income Including Noncontrolling Interests": -2553259.0,
        "Net Income Discontinuous Operations": 0.0,
        "Net Income Continuous Operations": -2553259.0,
        "Tax Provision": 8221.0,
        "Pretax Income": -2545038.0,
        "Other Income Expense": -1377725.0,
        "Special Income Charges": -1378155.0,
        "Other Special Charges": 942311.0,
        "Restructuring And Mergern Acquisition": 435844.0,
        "Gain On Sale Of Security": 430.0,
        "Net Non Operating Interest Income Expense": 425010.0,
        "Interest Expense Non Operating": 193306.0,
        "Interest Income Non Operating": 618316.0,
        "Operating Income": -1592323.0,
        "Operating Expense": 4562506.0,
        "Depreciation Amortization Depletion Income Statement": 7889.0,
        "Depreciation And Amortization In Income Statement": 7889.0,
        "Research And Development": 307201.0,
        "Selling General And Administration": 4247416.0,
        "Selling And Marketing Expense": 1017659.0,
        "General And Administrative Expense": 3229757.0,
        "Other Gand A": 3229757.0,
        "Gross Profit": 2970183.0,
        "Cost Of Revenue": 1806918.0,
        "Total Revenue": 4777101.0,
        "Operating Revenue": 4777101.0
    },
    "2024-09-30": {
        "Tax Effect Of Unusual Items": 9789.710768,
        "Tax Rate For Calcs": 0.3188,
        "Normalized EBITDA": -123835.0,
        "Total Unusual Items": 30708.0,
        "Total Unusual Items Excluding Goodwill": 30708.0,
        "Net Income From Continuing Operation Net Minority Interest": -204907.0,
        "Reconciled Depreciation": 12261.0,
        "Reconciled Cost Of Revenue": 1397288.0,
        "EBITDA": -93127.0,
        "EBIT": -105388.0,
        "Net Interest Income": 462924.0,
        "Interest Expense": 195415.0,
        "Interest Income": 658339.0,
        "Normalized Income": -225825.289232,
        "Net Income From Continuing And Discontinued Operation": -204907.0,
        "Total Expenses": 5480747.0,
        "Total Operating Income As Reported": -795829.0,
        "Diluted Average Shares": 31098180.0,
        "Basic Average Shares": 31098180.0,
        "Diluted EPS": -0.01,
        "Basic EPS": -0.01,
        "Diluted NI Availto Com Stockholders": -204907.0,
        "Average Dilution Earnings": 0.0,
        "Net Income Common Stockholders": -204907.0,
        "Net Income": -204907.0,
        "Net Income Including Noncontrolling Interests": -204907.0,
        "Net Income Discontinuous Operations": 0.0,
        "Net Income Continuous Operations": -204907.0,
        "Tax Provision": -95896.0,
        "Pretax Income": -300803.0,
        "Other Income Expense": 30708.0,
        "Special Income Charges": -1394.0,
        "Other Special Charges": 1394.0,
        "Restructuring And Mergern Acquisition": 0.0,
        "Gain On Sale Of Security": 32102.0,
        "Net Non Operating Interest Income Expense": 462924.0,
        "Interest Expense Non Operating": 195415.0,
        "Interest Income Non Operating": 658339.0,
        "Operating Income": -794435.0,
        "Operating Expense": 4077827.0,
        "Depreciation Amortization Depletion Income Statement": 6629.0,
        "Depreciation And Amortization In Income Statement": 6629.0,
        "Research And Development": 291962.0,
        "Selling General And Administration": 3779236.0,
        "Selling And Marketing Expense": 956983.0,
        "General And Administrative Expense": 2822253.0,
        "Other Gand A": 2822253.0,
        "Gross Profit": 3283392.0,
        "Cost Of Revenue": 1402920.0,
        "Total Revenue": 4686312.0,
        "Operating Revenue": 4686312.0
    },
    "2024-12-31": {
        "Tax Effect Of Unusual Items": 221433.031154,
        "Tax Rate For Calcs": 0.205696,
        "Normalized EBITDA": -658159.0,
        "Total Unusual Items": 1076505.0,
        "Total Unusual Items Excluding Goodwill": 1076505.0,
        "Net Income From Continuing Operation Net Minority Interest": 199711.0,
        "Reconciled Depreciation": 45668.0,
        "Reconciled Cost Of Revenue": 2415284.0,
        "EBITDA": 418346.0,
        "EBIT": 372678.0,
        "Net Interest Income": 349200.0,
        "Interest Expense": 121249.0,
        "Interest Income": 470449.0,
        "Normalized Income": -655360.968846,
        "Net Income From Continuing And Discontinued Operation": 199711.0,
        "Total Expenses": 6986748.0,
        "Total Operating Income As Reported": -1448304.0,
        "Diluted Average Shares": NaN,
        "Basic Average Shares": NaN,
        "Diluted EPS": NaN,
        "Basic EPS": NaN,
        "Diluted NI Availto Com Stockholders": 199711.0,
        "Average Dilution Earnings": 0.0,
        "Net Income Common Stockholders": 199711.0,
        "Net Income": 199711.0,
        "Net Income Including Noncontrolling Interests": 199711.0,
        "Net Income Discontinuous Operations": 0.0,
        "Net Income Continuous Operations": 199711.0,
        "Tax Provision": 51718.0,
        "Pretax Income": 251429.0,
        "Other Income Expense": 1076505.0,
        "Special Income Charges": 1076505.0,
        "Other Special Charges": -628418.0,
        "Restructuring And Mergern Acquisition": -448087.0,
        "Gain On Sale Of Security": 0.0,
        "Net Non Operating Interest Income Expense": 349200.0,
        "Interest Expense Non Operating": 121249.0,
        "Interest Income Non Operating": 470449.0,
        "Operating Income": -1174276.0,
        "Operating Expense": 4565780.0,
        "Depreciation Amortization Depletion Income Statement": 39984.0,
        "Depreciation And Amortization In Income Statement": 39984.0,
        "Research And Development": 455693.0,
        "Selling General And Administration": 4070103.0,
        "Selling And Marketing Expense": 1304506.0,
        "General And Administrative Expense": 2765597.0,
        "Other Gand A": 2765597.0,
        "Gross Profit": 3391504.0,
        "Cost Of Revenue": 2420968.0,
        "Total Revenue": 5812472.0,
        "Operating Revenue": 5812472.0
    },
    "2025-03-31": {
        "Tax Effect Of Unusual Items": 0.0,
        "Tax Rate For Calcs": 0.21,
        "Normalized EBITDA": -1008964.0,
        "Total Unusual Items": 0.0,
        "Total Unusual Items Excluding Goodwill": 0.0,
        "Net Income From Continuing Operation Net Minority Interest": -1125862.0,
        "Reconciled Depreciation": 56853.0,
        "Reconciled Cost Of Revenue": 3125870.0,
        "EBITDA": -1008964.0,
        "EBIT": -1065817.0,
        "Net Interest Income": 276170.0,
        "Interest Expense": 52678.0,
        "Interest Income": 328848.0,
        "Normalized Income": -1125862.0,
        "Net Income From Continuing And Discontinued Operation": -1125862.0,
        "Total Expenses": 8450781.0,
        "Total Operating Income As Reported": -1394665.0,
        "Diluted Average Shares": 31123075.0,
        "Basic Average Shares": 31123075.0,
        "Diluted EPS": -0.04,
        "Basic EPS": -0.04,
        "Diluted NI Availto Com Stockholders": -1125862.0,
        "Average Dilution Earnings": NaN,
        "Net Income Common Stockholders": -1125862.0,
        "Net Income": -1125862.0,
        "Net Income Including Noncontrolling Interests": -1125862.0,
        "Net Income Discontinuous Operations": NaN,
        "Net Income Continuous Operations": -1125862.0,
        "Tax Provision": 7367.0,
        "Pretax Income": -1118495.0,
        "Other Income Expense": NaN,
        "Special Income Charges": 0.0,
        "Other Special Charges": NaN,
        "Restructuring And Mergern Acquisition": NaN,
        "Gain On Sale Of Security": NaN,
        "Net Non Operating Interest Income Expense": 276170.0,
        "Interest Expense Non Operating": 52678.0,
        "Interest Income Non Operating": 328848.0,
        "Operating Income": -1394665.0,
        "Operating Expense": 5319159.0,
        "Depreciation Amortization Depletion Income Statement": 51101.0,
        "Depreciation And Amortization In Income Statement": 51101.0,
        "Research And Development": 606237.0,
        "Selling General And Administration": 4661821.0,
        "Selling And Marketing Expense": 1382727.0,
        "General And Administrative Expense": 3279094.0,
        "Other Gand A": 3279094.0,
        "Gross Profit": 3924494.0,
        "Cost Of Revenue": 3131622.0,
        "Total Revenue": 7056116.0,
        "Operating Revenue": 7056116.0
    },
    "2025-06-30": {
        "Tax Effect Of Unusual Items": -2086.434723,
        "Tax Rate For Calcs": 0.339534,
        "Normalized EBITDA": 458359.0,
        "Total Unusual Items": -6145.0,
        "Total Unusual Items Excluding Goodwill": -6145.0,
        "Net Income From Continuing Operation Net Minority Interest": 224793.0,
        "Reconciled Depreciation": 58170.0,
        "Reconciled Cost Of Revenue": 3222349.0,
        "EBITDA": 452214.0,
        "EBIT": 394044.0,
        "Net Interest Income": 294279.0,
        "Interest Expense": 53689.0,
        "Interest Income": 347968.0,
        "Normalized Income": 228851.565277,
        "Net Income From Continuing And Discontinued Operation": 224793.0,
        "Total Expenses": 7423919.0,
        "Total Operating Income As Reported": 46076.0,
        "Diluted Average Shares": 31293644.0,
        "Basic Average Shares": 31202312.0,
        "Diluted EPS": 0.01,
        "Basic EPS": 0.01,
        "Diluted NI Availto Com Stockholders": 224793.0,
        "Average Dilution Earnings": NaN,
        "Net Income Common Stockholders": 224793.0,
        "Net Income": 224793.0,
        "Net Income Including Noncontrolling Interests": 224793.0,
        "Net Income Discontinuous Operations": NaN,
        "Net Income Continuous Operations": 224793.0,
        "Tax Provision": 115562.0,
        "Pretax Income": 340355.0,
        "Other Income Expense": -6145.0,
        "Special Income Charges": -6145.0,
        "Other Special Charges": NaN,
        "Restructuring And Mergern Acquisition": 6145.0,
        "Gain On Sale Of Security": NaN,
        "Net Non Operating Interest Income Expense": 294279.0,
        "Interest Expense Non Operating": 53689.0,
        "Interest Income Non Operating": 347968.0,
        "Operating Income": 52221.0,
        "Operating Expense": 4195750.0,
        "Depreciation Amortization Depletion Income Statement": 52350.0,
        "Depreciation And Amortization In Income Statement": 52350.0,
        "Research And Development": 675731.0,
        "Selling General And Administration": 3467669.0,
        "Selling And Marketing Expense": 1495710.0,
        "General And Administrative Expense": 1971959.0,
        "Other Gand A": 1971959.0,
        "Gross Profit": 4247971.0,
        "Cost Of Revenue": 3228169.0,
        "Total Revenue": 7476140.0,
        "Operating Revenue": 7476140.0
    }
}