{
    "2023-03-31": {
        "Tax Effect Of Unusual Items": NaN,
        "Tax Rate For Calcs": NaN,
        "Normalized EBITDA": NaN,
        "Total Unusual Items": NaN,
        "Total Unusual Items Excluding Goodwill": NaN,
        "Net Income From Continuing Operation Net Minority Interest": NaN,
        "Reconciled Depreciation": NaN,
        "EBITDA": NaN,
        "EBIT": NaN,
        "Net Interest Income": NaN,
        "Interest Expense": NaN,
        "Interest Income": NaN,
        "Normalized Income": NaN,
        "Net Income From Continuing And Discontinued Operation": NaN,
        "Total Expenses": NaN,
        "Diluted Average Shares": NaN,
        "Basic Average Shares": NaN,
        "Diluted EPS": NaN,
        "Basic EPS": NaN,
        "Diluted NI Availto Com Stockholders": NaN,
        "Net Income Common Stockholders": NaN,
        "Net Income": NaN,
        "Minority Interests": NaN,
        "Net Income Including Noncontrolling Interests": NaN,
        "Net Income Continuous Operations": NaN,
        "Tax Provision": NaN,
        "Pretax Income": NaN,
        "Other Income Expense": NaN,
        "Other Non Operating Income Expenses": NaN,
        "Special Income Charges": NaN,
        "Gain On Sale Of Ppe": 0.0,
        "Other Special Charges": NaN,
        "Restructuring And Mergern Acquisition": 43000000.0,
        "Earnings From Equity Interest": NaN,
        "Gain On Sale Of Security": NaN,
        "Net Non Operating Interest Income Expense": NaN,
        "Interest Expense Non Operating": NaN,
        "Interest Income Non Operating": NaN,
        "Operating Income": NaN,
        "Operating Expense": NaN,
        "Other Operating Expenses": NaN,
        "Depreciation Amortization Depletion Income Statement": NaN,
        "Depreciation And Amortization In Income Statement": NaN,
        "Selling General And Administration": NaN,
        "Total Revenue": NaN,
        "Operating Revenue": NaN
    },
    "2022-12-31": {
        "Tax Effect Of Unusual Items": NaN,
        "Tax Rate For Calcs": NaN,
        "Normalized EBITDA": NaN,
        "Total Unusual Items": NaN,
        "Total Unusual Items Excluding Goodwill": NaN,
        "Net Income From Continuing Operation Net Minority Interest": NaN,
        "Reconciled Depreciation": NaN,
        "EBITDA": NaN,
        "EBIT": NaN,
        "Net Interest Income": NaN,
        "Interest Expense": NaN,
        "Interest Income": NaN,
        "Normalized Income": NaN,
        "Net Income From Continuing And Discontinued Operation": NaN,
        "Total Expenses": NaN,
        "Diluted Average Shares": NaN,
        "Basic Average Shares": NaN,
        "Diluted EPS": NaN,
        "Basic EPS": NaN,
        "Diluted NI Availto Com Stockholders": NaN,
        "Net Income Common Stockholders": NaN,
        "Otherunder Preferred Stock Dividend": 8000000.0,
        "Net Income": NaN,
        "Minority Interests": NaN,
        "Net Income Including Noncontrolling Interests": NaN,
        "Net Income Continuous Operations": NaN,
        "Tax Provision": NaN,
        "Pretax Income": NaN,
        "Other Income Expense": NaN,
        "Other Non Operating Income Expenses": NaN,
        "Special Income Charges": NaN,
        "Gain On Sale Of Ppe": NaN,
        "Other Special Charges": NaN,
        "Restructuring And Mergern Acquisition": NaN,
        "Gain On Sale Of Security": NaN,
        "Net Non Operating Interest Income Expense": NaN,
        "Interest Expense Non Operating": NaN,
        "Interest Income Non Operating": NaN,
        "Operating Income": NaN,
        "Operating Expense": NaN,
        "Other Operating Expenses": NaN,
        "Depreciation Amortization Depletion Income Statement": NaN,
        "Depreciation And Amortization In Income Statement": NaN,
        "Selling General And Administration": NaN,
        "General And Administrative Expense": 550000000.0,
        "Other Gand A": 550000000.0,
        "Total Revenue": NaN,
        "Operating Revenue": NaN
    },
    "2022-09-30": {
        "Tax Effect Of Unusual Items": 5670000.0,
        "Tax Rate For Calcs": 0.27,
        "Normalized EBITDA": 1010000000.0,
        "Total Unusual Items": 21000000.0,
        "Total Unusual Items Excluding Goodwill": 21000000.0,
        "Net Income From Continuing Operation Net Minority Interest": 605000000.0,
        "Reconciled Depreciation": 99000000.0,
        "EBITDA": 1031000000.0,
        "EBIT": 932000000.0,
        "Net Interest Income": -68000000.0,
        "Interest Expense": 87000000.0,
        "Interest Income": 19000000.0,
        "Normalized Income": 589670000.0,
        "Net Income From Continuing And Discontinued Operation": 605000000.0,
        "Total Expenses": 2203000000.0,
        "Diluted Average Shares": 552000000.0,
        "Basic Average Shares": 550000000.0,
        "Diluted EPS": 1.1,
        "Basic EPS": 1.1,
        "Diluted NI Availto Com Stockholders": 605000000.0,
        "Net Income Common Stockholders": 605000000.0,
        "Otherunder Preferred Stock Dividend": NaN,
        "Net Income": 605000000.0,
        "Minority Interests": -8000000.0,
        "Net Income Including Noncontrolling Interests": 613000000.0,
        "Net Income Continuous Operations": 613000000.0,
        "Tax Provision": 232000000.0,
        "Pretax Income": 845000000.0,
        "Other Income Expense": -76000000.0,
        "Other Non Operating Income Expenses": -97000000.0,
        "Special Income Charges": NaN,
        "Other Special Charges": NaN,
        "Write Off": NaN,
        "Gain On Sale Of Security": 21000000.0,
        "Net Non Operating Interest Income Expense": -68000000.0,
        "Interest Expense Non Operating": 87000000.0,
        "Interest Income Non Operating": 19000000.0,
        "Operating Income": 989000000.0,
        "Operating Expense": 2203000000.0,
        "Other Operating Expenses": 1656000000.0,
        "Depreciation Amortization Depletion Income Statement": 99000000.0,
        "Depreciation And Amortization In Income Statement": 99000000.0,
        "Selling General And Administration": 448000000.0,
        "General And Administrative Expense": NaN,
        "Other Gand A": NaN,
        "Total Revenue": 3192000000.0,
        "Operating Revenue": 2931000000.0
    },
    "2022-06-30": {
        "Tax Effect Of Unusual Items": 0.0,
        "Tax Rate For Calcs": 0.310962,
        "Normalized EBITDA": 632000000.0,
        "Total Unusual Items": 0.0,
        "Total Unusual Items Excluding Goodwill": 0.0,
        "Net Income From Continuing Operation Net Minority Interest": 306000000.0,
        "Reconciled Depreciation": 99000000.0,
        "EBITDA": 632000000.0,
        "EBIT": 533000000.0,
        "Net Interest Income": -86000000.0,
        "Interest Expense": 86000000.0,
        "Interest Income": NaN,
        "Normalized Income": 306000000.0,
        "Net Income From Continuing And Discontinued Operation": 306000000.0,
        "Total Expenses": 2366000000.0,
        "Diluted Average Shares": 561000000.0,
        "Basic Average Shares": 557000000.0,
        "Diluted EPS": 0.55,
        "Basic EPS": 0.55,
        "Diluted NI Availto Com Stockholders": 306000000.0,
        "Net Income Common Stockholders": 306000000.0,
        "Otherunder Preferred Stock Dividend": NaN,
        "Net Income": 306000000.0,
        "Minority Interests": -2000000.0,
        "Net Income Including Noncontrolling Interests": 308000000.0,
        "Net Income Continuous Operations": 308000000.0,
        "Tax Provision": 139000000.0,
        "Pretax Income": 447000000.0,
        "Other Income Expense": -134000000.0,
        "Other Non Operating Income Expenses": -134000000.0,
        "Special Income Charges": 0.0,
        "Other Special Charges": NaN,
        "Write Off": 0.0,
        "Gain On Sale Of Security": -93000000.0,
        "Net Non Operating Interest Income Expense": -86000000.0,
        "Interest Expense Non Operating": 86000000.0,
        "Interest Income Non Operating": NaN,
        "Operating Income": 667000000.0,
        "Operating Expense": 2366000000.0,
        "Other Operating Expenses": 1715000000.0,
        "Depreciation Amortization Depletion Income Statement": 99000000.0,
        "Depreciation And Amortization In Income Statement": 99000000.0,
        "Selling General And Administration": 552000000.0,
        "General And Administrative Expense": NaN,
        "Other Gand A": NaN,
        "Total Revenue": 3033000000.0,
        "Operating Revenue": 2781000000.0
    },
    "2022-03-31": {
        "Diluted EPS": 0.5,
        "Total Revenue": NaN,
        "Gross Profit": NaN,
        "Operating Income": 714,
        "EBIT": 811,
        "Net Income": 283
    },
    "2021-12-31": {
        "Diluted EPS": -0.15,
        "Total Revenue": NaN,
        "Gross Profit": 774,
        "Operating Income": 213,
        "EBIT": 310,
        "Net Income": -85
    },
    "2021-09-30": {
        "Diluted EPS": 1.21,
        "Total Revenue": NaN,
        "Gross Profit": NaN,
        "Operating Income": 980,
        "EBIT": NaN,
        "Net Income": 701
    },
    "2021-06-30": {
        "Diluted EPS": 0.45,
        "Total Revenue": NaN,
        "Gross Profit": NaN,
        "Operating Income": 628,
        "EBIT": 717,
        "Net Income": 253
    },
    "2021-03-31": {
        "Diluted EPS": 0.96,
        "Total Revenue": NaN,
        "Gross Profit": NaN,
        "Operating Income": 815,
        "EBIT": 899,
        "Net Income": 567
    },
    "2020-12-31": {
        "Diluted EPS": 0.37,
        "Total Revenue": NaN,
        "Gross Profit": 741,
        "Operating Income": 229,
        "EBIT": 305,
        "Net Income": 224
    },
    "2020-09-30": {
        "Diluted EPS": 1.83,
        "Total Revenue": NaN,
        "Gross Profit": NaN,
        "Operating Income": NaN,
        "EBIT": NaN,
        "Net Income": NaN
    },
    "2020-06-30": {
        "Diluted EPS": 0.21,
        "Total Revenue": NaN,
        "Gross Profit": NaN,
        "Operating Income": 643,
        "EBIT": 742,
        "Net Income": 122
    },
    "2020-03-31": {
        "Diluted EPS": 0.13,
        "Total Revenue": NaN,
        "Gross Profit": NaN,
        "Operating Income": 858,
        "EBIT": 920,
        "Net Income": 78
    },
    "2019-12-31": {
        "Diluted EPS": 0.48,
        "Total Revenue": NaN,
        "Gross Profit": 687,
        "Operating Income": 199,
        "EBIT": 261,
        "Net Income": 300
    },
    "2019-09-30": {
        "Diluted EPS": 0.8,
        "Total Revenue": NaN,
        "Gross Profit": NaN,
        "Operating Income": 797,
        "EBIT": 856,
        "Net Income": 499
    },
    "2019-06-30": {
        "Diluted EPS": 0.74,
        "Total Revenue": NaN,
        "Gross Profit": NaN,
        "Operating Income": 640,
        "EBIT": 709,
        "Net Income": 454
    },
    "2019-03-31": {
        "Diluted EPS": 0.85,
        "Total Revenue": NaN,
        "Gross Profit": NaN,
        "Operating Income": 698,
        "EBIT": 766,
        "Net Income": 529
    },
    "2018-12-31": {
        "Diluted EPS": 0.01,
        "Total Revenue": NaN,
        "Gross Profit": 765,
        "Operating Income": 385,
        "EBIT": 445,
        "Net Income": 8
    },
    "2018-09-30": {
        "Diluted EPS": 0.97,
        "Total Revenue": NaN,
        "Gross Profit": NaN,
        "Operating Income": 708,
        "EBIT": 761,
        "Net Income": 604
    },
    "2018-06-30": {
        "Diluted EPS": 0.0,
        "Total Revenue": NaN,
        "Gross Profit": NaN,
        "Operating Income": NaN,
        "EBIT": NaN,
        "Net Income": NaN
    },
    "2018-03-31": {
        "Diluted EPS": 0.74,
        "Total Revenue": NaN,
        "Gross Profit": NaN,
        "Operating Income": 652,
        "EBIT": 706,
        "Net Income": 457
    },
    "2017-12-31": {
        "Diluted EPS": 0.0,
        "Total Revenue": NaN,
        "Gross Profit": 762,
        "Operating Income": 411,
        "EBIT": 411,
        "Net Income": 869
    },
    "2017-06-30": {
        "Diluted EPS": 0.0,
        "Total Revenue": NaN,
        "Gross Profit": NaN,
        "Operating Income": NaN,
        "EBIT": NaN,
        "Net Income": NaN
    },
    "2023-06-30": {
        "Tax Effect Of Unusual Items": NaN,
        "Tax Rate For Calcs": NaN,
        "Normalized EBITDA": NaN,
        "Total Unusual Items": NaN,
        "Total Unusual Items Excluding Goodwill": NaN,
        "Net Income From Continuing Operation Net Minority Interest": NaN,
        "Reconciled Depreciation": NaN,
        "EBITDA": NaN,
        "EBIT": NaN,
        "Net Interest Income": NaN,
        "Interest Expense": NaN,
        "Interest Income": NaN,
        "Normalized Income": NaN,
        "Net Income From Continuing And Discontinued Operation": NaN,
        "Total Expenses": NaN,
        "Diluted Average Shares": 506000000.0,
        "Basic Average Shares": 506000000.0,
        "Diluted EPS": 0.74,
        "Basic EPS": 0.74,
        "Diluted NI Availto Com Stockholders": NaN,
        "Net Income Common Stockholders": NaN,
        "Net Income": NaN,
        "Minority Interests": NaN,
        "Net Income Including Noncontrolling Interests": NaN,
        "Net Income Continuous Operations": NaN,
        "Tax Provision": NaN,
        "Pretax Income": NaN,
        "Other Income Expense": NaN,
        "Other Non Operating Income Expenses": NaN,
        "Special Income Charges": NaN,
        "Gain On Sale Of Ppe": NaN,
        "Other Special Charges": NaN,
        "Restructuring And Mergern Acquisition": NaN,
        "Earnings From Equity Interest": NaN,
        "Gain On Sale Of Security": NaN,
        "Net Non Operating Interest Income Expense": NaN,
        "Interest Expense Non Operating": NaN,
        "Interest Income Non Operating": NaN,
        "Operating Income": NaN,
        "Operating Expense": NaN,
        "Other Operating Expenses": NaN,
        "Depreciation Amortization Depletion Income Statement": NaN,
        "Depreciation And Amortization In Income Statement": NaN,
        "Selling General And Administration": NaN,
        "Total Revenue": NaN,
        "Operating Revenue": NaN
    },
    "2023-09-30": {
        "Tax Effect Of Unusual Items": NaN,
        "Tax Rate For Calcs": NaN,
        "Normalized EBITDA": NaN,
        "Total Unusual Items": NaN,
        "Total Unusual Items Excluding Goodwill": NaN,
        "Net Income From Continuing Operation Net Minority Interest": NaN,
        "Reconciled Depreciation": NaN,
        "EBITDA": NaN,
        "EBIT": NaN,
        "Net Interest Income": NaN,
        "Interest Expense": NaN,
        "Interest Income": NaN,
        "Normalized Income": NaN,
        "Net Income From Continuing And Discontinued Operation": NaN,
        "Total Expenses": NaN,
        "Diluted Average Shares": NaN,
        "Basic Average Shares": NaN,
        "Diluted EPS": NaN,
        "Basic EPS": NaN,
        "Diluted NI Availto Com Stockholders": NaN,
        "Net Income Common Stockholders": NaN,
        "Net Income": NaN,
        "Minority Interests": NaN,
        "Net Income Including Noncontrolling Interests": NaN,
        "Net Income Continuous Operations": NaN,
        "Tax Provision": NaN,
        "Pretax Income": NaN,
        "Other Income Expense": NaN,
        "Other Non Operating Income Expenses": NaN,
        "Special Income Charges": NaN,
        "Gain On Sale Of Ppe": NaN,
        "Other Special Charges": NaN,
        "Restructuring And Mergern Acquisition": NaN,
        "Earnings From Equity Interest": 1000000.0,
        "Gain On Sale Of Security": NaN,
        "Net Non Operating Interest Income Expense": NaN,
        "Interest Expense Non Operating": NaN,
        "Interest Income Non Operating": NaN,
        "Operating Income": NaN,
        "Operating Expense": NaN,
        "Other Operating Expenses": NaN,
        "Depreciation Amortization Depletion Income Statement": NaN,
        "Depreciation And Amortization In Income Statement": NaN,
        "Selling General And Administration": NaN,
        "Total Revenue": NaN,
        "Operating Revenue": NaN
    },
    "2023-12-31": {
        "Tax Effect Of Unusual Items": NaN,
        "Tax Rate For Calcs": NaN,
        "Normalized EBITDA": NaN,
        "Total Unusual Items": NaN,
        "Total Unusual Items Excluding Goodwill": NaN,
        "Net Income From Continuing Operation Net Minority Interest": NaN,
        "Reconciled Depreciation": NaN,
        "EBITDA": NaN,
        "EBIT": NaN,
        "Net Interest Income": NaN,
        "Interest Expense": NaN,
        "Interest Income": NaN,
        "Normalized Income": NaN,
        "Net Income From Continuing And Discontinued Operation": NaN,
        "Total Expenses": NaN,
        "Diluted Average Shares": NaN,
        "Basic Average Shares": NaN,
        "Diluted EPS": NaN,
        "Basic EPS": NaN,
        "Diluted NI Availto Com Stockholders": NaN,
        "Net Income Common Stockholders": NaN,
        "Net Income": NaN,
        "Minority Interests": NaN,
        "Net Income Including Noncontrolling Interests": NaN,
        "Net Income Continuous Operations": NaN,
        "Tax Provision": NaN,
        "Pretax Income": NaN,
        "Other Income Expense": NaN,
        "Other Non Operating Income Expenses": NaN,
        "Special Income Charges": NaN,
        "Gain On Sale Of Ppe": NaN,
        "Other Special Charges": NaN,
        "Restructuring And Mergern Acquisition": NaN,
        "Earnings From Equity Interest": 1000000.0,
        "Gain On Sale Of Security": NaN,
        "Net Non Operating Interest Income Expense": NaN,
        "Interest Expense Non Operating": NaN,
        "Interest Income Non Operating": NaN,
        "Operating Income": NaN,
        "Operating Expense": NaN,
        "Other Operating Expenses": NaN,
        "Depreciation Amortization Depletion Income Statement": NaN,
        "Depreciation And Amortization In Income Statement": NaN,
        "Selling General And Administration": NaN,
        "Total Revenue": NaN,
        "Operating Revenue": NaN
    },
    "2024-03-31": {
        "Tax Effect Of Unusual Items": NaN,
        "Tax Rate For Calcs": NaN,
        "Normalized EBITDA": NaN,
        "Total Unusual Items": NaN,
        "Total Unusual Items Excluding Goodwill": NaN,
        "Net Income From Continuing Operation Net Minority Interest": NaN,
        "Reconciled Depreciation": NaN,
        "EBITDA": NaN,
        "EBIT": NaN,
        "Net Interest Income": NaN,
        "Interest Expense": NaN,
        "Interest Income": NaN,
        "Normalized Income": NaN,
        "Net Income From Continuing And Discontinued Operation": NaN,
        "Total Expenses": NaN,
        "Diluted Average Shares": NaN,
        "Basic Average Shares": NaN,
        "Diluted EPS": NaN,
        "Basic EPS": NaN,
        "Diluted NI Availto Com Stockholders": NaN,
        "Net Income Common Stockholders": NaN,
        "Net Income": NaN,
        "Minority Interests": NaN,
        "Net Income Including Noncontrolling Interests": NaN,
        "Net Income Continuous Operations": NaN,
        "Tax Provision": NaN,
        "Pretax Income": NaN,
        "Other Income Expense": NaN,
        "Other Non Operating Income Expenses": NaN,
        "Special Income Charges": NaN,
        "Gain On Sale Of Ppe": 167000000.0,
        "Other Special Charges": NaN,
        "Restructuring And Mergern Acquisition": NaN,
        "Earnings From Equity Interest": NaN,
        "Gain On Sale Of Security": NaN,
        "Net Non Operating Interest Income Expense": NaN,
        "Interest Expense Non Operating": NaN,
        "Interest Income Non Operating": NaN,
        "Operating Income": NaN,
        "Operating Expense": NaN,
        "Other Operating Expenses": NaN,
        "Depreciation Amortization Depletion Income Statement": NaN,
        "Depreciation And Amortization In Income Statement": NaN,
        "Selling General And Administration": NaN,
        "Total Revenue": NaN,
        "Operating Revenue": NaN
    },
    "2024-06-30": {
        "Tax Effect Of Unusual Items": NaN,
        "Tax Rate For Calcs": NaN,
        "Normalized EBITDA": NaN,
        "Total Unusual Items": NaN,
        "Total Unusual Items Excluding Goodwill": NaN,
        "Net Income From Continuing Operation Net Minority Interest": NaN,
        "Reconciled Depreciation": NaN,
        "EBITDA": NaN,
        "EBIT": NaN,
        "Net Interest Income": NaN,
        "Interest Expense": NaN,
        "Interest Income": NaN,
        "Normalized Income": NaN,
        "Net Income From Continuing And Discontinued Operation": NaN,
        "Total Expenses": NaN,
        "Diluted Average Shares": NaN,
        "Basic Average Shares": NaN,
        "Diluted EPS": NaN,
        "Basic EPS": NaN,
        "Diluted NI Availto Com Stockholders": NaN,
        "Net Income Common Stockholders": NaN,
        "Net Income": NaN,
        "Minority Interests": NaN,
        "Net Income Including Noncontrolling Interests": NaN,
        "Net Income Continuous Operations": NaN,
        "Tax Provision": NaN,
        "Pretax Income": NaN,
        "Other Income Expense": NaN,
        "Other Non Operating Income Expenses": NaN,
        "Special Income Charges": NaN,
        "Gain On Sale Of Ppe": -1000000.0,
        "Other Special Charges": NaN,
        "Restructuring And Mergern Acquisition": NaN,
        "Earnings From Equity Interest": NaN,
        "Gain On Sale Of Security": NaN,
        "Net Non Operating Interest Income Expense": NaN,
        "Interest Expense Non Operating": NaN,
        "Interest Income Non Operating": NaN,
        "Operating Income": NaN,
        "Operating Expense": NaN,
        "Other Operating Expenses": NaN,
        "Depreciation Amortization Depletion Income Statement": NaN,
        "Depreciation And Amortization In Income Statement": NaN,
        "Selling General And Administration": NaN,
        "Total Revenue": NaN,
        "Operating Revenue": NaN
    },
    "2024-09-30": {
        "Tax Effect Of Unusual Items": 52500000.0,
        "Tax Rate For Calcs": 0.25,
        "Normalized EBITDA": 1096000000.0,
        "Total Unusual Items": 210000000.0,
        "Total Unusual Items Excluding Goodwill": 210000000.0,
        "Net Income From Continuing Operation Net Minority Interest": 827000000.0,
        "Reconciled Depreciation": 91000000.0,
        "EBITDA": 1306000000.0,
        "EBIT": 1215000000.0,
        "Net Interest Income": -50000000.0,
        "Interest Expense": 102000000.0,
        "Interest Income": 52000000.0,
        "Normalized Income": 669500000.0,
        "Net Income From Continuing And Discontinued Operation": 827000000.0,
        "Total Expenses": 2611000000.0,
        "Diluted Average Shares": 464000000.0,
        "Basic Average Shares": 464000000.0,
        "Diluted EPS": 1.78,
        "Basic EPS": 1.78,
        "Diluted NI Availto Com Stockholders": 827000000.0,
        "Net Income Common Stockholders": 827000000.0,
        "Net Income": 827000000.0,
        "Minority Interests": -5000000.0,
        "Net Income Including Noncontrolling Interests": 832000000.0,
        "Net Income Continuous Operations": 832000000.0,
        "Tax Provision": 281000000.0,
        "Pretax Income": 1113000000.0,
        "Other Income Expense": 210000000.0,
        "Other Non Operating Income Expenses": -3000000.0,
        "Special Income Charges": -26000000.0,
        "Gain On Sale Of Ppe": NaN,
        "Other Special Charges": 18000000.0,
        "Restructuring And Mergern Acquisition": 8000000.0,
        "Earnings From Equity Interest": 3000000.0,
        "Gain On Sale Of Security": 236000000.0,
        "Net Non Operating Interest Income Expense": -50000000.0,
        "Interest Expense Non Operating": 102000000.0,
        "Interest Income Non Operating": 52000000.0,
        "Operating Income": 953000000.0,
        "Operating Expense": 2611000000.0,
        "Other Operating Expenses": 2018000000.0,
        "Depreciation Amortization Depletion Income Statement": 91000000.0,
        "Depreciation And Amortization In Income Statement": 91000000.0,
        "Selling General And Administration": 502000000.0,
        "Total Revenue": 3564000000.0,
        "Operating Revenue": 3197000000.0
    },
    "2024-12-31": {
        "Tax Effect Of Unusual Items": -21750000.0,
        "Tax Rate For Calcs": 0.25,
        "Normalized EBITDA": 816000000.0,
        "Total Unusual Items": -87000000.0,
        "Total Unusual Items Excluding Goodwill": -87000000.0,
        "Net Income From Continuing Operation Net Minority Interest": 373000000.0,
        "Reconciled Depreciation": 97000000.0,
        "EBITDA": 729000000.0,
        "EBIT": 632000000.0,
        "Net Interest Income": -80000000.0,
        "Interest Expense": 117000000.0,
        "Interest Income": 37000000.0,
        "Normalized Income": 438250000.0,
        "Net Income From Continuing And Discontinued Operation": 373000000.0,
        "Total Expenses": 4398000000.0,
        "Diluted Average Shares": 462000000.0,
        "Basic Average Shares": 462000000.0,
        "Diluted EPS": 0.81,
        "Basic EPS": 0.81,
        "Diluted NI Availto Com Stockholders": 373000000.0,
        "Net Income Common Stockholders": 373000000.0,
        "Net Income": 373000000.0,
        "Minority Interests": -15000000.0,
        "Net Income Including Noncontrolling Interests": 388000000.0,
        "Net Income Continuous Operations": 388000000.0,
        "Tax Provision": 127000000.0,
        "Pretax Income": 515000000.0,
        "Other Income Expense": -85000000.0,
        "Other Non Operating Income Expenses": -2000000.0,
        "Special Income Charges": -170000000.0,
        "Gain On Sale Of Ppe": NaN,
        "Other Special Charges": 167000000.0,
        "Restructuring And Mergern Acquisition": 3000000.0,
        "Earnings From Equity Interest": 4000000.0,
        "Gain On Sale Of Security": 83000000.0,
        "Net Non Operating Interest Income Expense": -80000000.0,
        "Interest Expense Non Operating": 117000000.0,
        "Interest Income Non Operating": 37000000.0,
        "Operating Income": 680000000.0,
        "Operating Expense": 4398000000.0,
        "Other Operating Expenses": 3776000000.0,
        "Depreciation Amortization Depletion Income Statement": 97000000.0,
        "Depreciation And Amortization In Income Statement": 97000000.0,
        "Selling General And Administration": 525000000.0,
        "Total Revenue": 5078000000.0,
        "Operating Revenue": 4322000000.0
    },
    "2025-03-31": {
        "Tax Effect Of Unusual Items": -52500000.0,
        "Tax Rate For Calcs": 0.25,
        "Normalized EBITDA": 873000000.0,
        "Total Unusual Items": -210000000.0,
        "Total Unusual Items Excluding Goodwill": -210000000.0,
        "Net Income From Continuing Operation Net Minority Interest": 346000000.0,
        "Reconciled Depreciation": 95000000.0,
        "EBITDA": 663000000.0,
        "EBIT": 568000000.0,
        "Net Interest Income": -55000000.0,
        "Interest Expense": 94000000.0,
        "Interest Income": 39000000.0,
        "Normalized Income": 503500000.0,
        "Net Income From Continuing And Discontinued Operation": 346000000.0,
        "Total Expenses": 3611000000.0,
        "Diluted Average Shares": 461000000.0,
        "Basic Average Shares": 461000000.0,
        "Diluted EPS": 0.75,
        "Basic EPS": 0.75,
        "Diluted NI Availto Com Stockholders": 346000000.0,
        "Net Income Common Stockholders": 346000000.0,
        "Net Income": 346000000.0,
        "Minority Interests": -8000000.0,
        "Net Income Including Noncontrolling Interests": 354000000.0,
        "Net Income Continuous Operations": 354000000.0,
        "Tax Provision": 120000000.0,
        "Pretax Income": 474000000.0,
        "Other Income Expense": -231000000.0,
        "Other Non Operating Income Expenses": -3000000.0,
        "Special Income Charges": -55000000.0,
        "Gain On Sale Of Ppe": 0.0,
        "Other Special Charges": 40000000.0,
        "Restructuring And Mergern Acquisition": 15000000.0,
        "Earnings From Equity Interest": -18000000.0,
        "Gain On Sale Of Security": -155000000.0,
        "Net Non Operating Interest Income Expense": -55000000.0,
        "Interest Expense Non Operating": 94000000.0,
        "Interest Income Non Operating": 39000000.0,
        "Operating Income": 760000000.0,
        "Operating Expense": 3611000000.0,
        "Other Operating Expenses": 2965000000.0,
        "Depreciation Amortization Depletion Income Statement": 95000000.0,
        "Depreciation And Amortization In Income Statement": 95000000.0,
        "Selling General And Administration": 551000000.0,
        "Total Revenue": 4371000000.0,
        "Operating Revenue": 4041000000.0
    },
    "2025-06-30": {
        "Tax Effect Of Unusual Items": 46548488.008342,
        "Tax Rate For Calcs": 0.250261,
        "Normalized EBITDA": 965000000.0,
        "Total Unusual Items": 186000000.0,
        "Total Unusual Items Excluding Goodwill": 186000000.0,
        "Net Income From Continuing Operation Net Minority Interest": 717000000.0,
        "Reconciled Depreciation": 102000000.0,
        "EBITDA": 1151000000.0,
        "EBIT": 1049000000.0,
        "Net Interest Income": -42000000.0,
        "Interest Expense": 90000000.0,
        "Interest Income": 48000000.0,
        "Normalized Income": 577548488.008342,
        "Net Income From Continuing And Discontinued Operation": 717000000.0,
        "Total Expenses": 2451000000.0,
        "Diluted Average Shares": 457000000.0,
        "Basic Average Shares": 457000000.0,
        "Diluted EPS": 1.57,
        "Basic EPS": 1.57,
        "Diluted NI Availto Com Stockholders": 717000000.0,
        "Net Income Common Stockholders": 717000000.0,
        "Net Income": 717000000.0,
        "Minority Interests": -2000000.0,
        "Net Income Including Noncontrolling Interests": 719000000.0,
        "Net Income Continuous Operations": 719000000.0,
        "Tax Provision": 240000000.0,
        "Pretax Income": 959000000.0,
        "Other Income Expense": 165000000.0,
        "Other Non Operating Income Expenses": -3000000.0,
        "Special Income Charges": -99000000.0,
        "Gain On Sale Of Ppe": 0.0,
        "Other Special Charges": 22000000.0,
        "Restructuring And Mergern Acquisition": 9000000.0,
        "Earnings From Equity Interest": -18000000.0,
        "Gain On Sale Of Security": 285000000.0,
        "Net Non Operating Interest Income Expense": -42000000.0,
        "Interest Expense Non Operating": 90000000.0,
        "Interest Income Non Operating": 48000000.0,
        "Operating Income": 836000000.0,
        "Operating Expense": 2451000000.0,
        "Other Operating Expenses": 1759000000.0,
        "Depreciation Amortization Depletion Income Statement": 102000000.0,
        "Depreciation And Amortization In Income Statement": 102000000.0,
        "Selling General And Administration": 590000000.0,
        "Total Revenue": 3287000000.0,
        "Operating Revenue": 2986000000.0
    },
    "2025-09-30": {
        "Tax Effect Of Unusual Items": -27360000.0,
        "Tax Rate For Calcs": 0.24,
        "Normalized EBITDA": 1111000000.0,
        "Total Unusual Items": -114000000.0,
        "Total Unusual Items Excluding Goodwill": -114000000.0,
        "Net Income From Continuing Operation Net Minority Interest": 599000000.0,
        "Reconciled Depreciation": 98000000.0,
        "EBITDA": 997000000.0,
        "EBIT": 899000000.0,
        "Net Interest Income": -50000000.0,
        "Interest Expense": 100000000.0,
        "Interest Income": 50000000.0,
        "Normalized Income": 685640000.0,
        "Net Income From Continuing And Discontinued Operation": 599000000.0,
        "Total Expenses": 2771000000.0,
        "Diluted Average Shares": 455000000.0,
        "Basic Average Shares": 455000000.0,
        "Diluted EPS": 1.32,
        "Basic EPS": 1.32,
        "Diluted NI Availto Com Stockholders": 599000000.0,
        "Net Income Common Stockholders": 599000000.0,
        "Net Income": 599000000.0,
        "Minority Interests": -10000000.0,
        "Net Income Including Noncontrolling Interests": 609000000.0,
        "Net Income Continuous Operations": 609000000.0,
        "Tax Provision": 190000000.0,
        "Pretax Income": 799000000.0,
        "Other Income Expense": -118000000.0,
        "Other Non Operating Income Expenses": -3000000.0,
        "Special Income Charges": 8000000.0,
        "Gain On Sale Of Ppe": NaN,
        "Other Special Charges": -10000000.0,
        "Restructuring And Mergern Acquisition": 2000000.0,
        "Earnings From Equity Interest": -1000000.0,
        "Gain On Sale Of Security": -122000000.0,
        "Net Non Operating Interest Income Expense": -50000000.0,
        "Interest Expense Non Operating": 100000000.0,
        "Interest Income Non Operating": 50000000.0,
        "Operating Income": 967000000.0,
        "Operating Expense": 2771000000.0,
        "Other Operating Expenses": 2084000000.0,
        "Depreciation Amortization Depletion Income Statement": 98000000.0,
        "Depreciation And Amortization In Income Statement": 98000000.0,
        "Selling General And Administration": 589000000.0,
        "Total Revenue": 3738000000.0,
        "Operating Revenue": 3327000000.0
    }
}