{
    "2023-12-31": {
        "Tax Effect Of Unusual Items": NaN,
        "Tax Rate For Calcs": NaN,
        "Normalized EBITDA": NaN,
        "Total Unusual Items": NaN,
        "Total Unusual Items Excluding Goodwill": NaN,
        "Net Income From Continuing Operation Net Minority Interest": NaN,
        "Reconciled Depreciation": NaN,
        "Reconciled Cost Of Revenue": NaN,
        "EBITDA": NaN,
        "EBIT": NaN,
        "Net Interest Income": NaN,
        "Interest Expense": NaN,
        "Normalized Income": NaN,
        "Net Income From Continuing And Discontinued Operation": NaN,
        "Total Expenses": NaN,
        "Total Operating Income As Reported": NaN,
        "Diluted Average Shares": NaN,
        "Basic Average Shares": NaN,
        "Diluted EPS": NaN,
        "Basic EPS": NaN,
        "Diluted NI Availto Com Stockholders": NaN,
        "Net Income Common Stockholders": NaN,
        "Otherunder Preferred Stock Dividend": 10000.0,
        "Net Income": NaN,
        "Net Income Including Noncontrolling Interests": NaN,
        "Net Income Continuous Operations": NaN,
        "Tax Provision": NaN,
        "Pretax Income": NaN,
        "Other Income Expense": NaN,
        "Other Non Operating Income Expenses": NaN,
        "Special Income Charges": 0.0,
        "Gain On Sale Of Ppe": 0.0,
        "Gain On Sale Of Security": NaN,
        "Net Non Operating Interest Income Expense": NaN,
        "Interest Expense Non Operating": NaN,
        "Operating Income": NaN,
        "Operating Expense": NaN,
        "Other Operating Expenses": 5469000.0,
        "Depreciation Amortization Depletion Income Statement": 754000.0,
        "Depreciation And Amortization In Income Statement": 754000.0,
        "Selling General And Administration": NaN,
        "Selling And Marketing Expense": NaN,
        "General And Administrative Expense": NaN,
        "Other Gand A": NaN,
        "Gross Profit": NaN,
        "Cost Of Revenue": NaN,
        "Total Revenue": NaN,
        "Operating Revenue": NaN
    },
    "2023-09-30": {
        "Tax Effect Of Unusual Items": NaN,
        "Tax Rate For Calcs": NaN,
        "Normalized EBITDA": NaN,
        "Total Unusual Items": NaN,
        "Total Unusual Items Excluding Goodwill": NaN,
        "Net Income From Continuing Operation Net Minority Interest": NaN,
        "Reconciled Depreciation": NaN,
        "Reconciled Cost Of Revenue": NaN,
        "EBITDA": NaN,
        "EBIT": NaN,
        "Net Interest Income": NaN,
        "Interest Expense": NaN,
        "Normalized Income": NaN,
        "Net Income From Continuing And Discontinued Operation": NaN,
        "Total Expenses": NaN,
        "Total Operating Income As Reported": NaN,
        "Diluted Average Shares": NaN,
        "Basic Average Shares": NaN,
        "Diluted EPS": NaN,
        "Basic EPS": NaN,
        "Diluted NI Availto Com Stockholders": NaN,
        "Net Income Common Stockholders": NaN,
        "Otherunder Preferred Stock Dividend": 41000.0,
        "Net Income": NaN,
        "Net Income Including Noncontrolling Interests": NaN,
        "Net Income Continuous Operations": NaN,
        "Tax Provision": NaN,
        "Pretax Income": NaN,
        "Other Income Expense": NaN,
        "Other Non Operating Income Expenses": NaN,
        "Special Income Charges": 0.0,
        "Gain On Sale Of Ppe": 0.0,
        "Gain On Sale Of Security": NaN,
        "Net Non Operating Interest Income Expense": NaN,
        "Interest Expense Non Operating": NaN,
        "Operating Income": NaN,
        "Operating Expense": NaN,
        "Other Operating Expenses": 6521000.0,
        "Depreciation Amortization Depletion Income Statement": NaN,
        "Depreciation And Amortization In Income Statement": NaN,
        "Selling General And Administration": NaN,
        "Selling And Marketing Expense": NaN,
        "General And Administrative Expense": NaN,
        "Other Gand A": NaN,
        "Gross Profit": NaN,
        "Cost Of Revenue": NaN,
        "Total Revenue": NaN,
        "Operating Revenue": NaN
    },
    "2023-06-30": {
        "Tax Effect Of Unusual Items": NaN,
        "Tax Rate For Calcs": NaN,
        "Normalized EBITDA": NaN,
        "Total Unusual Items": NaN,
        "Total Unusual Items Excluding Goodwill": NaN,
        "Net Income From Continuing Operation Net Minority Interest": NaN,
        "Reconciled Depreciation": NaN,
        "Reconciled Cost Of Revenue": NaN,
        "EBITDA": NaN,
        "EBIT": NaN,
        "Net Interest Income": NaN,
        "Interest Expense": NaN,
        "Normalized Income": NaN,
        "Net Income From Continuing And Discontinued Operation": NaN,
        "Total Expenses": NaN,
        "Total Operating Income As Reported": NaN,
        "Diluted Average Shares": NaN,
        "Basic Average Shares": NaN,
        "Diluted EPS": NaN,
        "Basic EPS": NaN,
        "Diluted NI Availto Com Stockholders": NaN,
        "Net Income Common Stockholders": NaN,
        "Otherunder Preferred Stock Dividend": NaN,
        "Net Income": NaN,
        "Net Income Including Noncontrolling Interests": NaN,
        "Net Income Continuous Operations": NaN,
        "Tax Provision": NaN,
        "Pretax Income": NaN,
        "Other Income Expense": NaN,
        "Other Non Operating Income Expenses": NaN,
        "Special Income Charges": NaN,
        "Gain On Sale Of Ppe": NaN,
        "Gain On Sale Of Security": NaN,
        "Net Non Operating Interest Income Expense": NaN,
        "Interest Expense Non Operating": NaN,
        "Operating Income": NaN,
        "Operating Expense": NaN,
        "Other Operating Expenses": NaN,
        "Depreciation Amortization Depletion Income Statement": NaN,
        "Depreciation And Amortization In Income Statement": NaN,
        "Selling General And Administration": NaN,
        "Selling And Marketing Expense": 5446000.0,
        "General And Administrative Expense": 5937000.0,
        "Other Gand A": 5937000.0,
        "Gross Profit": NaN,
        "Cost Of Revenue": NaN,
        "Total Revenue": NaN,
        "Operating Revenue": NaN
    },
    "2023-03-31": {
        "Tax Effect Of Unusual Items": NaN,
        "Tax Rate For Calcs": NaN,
        "Normalized EBITDA": NaN,
        "Total Unusual Items": NaN,
        "Total Unusual Items Excluding Goodwill": NaN,
        "Net Income From Continuing Operation Net Minority Interest": NaN,
        "Reconciled Depreciation": NaN,
        "Reconciled Cost Of Revenue": NaN,
        "EBITDA": NaN,
        "EBIT": NaN,
        "Net Interest Income": NaN,
        "Interest Expense": NaN,
        "Normalized Income": NaN,
        "Net Income From Continuing And Discontinued Operation": NaN,
        "Total Expenses": NaN,
        "Total Operating Income As Reported": NaN,
        "Diluted Average Shares": 7338372.0,
        "Basic Average Shares": 7338372.0,
        "Diluted EPS": 0.86,
        "Basic EPS": 0.86,
        "Diluted NI Availto Com Stockholders": NaN,
        "Net Income Common Stockholders": NaN,
        "Otherunder Preferred Stock Dividend": NaN,
        "Net Income": NaN,
        "Net Income Including Noncontrolling Interests": NaN,
        "Net Income Continuous Operations": NaN,
        "Tax Provision": NaN,
        "Pretax Income": NaN,
        "Other Income Expense": NaN,
        "Other Non Operating Income Expenses": NaN,
        "Gain On Sale Of Security": NaN,
        "Net Non Operating Interest Income Expense": NaN,
        "Interest Expense Non Operating": NaN,
        "Operating Income": NaN,
        "Operating Expense": NaN,
        "Depreciation Amortization Depletion Income Statement": NaN,
        "Depreciation And Amortization In Income Statement": NaN,
        "Selling General And Administration": NaN,
        "Selling And Marketing Expense": NaN,
        "General And Administrative Expense": NaN,
        "Other Gand A": NaN,
        "Gross Profit": NaN,
        "Cost Of Revenue": NaN,
        "Total Revenue": NaN,
        "Operating Revenue": NaN
    },
    "2022-12-31": {
        "Tax Effect Of Unusual Items": NaN,
        "Tax Rate For Calcs": NaN,
        "Normalized EBITDA": NaN,
        "Total Unusual Items": NaN,
        "Total Unusual Items Excluding Goodwill": NaN,
        "Net Income From Continuing Operation Net Minority Interest": NaN,
        "Reconciled Depreciation": NaN,
        "Reconciled Cost Of Revenue": NaN,
        "EBITDA": NaN,
        "EBIT": NaN,
        "Net Interest Income": NaN,
        "Interest Expense": NaN,
        "Normalized Income": NaN,
        "Net Income From Continuing And Discontinued Operation": NaN,
        "Total Expenses": NaN,
        "Total Operating Income As Reported": NaN,
        "Diluted Average Shares": NaN,
        "Basic Average Shares": NaN,
        "Diluted EPS": NaN,
        "Basic EPS": NaN,
        "Diluted NI Availto Com Stockholders": NaN,
        "Net Income Common Stockholders": NaN,
        "Otherunder Preferred Stock Dividend": 19000.0,
        "Net Income": NaN,
        "Net Income Including Noncontrolling Interests": NaN,
        "Net Income Continuous Operations": NaN,
        "Tax Provision": NaN,
        "Pretax Income": NaN,
        "Other Income Expense": NaN,
        "Other Non Operating Income Expenses": NaN,
        "Gain On Sale Of Security": NaN,
        "Net Non Operating Interest Income Expense": NaN,
        "Interest Expense Non Operating": NaN,
        "Operating Income": NaN,
        "Operating Expense": NaN,
        "Depreciation Amortization Depletion Income Statement": NaN,
        "Depreciation And Amortization In Income Statement": NaN,
        "Selling General And Administration": NaN,
        "Selling And Marketing Expense": NaN,
        "General And Administrative Expense": NaN,
        "Other Gand A": NaN,
        "Gross Profit": NaN,
        "Cost Of Revenue": NaN,
        "Total Revenue": NaN,
        "Operating Revenue": NaN
    },
    "2022-09-30": {
        "Tax Effect Of Unusual Items": NaN,
        "Tax Rate For Calcs": NaN,
        "Normalized EBITDA": NaN,
        "Total Unusual Items": NaN,
        "Total Unusual Items Excluding Goodwill": NaN,
        "Net Income From Continuing Operation Net Minority Interest": NaN,
        "Reconciled Depreciation": NaN,
        "Reconciled Cost Of Revenue": NaN,
        "EBITDA": NaN,
        "EBIT": NaN,
        "Net Interest Income": NaN,
        "Interest Expense": NaN,
        "Normalized Income": NaN,
        "Net Income From Continuing And Discontinued Operation": NaN,
        "Total Expenses": NaN,
        "Total Operating Income As Reported": NaN,
        "Diluted Average Shares": NaN,
        "Basic Average Shares": NaN,
        "Diluted EPS": NaN,
        "Basic EPS": NaN,
        "Diluted NI Availto Com Stockholders": NaN,
        "Net Income Common Stockholders": NaN,
        "Otherunder Preferred Stock Dividend": 42000.0,
        "Net Income": NaN,
        "Net Income Including Noncontrolling Interests": NaN,
        "Net Income Continuous Operations": NaN,
        "Tax Provision": NaN,
        "Pretax Income": NaN,
        "Other Income Expense": NaN,
        "Other Non Operating Income Expenses": NaN,
        "Gain On Sale Of Security": NaN,
        "Net Non Operating Interest Income Expense": NaN,
        "Interest Expense Non Operating": NaN,
        "Operating Income": NaN,
        "Operating Expense": NaN,
        "Selling General And Administration": NaN,
        "Gross Profit": NaN,
        "Cost Of Revenue": NaN,
        "Total Revenue": NaN,
        "Operating Revenue": NaN
    },
    "2024-03-31": {
        "Tax Effect Of Unusual Items": 349108.80829,
        "Tax Rate For Calcs": 0.305699,
        "Normalized EBITDA": 7713000.0,
        "Total Unusual Items": 1142000.0,
        "Total Unusual Items Excluding Goodwill": 1142000.0,
        "Net Income From Continuing Operation Net Minority Interest": 4958000.0,
        "Reconciled Depreciation": 777000.0,
        "Reconciled Cost Of Revenue": 92406000.0,
        "EBITDA": 8855000.0,
        "EBIT": 8078000.0,
        "Net Interest Income": -937000.0,
        "Interest Expense": 937000.0,
        "Normalized Income": 4165108.80829,
        "Net Income From Continuing And Discontinued Operation": 4958000.0,
        "Total Expenses": 125299000.0,
        "Total Operating Income As Reported": 6933000.0,
        "Diluted Average Shares": 6983099.0,
        "Basic Average Shares": 6983099.0,
        "Diluted EPS": 0.71,
        "Basic EPS": 0.71,
        "Diluted NI Availto Com Stockholders": 5089000.0,
        "Net Income Common Stockholders": 5089000.0,
        "Otherunder Preferred Stock Dividend": NaN,
        "Net Income": 4958000.0,
        "Net Income Including Noncontrolling Interests": 4958000.0,
        "Net Income Continuous Operations": 4958000.0,
        "Tax Provision": 2183000.0,
        "Pretax Income": 7141000.0,
        "Other Income Expense": 1145000.0,
        "Other Non Operating Income Expenses": 3000.0,
        "Special Income Charges": NaN,
        "Gain On Sale Of Ppe": NaN,
        "Gain On Sale Of Security": 1142000.0,
        "Net Non Operating Interest Income Expense": -937000.0,
        "Interest Expense Non Operating": 937000.0,
        "Operating Income": 6933000.0,
        "Operating Expense": 32893000.0,
        "Other Operating Expenses": NaN,
        "Depreciation Amortization Depletion Income Statement": NaN,
        "Depreciation And Amortization In Income Statement": NaN,
        "Selling General And Administration": 29823000.0,
        "Selling And Marketing Expense": NaN,
        "General And Administrative Expense": NaN,
        "Other Gand A": NaN,
        "Gross Profit": 39826000.0,
        "Cost Of Revenue": 92406000.0,
        "Total Revenue": 132232000.0,
        "Operating Revenue": 132232000.0
    },
    "2024-06-30": {
        "Tax Effect Of Unusual Items": 1192634.131555,
        "Tax Rate For Calcs": 0.221885,
        "Normalized EBITDA": -600000.0,
        "Total Unusual Items": 5375000.0,
        "Total Unusual Items Excluding Goodwill": 5375000.0,
        "Net Income From Continuing Operation Net Minority Interest": 2567000.0,
        "Reconciled Depreciation": 795000.0,
        "Reconciled Cost Of Revenue": 104592000.0,
        "EBITDA": 4775000.0,
        "EBIT": 3980000.0,
        "Net Interest Income": -681000.0,
        "Interest Expense": 681000.0,
        "Normalized Income": -1615365.868445,
        "Net Income From Continuing And Discontinued Operation": 2567000.0,
        "Total Expenses": 115949000.0,
        "Total Operating Income As Reported": -1398000.0,
        "Diluted Average Shares": 6939208.0,
        "Basic Average Shares": 6939208.0,
        "Diluted EPS": 0.37,
        "Basic EPS": 0.37,
        "Diluted NI Availto Com Stockholders": 2556000.0,
        "Net Income Common Stockholders": 2556000.0,
        "Otherunder Preferred Stock Dividend": 11000.0,
        "Net Income": 2567000.0,
        "Net Income Including Noncontrolling Interests": 2567000.0,
        "Net Income Continuous Operations": 2567000.0,
        "Tax Provision": 732000.0,
        "Pretax Income": 3299000.0,
        "Other Income Expense": 5378000.0,
        "Other Non Operating Income Expenses": 3000.0,
        "Special Income Charges": NaN,
        "Gain On Sale Of Ppe": NaN,
        "Gain On Sale Of Security": 5375000.0,
        "Net Non Operating Interest Income Expense": -681000.0,
        "Interest Expense Non Operating": 681000.0,
        "Operating Income": -1398000.0,
        "Operating Expense": 11357000.0,
        "Other Operating Expenses": NaN,
        "Depreciation Amortization Depletion Income Statement": 795000.0,
        "Depreciation And Amortization In Income Statement": 795000.0,
        "Selling General And Administration": 10562000.0,
        "Selling And Marketing Expense": 6051000.0,
        "General And Administrative Expense": 4511000.0,
        "Other Gand A": 4511000.0,
        "Gross Profit": 9959000.0,
        "Cost Of Revenue": 104592000.0,
        "Total Revenue": 114551000.0,
        "Operating Revenue": 114551000.0
    },
    "2024-09-30": {
        "Tax Effect Of Unusual Items": -7046.563193,
        "Tax Rate For Calcs": 0.251663,
        "Normalized EBITDA": 818000.0,
        "Total Unusual Items": -28000.0,
        "Total Unusual Items Excluding Goodwill": -28000.0,
        "Net Income From Continuing Operation Net Minority Interest": -675000.0,
        "Reconciled Depreciation": 823000.0,
        "Reconciled Cost Of Revenue": 96622000.0,
        "EBITDA": 790000.0,
        "EBIT": -33000.0,
        "Net Interest Income": -869000.0,
        "Interest Expense": 869000.0,
        "Normalized Income": -654046.563193,
        "Net Income From Continuing And Discontinued Operation": -675000.0,
        "Total Expenses": 106761000.0,
        "Total Operating Income As Reported": -224000.0,
        "Diluted Average Shares": 6939416.0,
        "Basic Average Shares": 6939416.0,
        "Diluted EPS": -0.1,
        "Basic EPS": -0.1,
        "Diluted NI Availto Com Stockholders": -676000.0,
        "Net Income Common Stockholders": -676000.0,
        "Otherunder Preferred Stock Dividend": 1000.0,
        "Net Income": -675000.0,
        "Net Income Including Noncontrolling Interests": -675000.0,
        "Net Income Continuous Operations": -675000.0,
        "Tax Provision": -227000.0,
        "Pretax Income": -902000.0,
        "Other Income Expense": -31000.0,
        "Other Non Operating Income Expenses": -3000.0,
        "Special Income Charges": -222000.0,
        "Gain On Sale Of Ppe": -222000.0,
        "Gain On Sale Of Security": 194000.0,
        "Net Non Operating Interest Income Expense": -869000.0,
        "Interest Expense Non Operating": 869000.0,
        "Operating Income": -2000.0,
        "Operating Expense": 10139000.0,
        "Other Operating Expenses": 5381000.0,
        "Depreciation Amortization Depletion Income Statement": 823000.0,
        "Depreciation And Amortization In Income Statement": 823000.0,
        "Selling General And Administration": 3935000.0,
        "Selling And Marketing Expense": NaN,
        "General And Administrative Expense": NaN,
        "Other Gand A": NaN,
        "Gross Profit": 10137000.0,
        "Cost Of Revenue": 96622000.0,
        "Total Revenue": 106759000.0,
        "Operating Revenue": 106759000.0
    },
    "2024-12-31": {
        "Tax Effect Of Unusual Items": 164690.721649,
        "Tax Rate For Calcs": 0.257732,
        "Normalized EBITDA": -732000.0,
        "Total Unusual Items": 639000.0,
        "Total Unusual Items Excluding Goodwill": 639000.0,
        "Net Income From Continuing Operation Net Minority Interest": -1152000.0,
        "Reconciled Depreciation": 827000.0,
        "Reconciled Cost Of Revenue": 85981000.0,
        "EBITDA": -93000.0,
        "EBIT": -920000.0,
        "Net Interest Income": -632000.0,
        "Interest Expense": 632000.0,
        "Normalized Income": -1626309.278351,
        "Net Income From Continuing And Discontinued Operation": -1152000.0,
        "Total Expenses": 95636000.0,
        "Total Operating Income As Reported": -1187000.0,
        "Diluted Average Shares": 6948023.0,
        "Basic Average Shares": 6948023.0,
        "Diluted EPS": -0.17,
        "Basic EPS": -0.17,
        "Diluted NI Availto Com Stockholders": -1153000.0,
        "Net Income Common Stockholders": -1153000.0,
        "Otherunder Preferred Stock Dividend": 1000.0,
        "Net Income": -1152000.0,
        "Net Income Including Noncontrolling Interests": -1152000.0,
        "Net Income Continuous Operations": -1152000.0,
        "Tax Provision": -400000.0,
        "Pretax Income": -1552000.0,
        "Other Income Expense": 640000.0,
        "Other Non Operating Income Expenses": 1000.0,
        "Special Income Charges": 375000.0,
        "Gain On Sale Of Ppe": 375000.0,
        "Gain On Sale Of Security": 264000.0,
        "Net Non Operating Interest Income Expense": -632000.0,
        "Interest Expense Non Operating": 632000.0,
        "Operating Income": -1562000.0,
        "Operating Expense": 9655000.0,
        "Other Operating Expenses": 4941000.0,
        "Depreciation Amortization Depletion Income Statement": 827000.0,
        "Depreciation And Amortization In Income Statement": 827000.0,
        "Selling General And Administration": 3887000.0,
        "Selling And Marketing Expense": NaN,
        "General And Administrative Expense": NaN,
        "Other Gand A": NaN,
        "Gross Profit": 8093000.0,
        "Cost Of Revenue": 85981000.0,
        "Total Revenue": 94074000.0,
        "Operating Revenue": 94074000.0
    },
    "2025-03-31": {
        "Tax Effect Of Unusual Items": 410427.86215,
        "Tax Rate For Calcs": 0.21948,
        "Normalized EBITDA": 6595000.0,
        "Total Unusual Items": 1870000.0,
        "Total Unusual Items Excluding Goodwill": 1870000.0,
        "Net Income From Continuing Operation Net Minority Interest": 5345000.0,
        "Reconciled Depreciation": 846000.0,
        "Reconciled Cost Of Revenue": 111930000.0,
        "EBITDA": 8465000.0,
        "EBIT": 7619000.0,
        "Net Interest Income": -771000.0,
        "Interest Expense": 771000.0,
        "Normalized Income": 3885427.86215,
        "Net Income From Continuing And Discontinued Operation": 5345000.0,
        "Total Expenses": 123469000.0,
        "Total Operating Income As Reported": 5852000.0,
        "Diluted Average Shares": 7032895.0,
        "Basic Average Shares": 7032895.0,
        "Diluted EPS": 0.76,
        "Basic EPS": 0.76,
        "Diluted NI Availto Com Stockholders": 5348000.0,
        "Net Income Common Stockholders": 5348000.0,
        "Otherunder Preferred Stock Dividend": NaN,
        "Net Income": 5345000.0,
        "Net Income Including Noncontrolling Interests": 5345000.0,
        "Net Income Continuous Operations": 5345000.0,
        "Tax Provision": 1503000.0,
        "Pretax Income": 6848000.0,
        "Other Income Expense": 1872000.0,
        "Other Non Operating Income Expenses": 2000.0,
        "Special Income Charges": 105000.0,
        "Gain On Sale Of Ppe": 105000.0,
        "Gain On Sale Of Security": 1765000.0,
        "Net Non Operating Interest Income Expense": -771000.0,
        "Interest Expense Non Operating": 771000.0,
        "Operating Income": 5747000.0,
        "Operating Expense": 11539000.0,
        "Other Operating Expenses": 6855000.0,
        "Depreciation Amortization Depletion Income Statement": 846000.0,
        "Depreciation And Amortization In Income Statement": 846000.0,
        "Selling General And Administration": 3838000.0,
        "Selling And Marketing Expense": NaN,
        "General And Administrative Expense": NaN,
        "Other Gand A": NaN,
        "Gross Profit": 17286000.0,
        "Cost Of Revenue": 111930000.0,
        "Total Revenue": 129216000.0,
        "Operating Revenue": 129216000.0
    }
}