{
    "2023-03-31": {
        "Tax Effect Of Unusual Items": 0.0,
        "Tax Rate For Calcs": 0.4,
        "Normalized EBITDA": -18235000.0,
        "Total Unusual Items": NaN,
        "Total Unusual Items Excluding Goodwill": NaN,
        "Net Income From Continuing Operation Net Minority Interest": -19543000.0,
        "Reconciled Depreciation": 1000000.0,
        "EBITDA": -18235000.0,
        "EBIT": -19235000.0,
        "Net Interest Income": 239000.0,
        "Interest Expense": 284000.0,
        "Interest Income": 523000.0,
        "Normalized Income": -19543000.0,
        "Net Income From Continuing And Discontinued Operation": -19543000.0,
        "Total Expenses": 20511000.0,
        "Total Operating Income As Reported": -20511000.0,
        "Diluted Average Shares": 35324053.0,
        "Basic Average Shares": 35324053.0,
        "Diluted EPS": -0.55,
        "Basic EPS": -0.55,
        "Diluted NI Availto Com Stockholders": -19543000.0,
        "Net Income Common Stockholders": -19543000.0,
        "Net Income": -19543000.0,
        "Net Income Including Noncontrolling Interests": -19543000.0,
        "Net Income Continuous Operations": -19543000.0,
        "Tax Provision": 24000.0,
        "Pretax Income": -19519000.0,
        "Other Income Expense": 753000.0,
        "Other Non Operating Income Expenses": 753000.0,
        "Gain On Sale Of Security": NaN,
        "Net Non Operating Interest Income Expense": 239000.0,
        "Interest Expense Non Operating": 284000.0,
        "Interest Income Non Operating": 523000.0,
        "Operating Income": -20511000.0,
        "Operating Expense": 20511000.0,
        "Research And Development": 11355000.0,
        "Selling General And Administration": 9156000.0,
        "General And Administrative Expense": 9156000.0,
        "Other Gand A": 9156000.0,
        "Total Revenue": 0.0,
        "Operating Revenue": 0.0
    },
    "2022-12-31": {
        "Tax Effect Of Unusual Items": 420.0,
        "Tax Rate For Calcs": 0.21,
        "Normalized EBITDA": -17045000.0,
        "Total Unusual Items": 2000.0,
        "Total Unusual Items Excluding Goodwill": 2000.0,
        "Net Income From Continuing Operation Net Minority Interest": -17362000.0,
        "Reconciled Depreciation": 672000.0,
        "EBITDA": -17043000.0,
        "EBIT": -17043000.0,
        "Net Interest Income": 144000.0,
        "Interest Expense": 312000.0,
        "Interest Income": 456000.0,
        "Normalized Income": -17363580.0,
        "Net Income From Continuing And Discontinued Operation": -17362000.0,
        "Total Expenses": 18196000.0,
        "Total Operating Income As Reported": -18196000.0,
        "Diluted Average Shares": 35262083.0,
        "Basic Average Shares": 35262083.0,
        "Diluted EPS": -0.49,
        "Basic EPS": -0.49,
        "Diluted NI Availto Com Stockholders": -17362000.0,
        "Net Income Common Stockholders": -17362000.0,
        "Net Income": -17362000.0,
        "Net Income Including Noncontrolling Interests": -17362000.0,
        "Net Income Continuous Operations": -17362000.0,
        "Tax Provision": 7000.0,
        "Pretax Income": -17355000.0,
        "Other Income Expense": 697000.0,
        "Other Non Operating Income Expenses": 695000.0,
        "Gain On Sale Of Security": 2000.0,
        "Net Non Operating Interest Income Expense": 144000.0,
        "Interest Expense Non Operating": 312000.0,
        "Interest Income Non Operating": 456000.0,
        "Operating Income": -18196000.0,
        "Operating Expense": 18196000.0,
        "Research And Development": 10649000.0,
        "Selling General And Administration": 7547000.0,
        "General And Administrative Expense": 7547000.0,
        "Other Gand A": 7547000.0,
        "Total Revenue": 0.0,
        "Operating Revenue": 0.0
    },
    "2022-09-30": {
        "Tax Effect Of Unusual Items": -4.701073,
        "Tax Rate For Calcs": 0.001175,
        "Normalized EBITDA": -18624000.0,
        "Total Unusual Items": -4000.0,
        "Total Unusual Items Excluding Goodwill": -4000.0,
        "Net Income From Continuing Operation Net Minority Interest": -19547000.0,
        "Reconciled Depreciation": 679000.0,
        "EBITDA": -18628000.0,
        "EBIT": -19307000.0,
        "Net Interest Income": 88000.0,
        "Interest Expense": 263000.0,
        "Interest Income": 351000.0,
        "Normalized Income": -19543004.701073,
        "Net Income From Continuing And Discontinued Operation": -19547000.0,
        "Total Expenses": 20275000.0,
        "Total Operating Income As Reported": -20275000.0,
        "Diluted Average Shares": 35247680.0,
        "Basic Average Shares": 35247680.0,
        "Diluted EPS": -0.55,
        "Basic EPS": -0.55,
        "Diluted NI Availto Com Stockholders": -19547000.0,
        "Net Income Common Stockholders": -19547000.0,
        "Net Income": -19547000.0,
        "Net Income Including Noncontrolling Interests": -19547000.0,
        "Net Income Continuous Operations": -19547000.0,
        "Tax Provision": -23000.0,
        "Pretax Income": -19570000.0,
        "Other Income Expense": 617000.0,
        "Other Non Operating Income Expenses": 621000.0,
        "Gain On Sale Of Security": -4000.0,
        "Net Non Operating Interest Income Expense": 88000.0,
        "Interest Expense Non Operating": 263000.0,
        "Interest Income Non Operating": 351000.0,
        "Operating Income": -20275000.0,
        "Operating Expense": 20275000.0,
        "Research And Development": 11715000.0,
        "Selling General And Administration": 8560000.0,
        "General And Administrative Expense": 8560000.0,
        "Other Gand A": 8560000.0,
        "Total Revenue": 0.0,
        "Operating Revenue": 0.0
    },
    "2022-06-30": {
        "Tax Effect Of Unusual Items": -400.0,
        "Tax Rate For Calcs": 0.4,
        "Normalized EBITDA": -20385000.0,
        "Total Unusual Items": -1000.0,
        "Total Unusual Items Excluding Goodwill": -1000.0,
        "Net Income From Continuing Operation Net Minority Interest": -21285000.0,
        "Reconciled Depreciation": 689000.0,
        "EBITDA": -20386000.0,
        "EBIT": -21075000.0,
        "Net Interest Income": 217000.0,
        "Interest Expense": 208000.0,
        "Interest Income": 425000.0,
        "Normalized Income": -21284400.0,
        "Net Income From Continuing And Discontinued Operation": -21285000.0,
        "Total Expenses": 21273000.0,
        "Total Operating Income As Reported": -21273000.0,
        "Diluted Average Shares": 34976409.0,
        "Basic Average Shares": 34976409.0,
        "Diluted EPS": -0.61,
        "Basic EPS": -0.61,
        "Diluted NI Availto Com Stockholders": -21285000.0,
        "Net Income Common Stockholders": -21285000.0,
        "Net Income": -21285000.0,
        "Net Income Including Noncontrolling Interests": -21285000.0,
        "Net Income Continuous Operations": -21285000.0,
        "Tax Provision": 2000.0,
        "Pretax Income": -21283000.0,
        "Other Income Expense": -227000.0,
        "Other Non Operating Income Expenses": -226000.0,
        "Gain On Sale Of Security": -1000.0,
        "Net Non Operating Interest Income Expense": 217000.0,
        "Interest Expense Non Operating": 208000.0,
        "Interest Income Non Operating": 425000.0,
        "Operating Income": -21273000.0,
        "Operating Expense": 21273000.0,
        "Research And Development": 13273000.0,
        "Selling General And Administration": 8000000.0,
        "General And Administrative Expense": 8000000.0,
        "Other Gand A": 8000000.0,
        "Total Revenue": 0.0,
        "Operating Revenue": 0.0
    },
    "2022-03-31": {
        "Diluted EPS": -0.67,
        "Total Revenue": NaN,
        "Gross Profit": NaN,
        "Operating Income": -23,
        "EBIT": -23,
        "Net Income": -23
    },
    "2021-12-31": {
        "Diluted EPS": -0.62,
        "Total Revenue": NaN,
        "Gross Profit": NaN,
        "Operating Income": -21,
        "EBIT": -21,
        "Net Income": -22
    },
    "2021-09-30": {
        "Diluted EPS": -0.73,
        "Total Revenue": NaN,
        "Gross Profit": NaN,
        "Operating Income": -25,
        "EBIT": -24,
        "Net Income": -25
    },
    "2021-06-30": {
        "Diluted EPS": -0.52,
        "Total Revenue": 9,
        "Gross Profit": 9,
        "Operating Income": -17,
        "EBIT": -17,
        "Net Income": -18
    },
    "2021-03-31": {
        "Diluted EPS": -0.6,
        "Total Revenue": 5,
        "Gross Profit": 5,
        "Operating Income": -20,
        "EBIT": -20,
        "Net Income": -20
    },
    "2020-12-31": {
        "Diluted EPS": -0.31,
        "Total Revenue": 10,
        "Gross Profit": 10,
        "Operating Income": -10,
        "EBIT": -10,
        "Net Income": -10
    },
    "2020-09-30": {
        "Diluted EPS": -0.16,
        "Total Revenue": 11,
        "Gross Profit": 11,
        "Operating Income": -5,
        "EBIT": -5,
        "Net Income": -5
    },
    "2020-06-30": {
        "Diluted EPS": -0.19,
        "Total Revenue": 9,
        "Gross Profit": 9,
        "Operating Income": -6,
        "EBIT": -6,
        "Net Income": -6
    },
    "2020-03-31": {
        "Diluted EPS": -0.16,
        "Total Revenue": 7,
        "Gross Profit": 7,
        "Operating Income": -6,
        "EBIT": -5,
        "Net Income": -5
    },
    "2019-12-31": {
        "Diluted EPS": 5.1,
        "Total Revenue": 5,
        "Gross Profit": 5,
        "Operating Income": -6,
        "EBIT": -6,
        "Net Income": -6
    },
    "2019-09-30": {
        "Diluted EPS": -0.73,
        "Total Revenue": 24,
        "Gross Profit": 24,
        "Operating Income": -1,
        "EBIT": -1,
        "Net Income": -2
    },
    "2019-06-30": {
        "Diluted EPS": -3.42,
        "Total Revenue": NaN,
        "Gross Profit": NaN,
        "Operating Income": -7,
        "EBIT": -7,
        "Net Income": -7
    },
    "2019-03-31": {
        "Diluted EPS": -3.24,
        "Total Revenue": NaN,
        "Gross Profit": NaN,
        "Operating Income": -6,
        "EBIT": -6,
        "Net Income": -6
    },
    "2018-12-31": {
        "Diluted EPS": 0.0,
        "Total Revenue": NaN,
        "Gross Profit": NaN,
        "Operating Income": NaN,
        "EBIT": NaN,
        "Net Income": NaN
    },
    "2018-09-30": {
        "Diluted EPS": -3.26,
        "Total Revenue": NaN,
        "Gross Profit": NaN,
        "Operating Income": -5,
        "EBIT": -5,
        "Net Income": -5
    },
    "2017-12-31": {
        "Diluted EPS": 0.0,
        "Total Revenue": NaN,
        "Gross Profit": NaN,
        "Operating Income": NaN,
        "EBIT": NaN,
        "Net Income": NaN
    },
    "2023-06-30": {
        "Tax Effect Of Unusual Items": 0.0,
        "Tax Rate For Calcs": 0.4,
        "Normalized EBITDA": -10297000.0,
        "Total Unusual Items": NaN,
        "Total Unusual Items Excluding Goodwill": NaN,
        "Net Income From Continuing Operation Net Minority Interest": -10796000.0,
        "Reconciled Depreciation": 494000.0,
        "EBITDA": -10297000.0,
        "EBIT": -10791000.0,
        "Net Interest Income": 346000.0,
        "Interest Expense": 0.0,
        "Interest Income": 346000.0,
        "Normalized Income": -10796000.0,
        "Net Income From Continuing And Discontinued Operation": -10796000.0,
        "Total Expenses": 11831000.0,
        "Total Operating Income As Reported": -11831000.0,
        "Diluted Average Shares": 35800821.0,
        "Basic Average Shares": 35800821.0,
        "Diluted EPS": -0.3,
        "Basic EPS": -0.3,
        "Diluted NI Availto Com Stockholders": -10796000.0,
        "Net Income Common Stockholders": -10796000.0,
        "Net Income": -10796000.0,
        "Net Income Including Noncontrolling Interests": -10796000.0,
        "Net Income Continuous Operations": -10796000.0,
        "Tax Provision": 5000.0,
        "Pretax Income": -10791000.0,
        "Other Income Expense": 694000.0,
        "Other Non Operating Income Expenses": 694000.0,
        "Gain On Sale Of Security": NaN,
        "Net Non Operating Interest Income Expense": 346000.0,
        "Interest Expense Non Operating": 0.0,
        "Interest Income Non Operating": 346000.0,
        "Operating Income": -11831000.0,
        "Operating Expense": 11831000.0,
        "Research And Development": 4594000.0,
        "Selling General And Administration": 7237000.0,
        "General And Administrative Expense": 7237000.0,
        "Other Gand A": 7237000.0,
        "Total Revenue": 0.0,
        "Operating Revenue": 0.0
    }
}