{
    "2023-03-31": {
        "Tax Effect Of Unusual Items": 4075940.0,
        "Tax Rate For Calcs": 0.22,
        "Normalized EBITDA": -53165000.0,
        "Total Unusual Items": 18527000.0,
        "Total Unusual Items Excluding Goodwill": 18527000.0,
        "Net Income From Continuing Operation Net Minority Interest": -12726000.0,
        "Reconciled Depreciation": 208000.0,
        "EBITDA": -34638000.0,
        "EBIT": -34846000.0,
        "Net Interest Income": 3003000.0,
        "Interest Income": 3003000.0,
        "Normalized Income": -27177060.0,
        "Net Income From Continuing And Discontinued Operation": -12726000.0,
        "Total Expenses": 34846000.0,
        "Total Operating Income As Reported": -34871000.0,
        "Diluted Average Shares": 139705000.0,
        "Basic Average Shares": 139705000.0,
        "Diluted EPS": -0.09,
        "Basic EPS": -0.09,
        "Diluted NI Availto Com Stockholders": -12726000.0,
        "Net Income Common Stockholders": -12726000.0,
        "Net Income": -12726000.0,
        "Minority Interests": 177000.0,
        "Net Income Including Noncontrolling Interests": -12903000.0,
        "Net Income Continuous Operations": -12903000.0,
        "Tax Provision": 203000.0,
        "Pretax Income": -12700000.0,
        "Other Income Expense": 19143000.0,
        "Other Non Operating Income Expenses": 641000.0,
        "Earnings From Equity Interest": -25000.0,
        "Gain On Sale Of Security": 18527000.0,
        "Net Non Operating Interest Income Expense": 3003000.0,
        "Interest Income Non Operating": 3003000.0,
        "Operating Income": -34846000.0,
        "Operating Expense": 34846000.0,
        "Research And Development": 4844000.0,
        "Selling General And Administration": 30002000.0,
        "General And Administrative Expense": 30002000.0,
        "Other Gand A": 30002000.0,
        "Total Revenue": 0.0,
        "Operating Revenue": 0.0
    },
    "2022-12-31": {
        "Tax Effect Of Unusual Items": 0.0,
        "Tax Rate For Calcs": 0.0,
        "Normalized EBITDA": -53032000.0,
        "Total Unusual Items": 56324000.0,
        "Total Unusual Items Excluding Goodwill": 56324000.0,
        "Net Income From Continuing Operation Net Minority Interest": 25295000.0,
        "Reconciled Depreciation": 180000.0,
        "EBITDA": 3292000.0,
        "EBIT": 3112000.0,
        "Net Interest Income": 1691000.0,
        "Interest Income": 1648000.0,
        "Normalized Income": -31029000.0,
        "Net Income From Continuing And Discontinued Operation": 25295000.0,
        "Total Expenses": 33849000.0,
        "Total Operating Income As Reported": -34275000.0,
        "Diluted Average Shares": 127889000.0,
        "Basic Average Shares": 123455000.0,
        "Diluted EPS": 0.2,
        "Basic EPS": 0.2,
        "Diluted NI Availto Com Stockholders": 25295000.0,
        "Net Income Common Stockholders": 25295000.0,
        "Net Income": 25295000.0,
        "Minority Interests": NaN,
        "Net Income Including Noncontrolling Interests": 24967000.0,
        "Net Income Continuous Operations": 24967000.0,
        "Tax Provision": 0.0,
        "Pretax Income": 24967000.0,
        "Other Income Expense": 57125000.0,
        "Other Non Operating Income Expenses": 1227000.0,
        "Earnings From Equity Interest": -426000.0,
        "Gain On Sale Of Security": 56324000.0,
        "Net Non Operating Interest Income Expense": 1691000.0,
        "Interest Income Non Operating": 1648000.0,
        "Operating Income": -33849000.0,
        "Operating Expense": 33849000.0,
        "Research And Development": 4380000.0,
        "Selling General And Administration": 29469000.0,
        "General And Administrative Expense": 29469000.0,
        "Other Gand A": 29469000.0,
        "Total Revenue": 0.0,
        "Operating Revenue": 0.0
    },
    "2022-09-30": {
        "Tax Effect Of Unusual Items": 0.0,
        "Tax Rate For Calcs": 0.0,
        "Normalized EBITDA": 37926000.0,
        "Total Unusual Items": -66191000.0,
        "Total Unusual Items Excluding Goodwill": -66191000.0,
        "Net Income From Continuing Operation Net Minority Interest": -93850000.0,
        "Reconciled Depreciation": 112000.0,
        "EBITDA": -28265000.0,
        "EBIT": -28377000.0,
        "Net Interest Income": 60000.0,
        "Interest Expense": 11000.0,
        "Interest Income": 60000.0,
        "Normalized Income": -27659000.0,
        "Net Income From Continuing And Discontinued Operation": -93850000.0,
        "Total Expenses": 28377000.0,
        "Total Operating Income As Reported": -29045000.0,
        "Diluted Average Shares": 116704000.0,
        "Basic Average Shares": 116704000.0,
        "Diluted EPS": -0.8,
        "Basic EPS": -0.8,
        "Diluted NI Availto Com Stockholders": -93850000.0,
        "Net Income Common Stockholders": -93850000.0,
        "Net Income": -93850000.0,
        "Minority Interests": 0.0,
        "Net Income Including Noncontrolling Interests": -93850000.0,
        "Net Income Continuous Operations": -93850000.0,
        "Tax Provision": 0.0,
        "Pretax Income": -93850000.0,
        "Other Income Expense": -65533000.0,
        "Other Non Operating Income Expenses": 1326000.0,
        "Earnings From Equity Interest": -668000.0,
        "Gain On Sale Of Security": -66191000.0,
        "Net Non Operating Interest Income Expense": 60000.0,
        "Interest Expense Non Operating": 11000.0,
        "Interest Income Non Operating": 60000.0,
        "Operating Income": -28377000.0,
        "Operating Expense": 28377000.0,
        "Research And Development": 3253000.0,
        "Selling General And Administration": 25124000.0,
        "General And Administrative Expense": 25124000.0,
        "Other Gand A": 25124000.0,
        "Total Revenue": 0.0,
        "Operating Revenue": 0.0
    },
    "2022-06-30": {
        "Tax Effect Of Unusual Items": 0.0,
        "Tax Rate For Calcs": 0.0,
        "Normalized EBITDA": -30400000.0,
        "Total Unusual Items": 35083000.0,
        "Total Unusual Items Excluding Goodwill": 35083000.0,
        "Net Income From Continuing Operation Net Minority Interest": 4671000.0,
        "Reconciled Depreciation": 94000.0,
        "EBITDA": 4683000.0,
        "EBIT": 4683000.0,
        "Net Interest Income": 14000.0,
        "Interest Expense": 12000.0,
        "Interest Income": 26000.0,
        "Normalized Income": -30412000.0,
        "Net Income From Continuing And Discontinued Operation": 4671000.0,
        "Total Expenses": 31232000.0,
        "Total Operating Income As Reported": -31528000.0,
        "Diluted Average Shares": 119250000.0,
        "Basic Average Shares": 116830000.0,
        "Diluted EPS": 0.04,
        "Basic EPS": 0.04,
        "Diluted NI Availto Com Stockholders": 4671000.0,
        "Net Income Common Stockholders": 4671000.0,
        "Net Income": 4671000.0,
        "Minority Interests": NaN,
        "Net Income Including Noncontrolling Interests": 4671000.0,
        "Net Income Continuous Operations": 4671000.0,
        "Tax Provision": 0.0,
        "Pretax Income": 4671000.0,
        "Other Income Expense": 35889000.0,
        "Other Non Operating Income Expenses": 1102000.0,
        "Earnings From Equity Interest": -296000.0,
        "Gain On Sale Of Security": 35083000.0,
        "Net Non Operating Interest Income Expense": 14000.0,
        "Interest Expense Non Operating": 12000.0,
        "Interest Income Non Operating": 26000.0,
        "Operating Income": -31232000.0,
        "Operating Expense": 31232000.0,
        "Research And Development": 3082000.0,
        "Selling General And Administration": 28150000.0,
        "General And Administrative Expense": 28150000.0,
        "Other Gand A": 28150000.0,
        "Total Revenue": 0.0,
        "Operating Revenue": 0.0
    },
    "2022-03-31": {
        "Diluted EPS": -0.3,
        "Total Revenue": NaN,
        "Gross Profit": NaN,
        "Operating Income": -28,
        "EBIT": -28,
        "Net Income": -35
    },
    "2021-12-31": {
        "Diluted EPS": -0.29,
        "Total Revenue": NaN,
        "Gross Profit": NaN,
        "Operating Income": -18,
        "EBIT": -18,
        "Net Income": -28
    },
    "2021-09-30": {
        "Diluted EPS": -0.42,
        "Total Revenue": NaN,
        "Gross Profit": NaN,
        "Operating Income": -35,
        "EBIT": -35,
        "Net Income": -45
    },
    "2021-06-30": {
        "Diluted EPS": -0.21,
        "Total Revenue": NaN,
        "Gross Profit": NaN,
        "Operating Income": -10,
        "EBIT": -10,
        "Net Income": -8
    },
    "2021-03-31": {
        "Diluted EPS": -0.32,
        "Total Revenue": NaN,
        "Gross Profit": NaN,
        "Operating Income": -12,
        "EBIT": -12,
        "Net Income": -12
    },
    "2020-12-31": {
        "Diluted EPS": -0.93,
        "Total Revenue": NaN,
        "Gross Profit": NaN,
        "Operating Income": -6,
        "EBIT": -6,
        "Net Income": -15
    },
    "2020-09-30": {
        "Diluted EPS": -0.07,
        "Total Revenue": NaN,
        "Gross Profit": NaN,
        "Operating Income": -2,
        "EBIT": -2,
        "Net Income": -2
    },
    "2020-06-30": {
        "Diluted EPS": -0.05,
        "Total Revenue": NaN,
        "Gross Profit": NaN,
        "Operating Income": 0,
        "EBIT": 0,
        "Net Income": 0
    },
    "2020-03-31": {
        "Diluted EPS": 0.71,
        "Total Revenue": NaN,
        "Gross Profit": NaN,
        "Operating Income": -1,
        "EBIT": -1,
        "Net Income": 8
    },
    "2019-12-31": {
        "Diluted EPS": 0.0,
        "Total Revenue": NaN,
        "Gross Profit": NaN,
        "Operating Income": NaN,
        "EBIT": NaN,
        "Net Income": NaN
    },
    "2019-09-30": {
        "Diluted EPS": 0.0,
        "Total Revenue": NaN,
        "Gross Profit": NaN,
        "Operating Income": 0,
        "EBIT": 0,
        "Net Income": 0
    },
    "2023-06-30": {
        "Tax Effect Of Unusual Items": 1134100.0,
        "Tax Rate For Calcs": 0.22,
        "Normalized EBITDA": -38627000.0,
        "Total Unusual Items": 5155000.0,
        "Total Unusual Items Excluding Goodwill": 5155000.0,
        "Net Income From Continuing Operation Net Minority Interest": -25282000.0,
        "Reconciled Depreciation": 524000.0,
        "EBITDA": -33472000.0,
        "EBIT": -33996000.0,
        "Net Interest Income": 1755000.0,
        "Interest Income": 1755000.0,
        "Normalized Income": -29302900.0,
        "Net Income From Continuing And Discontinued Operation": -25282000.0,
        "Total Expenses": 33996000.0,
        "Total Operating Income As Reported": -34026000.0,
        "Diluted Average Shares": 139705000.0,
        "Basic Average Shares": 139705000.0,
        "Diluted EPS": -0.18,
        "Basic EPS": -0.18,
        "Diluted NI Availto Com Stockholders": -25282000.0,
        "Net Income Common Stockholders": -25282000.0,
        "Net Income": -25282000.0,
        "Minority Interests": 121000.0,
        "Net Income Including Noncontrolling Interests": -25403000.0,
        "Net Income Continuous Operations": -25403000.0,
        "Tax Provision": 138000.0,
        "Pretax Income": -25265000.0,
        "Other Income Expense": 6976000.0,
        "Other Non Operating Income Expenses": 1851000.0,
        "Earnings From Equity Interest": -30000.0,
        "Gain On Sale Of Security": 5155000.0,
        "Net Non Operating Interest Income Expense": 1755000.0,
        "Interest Income Non Operating": 1755000.0,
        "Operating Income": -33996000.0,
        "Operating Expense": 33996000.0,
        "Research And Development": 6365000.0,
        "Selling General And Administration": 27631000.0,
        "General And Administrative Expense": 27631000.0,
        "Other Gand A": 27631000.0,
        "Total Revenue": 0.0,
        "Operating Revenue": 0.0
    },
    "2023-09-30": {
        "Tax Effect Of Unusual Items": 0.0,
        "Tax Rate For Calcs": 0.0,
        "Normalized EBITDA": -54854000.0,
        "Total Unusual Items": 21186000.0,
        "Total Unusual Items Excluding Goodwill": 21186000.0,
        "Net Income From Continuing Operation Net Minority Interest": -9785000.0,
        "Reconciled Depreciation": 1190000.0,
        "EBITDA": -33668000.0,
        "EBIT": -34858000.0,
        "Net Interest Income": 1284000.0,
        "Interest Income": 1284000.0,
        "Normalized Income": -30971000.0,
        "Net Income From Continuing And Discontinued Operation": -9785000.0,
        "Total Expenses": 34858000.0,
        "Total Operating Income As Reported": -35011000.0,
        "Diluted Average Shares": 139705000.0,
        "Basic Average Shares": 139705000.0,
        "Diluted EPS": -0.07,
        "Basic EPS": -0.07,
        "Diluted NI Availto Com Stockholders": -9785000.0,
        "Net Income Common Stockholders": -9785000.0,
        "Net Income": -9785000.0,
        "Minority Interests": 219000.0,
        "Net Income Including Noncontrolling Interests": -10004000.0,
        "Net Income Continuous Operations": -10004000.0,
        "Tax Provision": 0.0,
        "Pretax Income": -10004000.0,
        "Other Income Expense": 23570000.0,
        "Other Non Operating Income Expenses": 2537000.0,
        "Earnings From Equity Interest": -153000.0,
        "Gain On Sale Of Security": 21186000.0,
        "Net Non Operating Interest Income Expense": 1284000.0,
        "Interest Income Non Operating": 1284000.0,
        "Operating Income": -34858000.0,
        "Operating Expense": 34858000.0,
        "Research And Development": 7086000.0,
        "Selling General And Administration": 27772000.0,
        "General And Administrative Expense": 27772000.0,
        "Other Gand A": 27772000.0,
        "Total Revenue": 0.0,
        "Operating Revenue": 0.0
    }
}