{
    "2023-03-31": {
        "Tax Effect Of Unusual Items": NaN,
        "Tax Rate For Calcs": NaN,
        "Normalized EBITDA": NaN,
        "Total Unusual Items": NaN,
        "Total Unusual Items Excluding Goodwill": NaN,
        "Net Income From Continuing Operation Net Minority Interest": NaN,
        "Reconciled Depreciation": NaN,
        "EBITDA": NaN,
        "EBIT": NaN,
        "Net Interest Income": NaN,
        "Interest Income": NaN,
        "Normalized Income": NaN,
        "Net Income From Continuing And Discontinued Operation": NaN,
        "Total Expenses": NaN,
        "Rent Expense Supplemental": NaN,
        "Total Operating Income As Reported": NaN,
        "Diluted Average Shares": NaN,
        "Basic Average Shares": NaN,
        "Diluted EPS": NaN,
        "Basic EPS": NaN,
        "Diluted NI Availto Com Stockholders": NaN,
        "Net Income Common Stockholders": NaN,
        "Net Income": NaN,
        "Minority Interests": NaN,
        "Net Income Including Noncontrolling Interests": NaN,
        "Net Income Continuous Operations": NaN,
        "Tax Provision": NaN,
        "Pretax Income": NaN,
        "Other Income Expense": NaN,
        "Other Non Operating Income Expenses": NaN,
        "Special Income Charges": 0.0,
        "Restructuring And Mergern Acquisition": 0.0,
        "Gain On Sale Of Security": NaN,
        "Net Non Operating Interest Income Expense": NaN,
        "Total Other Finance Cost": -1509000.0,
        "Interest Income Non Operating": NaN,
        "Operating Income": NaN,
        "Operating Expense": NaN,
        "Depreciation Amortization Depletion Income Statement": NaN,
        "Depreciation And Amortization In Income Statement": NaN,
        "Selling General And Administration": NaN,
        "Selling And Marketing Expense": NaN,
        "General And Administrative Expense": NaN,
        "Other Gand A": NaN,
        "Rent And Landing Fees": NaN,
        "Salaries And Wages": NaN,
        "Total Revenue": NaN,
        "Operating Revenue": NaN
    },
    "2022-12-31": {
        "Tax Effect Of Unusual Items": NaN,
        "Tax Rate For Calcs": NaN,
        "Normalized EBITDA": NaN,
        "Total Unusual Items": NaN,
        "Total Unusual Items Excluding Goodwill": NaN,
        "Net Income From Continuing Operation Net Minority Interest": NaN,
        "Reconciled Depreciation": NaN,
        "EBITDA": NaN,
        "EBIT": NaN,
        "Net Interest Income": NaN,
        "Interest Income": NaN,
        "Normalized Income": NaN,
        "Net Income From Continuing And Discontinued Operation": NaN,
        "Total Expenses": NaN,
        "Rent Expense Supplemental": NaN,
        "Total Operating Income As Reported": NaN,
        "Diluted Average Shares": NaN,
        "Basic Average Shares": NaN,
        "Diluted EPS": NaN,
        "Basic EPS": NaN,
        "Diluted NI Availto Com Stockholders": NaN,
        "Net Income Common Stockholders": NaN,
        "Net Income": NaN,
        "Minority Interests": NaN,
        "Net Income Including Noncontrolling Interests": NaN,
        "Net Income Continuous Operations": NaN,
        "Tax Provision": NaN,
        "Pretax Income": NaN,
        "Other Income Expense": NaN,
        "Other Non Operating Income Expenses": NaN,
        "Special Income Charges": 106000.0,
        "Restructuring And Mergern Acquisition": -106000.0,
        "Gain On Sale Of Security": NaN,
        "Net Non Operating Interest Income Expense": NaN,
        "Total Other Finance Cost": -1520000.0,
        "Interest Income Non Operating": NaN,
        "Operating Income": NaN,
        "Operating Expense": NaN,
        "Depreciation Amortization Depletion Income Statement": NaN,
        "Depreciation And Amortization In Income Statement": NaN,
        "Selling General And Administration": NaN,
        "Selling And Marketing Expense": NaN,
        "General And Administrative Expense": NaN,
        "Other Gand A": NaN,
        "Rent And Landing Fees": NaN,
        "Salaries And Wages": NaN,
        "Total Revenue": NaN,
        "Operating Revenue": NaN
    },
    "2022-09-30": {
        "Tax Effect Of Unusual Items": NaN,
        "Tax Rate For Calcs": NaN,
        "Normalized EBITDA": NaN,
        "Total Unusual Items": NaN,
        "Total Unusual Items Excluding Goodwill": NaN,
        "Net Income From Continuing Operation Net Minority Interest": NaN,
        "Reconciled Depreciation": NaN,
        "EBITDA": NaN,
        "EBIT": NaN,
        "Net Interest Income": NaN,
        "Interest Income": 874000.0,
        "Normalized Income": NaN,
        "Net Income From Continuing And Discontinued Operation": NaN,
        "Total Expenses": NaN,
        "Rent Expense Supplemental": NaN,
        "Total Operating Income As Reported": NaN,
        "Diluted Average Shares": NaN,
        "Basic Average Shares": NaN,
        "Diluted EPS": NaN,
        "Basic EPS": NaN,
        "Diluted NI Availto Com Stockholders": NaN,
        "Average Dilution Earnings": -3937000.0,
        "Net Income Common Stockholders": NaN,
        "Net Income": NaN,
        "Minority Interests": NaN,
        "Net Income Including Noncontrolling Interests": NaN,
        "Net Income Continuous Operations": NaN,
        "Tax Provision": NaN,
        "Pretax Income": NaN,
        "Other Income Expense": NaN,
        "Other Non Operating Income Expenses": NaN,
        "Special Income Charges": NaN,
        "Restructuring And Mergern Acquisition": NaN,
        "Gain On Sale Of Security": NaN,
        "Net Non Operating Interest Income Expense": NaN,
        "Total Other Finance Cost": -874000.0,
        "Interest Income Non Operating": 874000.0,
        "Operating Income": NaN,
        "Operating Expense": NaN,
        "Depreciation Amortization Depletion Income Statement": NaN,
        "Depreciation And Amortization In Income Statement": NaN,
        "Selling General And Administration": NaN,
        "Selling And Marketing Expense": NaN,
        "General And Administrative Expense": NaN,
        "Other Gand A": NaN,
        "Rent And Landing Fees": NaN,
        "Salaries And Wages": NaN,
        "Total Revenue": NaN,
        "Operating Revenue": NaN
    },
    "2022-06-30": {
        "Tax Effect Of Unusual Items": 7946400.0,
        "Tax Rate For Calcs": 0.4,
        "Normalized EBITDA": -42297000.0,
        "Total Unusual Items": 19866000.0,
        "Total Unusual Items Excluding Goodwill": 19866000.0,
        "Net Income From Continuing Operation Net Minority Interest": -5119000.0,
        "Reconciled Depreciation": 2925000.0,
        "EBITDA": -22431000.0,
        "EBIT": -25356000.0,
        "Net Interest Income": 266000.0,
        "Interest Income": NaN,
        "Normalized Income": -17038600.0,
        "Net Income From Continuing And Discontinued Operation": -5119000.0,
        "Total Expenses": 41818000.0,
        "Rent Expense Supplemental": 1140000.0,
        "Total Operating Income As Reported": -26048000.0,
        "Diluted Average Shares": 173578093.0,
        "Basic Average Shares": 167052900.0,
        "Diluted EPS": -0.2,
        "Basic EPS": -0.03,
        "Diluted NI Availto Com Stockholders": -5119000.0,
        "Average Dilution Earnings": NaN,
        "Net Income Common Stockholders": -5119000.0,
        "Net Income": -5119000.0,
        "Minority Interests": NaN,
        "Net Income Including Noncontrolling Interests": -5119000.0,
        "Net Income Continuous Operations": -5119000.0,
        "Tax Provision": 35000.0,
        "Pretax Income": -5084000.0,
        "Other Income Expense": 20006000.0,
        "Other Non Operating Income Expenses": 140000.0,
        "Special Income Charges": -692000.0,
        "Restructuring And Mergern Acquisition": 692000.0,
        "Gain On Sale Of Security": 20558000.0,
        "Net Non Operating Interest Income Expense": 266000.0,
        "Total Other Finance Cost": -266000.0,
        "Interest Income Non Operating": NaN,
        "Operating Income": -25356000.0,
        "Operating Expense": 41818000.0,
        "Depreciation Amortization Depletion Income Statement": 2021000.0,
        "Depreciation And Amortization In Income Statement": 2021000.0,
        "Selling General And Administration": 39797000.0,
        "Selling And Marketing Expense": 1441000.0,
        "General And Administrative Expense": 38356000.0,
        "Other Gand A": 9832000.0,
        "Rent And Landing Fees": 1140000.0,
        "Salaries And Wages": 27384000.0,
        "Total Revenue": 16462000.0,
        "Operating Revenue": 16640000.0
    },
    "2022-03-31": {
        "Diluted EPS": -0.98,
        "Total Revenue": 20,
        "Gross Profit": 20,
        "Operating Income": -39,
        "EBIT": -37,
        "Net Income": -64
    },
    "2021-12-31": {
        "Diluted EPS": -0.09,
        "Total Revenue": 30,
        "Gross Profit": 30,
        "Operating Income": -6,
        "EBIT": -3,
        "Net Income": -6
    },
    "2021-09-30": {
        "Diluted EPS": -0.1,
        "Total Revenue": 27,
        "Gross Profit": 27,
        "Operating Income": -6,
        "EBIT": -4,
        "Net Income": -5
    },
    "2021-06-30": {
        "Diluted EPS": -0.15,
        "Total Revenue": 37,
        "Gross Profit": 37,
        "Operating Income": -1,
        "EBIT": 1,
        "Net Income": -8
    },
    "2021-03-31": {
        "Diluted EPS": 0.0,
        "Total Revenue": 31,
        "Gross Profit": 31,
        "Operating Income": 2,
        "EBIT": 4,
        "Net Income": 1
    },
    "2020-12-31": {
        "Diluted EPS": 0.0,
        "Total Revenue": NaN,
        "Gross Profit": NaN,
        "Operating Income": NaN,
        "EBIT": NaN,
        "Net Income": NaN
    },
    "2023-06-30": {
        "Tax Effect Of Unusual Items": NaN,
        "Tax Rate For Calcs": NaN,
        "Normalized EBITDA": NaN,
        "Total Unusual Items": NaN,
        "Total Unusual Items Excluding Goodwill": NaN,
        "Net Income From Continuing Operation Net Minority Interest": NaN,
        "Reconciled Depreciation": NaN,
        "EBITDA": NaN,
        "EBIT": NaN,
        "Net Interest Income": NaN,
        "Interest Income": 1319000.0,
        "Normalized Income": NaN,
        "Net Income From Continuing And Discontinued Operation": NaN,
        "Total Expenses": NaN,
        "Rent Expense Supplemental": NaN,
        "Total Operating Income As Reported": NaN,
        "Diluted Average Shares": 173289549.0,
        "Basic Average Shares": 173289549.0,
        "Diluted EPS": -0.14,
        "Basic EPS": -0.14,
        "Diluted NI Availto Com Stockholders": NaN,
        "Net Income Common Stockholders": NaN,
        "Net Income": NaN,
        "Minority Interests": NaN,
        "Net Income Including Noncontrolling Interests": NaN,
        "Net Income Continuous Operations": NaN,
        "Tax Provision": NaN,
        "Pretax Income": NaN,
        "Other Income Expense": NaN,
        "Other Non Operating Income Expenses": NaN,
        "Special Income Charges": 0.0,
        "Restructuring And Mergern Acquisition": 0.0,
        "Gain On Sale Of Security": NaN,
        "Net Non Operating Interest Income Expense": NaN,
        "Total Other Finance Cost": NaN,
        "Interest Income Non Operating": 1319000.0,
        "Operating Income": NaN,
        "Operating Expense": NaN,
        "Depreciation Amortization Depletion Income Statement": NaN,
        "Depreciation And Amortization In Income Statement": NaN,
        "Selling General And Administration": NaN,
        "Selling And Marketing Expense": NaN,
        "General And Administrative Expense": NaN,
        "Other Gand A": NaN,
        "Rent And Landing Fees": NaN,
        "Salaries And Wages": NaN,
        "Total Revenue": NaN,
        "Operating Revenue": NaN
    },
    "2023-09-30": {
        "Tax Effect Of Unusual Items": NaN,
        "Tax Rate For Calcs": NaN,
        "Normalized EBITDA": NaN,
        "Total Unusual Items": NaN,
        "Total Unusual Items Excluding Goodwill": NaN,
        "Net Income From Continuing Operation Net Minority Interest": NaN,
        "Reconciled Depreciation": NaN,
        "Reconciled Cost Of Revenue": NaN,
        "EBITDA": NaN,
        "EBIT": NaN,
        "Net Interest Income": NaN,
        "Interest Income": 1725000.0,
        "Normalized Income": NaN,
        "Net Income From Continuing And Discontinued Operation": NaN,
        "Total Expenses": NaN,
        "Rent Expense Supplemental": NaN,
        "Total Operating Income As Reported": NaN,
        "Diluted Average Shares": NaN,
        "Basic Average Shares": NaN,
        "Diluted EPS": NaN,
        "Basic EPS": NaN,
        "Diluted NI Availto Com Stockholders": NaN,
        "Net Income Common Stockholders": NaN,
        "Net Income": NaN,
        "Minority Interests": NaN,
        "Net Income Including Noncontrolling Interests": NaN,
        "Net Income Continuous Operations": NaN,
        "Tax Provision": NaN,
        "Pretax Income": NaN,
        "Other Income Expense": NaN,
        "Other Non Operating Income Expenses": NaN,
        "Special Income Charges": 0.0,
        "Restructuring And Mergern Acquisition": 0.0,
        "Gain On Sale Of Security": NaN,
        "Net Non Operating Interest Income Expense": NaN,
        "Total Other Finance Cost": NaN,
        "Interest Income Non Operating": 1725000.0,
        "Operating Income": NaN,
        "Operating Expense": NaN,
        "Depreciation Amortization Depletion Income Statement": NaN,
        "Depreciation And Amortization In Income Statement": NaN,
        "Selling General And Administration": NaN,
        "Selling And Marketing Expense": NaN,
        "General And Administrative Expense": NaN,
        "Other Gand A": NaN,
        "Rent And Landing Fees": NaN,
        "Salaries And Wages": NaN,
        "Gross Profit": NaN,
        "Cost Of Revenue": NaN,
        "Total Revenue": NaN,
        "Operating Revenue": NaN
    },
    "2023-12-31": {
        "Tax Effect Of Unusual Items": NaN,
        "Tax Rate For Calcs": NaN,
        "Normalized EBITDA": NaN,
        "Total Unusual Items": NaN,
        "Total Unusual Items Excluding Goodwill": NaN,
        "Net Income From Continuing Operation Net Minority Interest": NaN,
        "Reconciled Depreciation": NaN,
        "Reconciled Cost Of Revenue": NaN,
        "EBITDA": NaN,
        "EBIT": NaN,
        "Net Interest Income": NaN,
        "Interest Income": NaN,
        "Normalized Income": NaN,
        "Net Income From Continuing And Discontinued Operation": NaN,
        "Total Expenses": NaN,
        "Rent Expense Supplemental": NaN,
        "Total Operating Income As Reported": NaN,
        "Diluted Average Shares": NaN,
        "Basic Average Shares": NaN,
        "Diluted EPS": NaN,
        "Basic EPS": NaN,
        "Diluted NI Availto Com Stockholders": NaN,
        "Net Income Common Stockholders": NaN,
        "Net Income": NaN,
        "Minority Interests": NaN,
        "Net Income Including Noncontrolling Interests": NaN,
        "Net Income Continuous Operations": NaN,
        "Tax Provision": NaN,
        "Pretax Income": NaN,
        "Other Income Expense": NaN,
        "Other Non Operating Income Expenses": NaN,
        "Special Income Charges": 0.0,
        "Restructuring And Mergern Acquisition": 0.0,
        "Gain On Sale Of Security": NaN,
        "Net Non Operating Interest Income Expense": NaN,
        "Total Other Finance Cost": NaN,
        "Interest Income Non Operating": NaN,
        "Operating Income": NaN,
        "Operating Expense": NaN,
        "Depreciation Amortization Depletion Income Statement": NaN,
        "Depreciation And Amortization In Income Statement": NaN,
        "Selling General And Administration": NaN,
        "Selling And Marketing Expense": NaN,
        "General And Administrative Expense": NaN,
        "Other Gand A": NaN,
        "Rent And Landing Fees": NaN,
        "Salaries And Wages": 28027000.0,
        "Gross Profit": NaN,
        "Cost Of Revenue": NaN,
        "Total Revenue": NaN,
        "Operating Revenue": NaN
    },
    "2024-03-31": {
        "Tax Effect Of Unusual Items": NaN,
        "Tax Rate For Calcs": NaN,
        "Normalized EBITDA": NaN,
        "Total Unusual Items": NaN,
        "Total Unusual Items Excluding Goodwill": NaN,
        "Net Income From Continuing Operation Net Minority Interest": NaN,
        "Reconciled Depreciation": NaN,
        "Reconciled Cost Of Revenue": NaN,
        "EBITDA": NaN,
        "EBIT": NaN,
        "Net Interest Income": NaN,
        "Interest Income": NaN,
        "Normalized Income": NaN,
        "Net Income From Continuing And Discontinued Operation": NaN,
        "Total Expenses": NaN,
        "Rent Expense Supplemental": NaN,
        "Total Operating Income As Reported": NaN,
        "Diluted Average Shares": NaN,
        "Basic Average Shares": NaN,
        "Diluted EPS": NaN,
        "Basic EPS": NaN,
        "Diluted NI Availto Com Stockholders": NaN,
        "Net Income Common Stockholders": NaN,
        "Net Income": NaN,
        "Minority Interests": NaN,
        "Net Income Including Noncontrolling Interests": NaN,
        "Net Income Continuous Operations": NaN,
        "Tax Provision": NaN,
        "Pretax Income": NaN,
        "Other Income Expense": NaN,
        "Other Non Operating Income Expenses": NaN,
        "Special Income Charges": NaN,
        "Restructuring And Mergern Acquisition": NaN,
        "Gain On Sale Of Security": NaN,
        "Net Non Operating Interest Income Expense": NaN,
        "Total Other Finance Cost": -1709000.0,
        "Interest Income Non Operating": NaN,
        "Operating Income": NaN,
        "Operating Expense": NaN,
        "Depreciation Amortization Depletion Income Statement": NaN,
        "Depreciation And Amortization In Income Statement": NaN,
        "Selling General And Administration": NaN,
        "Selling And Marketing Expense": NaN,
        "General And Administrative Expense": NaN,
        "Other Gand A": NaN,
        "Rent And Landing Fees": NaN,
        "Salaries And Wages": 29843000.0,
        "Gross Profit": NaN,
        "Cost Of Revenue": NaN,
        "Total Revenue": NaN,
        "Operating Revenue": NaN
    },
    "2024-06-30": {
        "Tax Effect Of Unusual Items": NaN,
        "Tax Rate For Calcs": NaN,
        "Normalized EBITDA": NaN,
        "Total Unusual Items": NaN,
        "Total Unusual Items Excluding Goodwill": NaN,
        "Net Income From Continuing Operation Net Minority Interest": NaN,
        "Reconciled Depreciation": NaN,
        "Reconciled Cost Of Revenue": NaN,
        "EBITDA": NaN,
        "EBIT": NaN,
        "Net Interest Income": NaN,
        "Interest Income": 1495000.0,
        "Normalized Income": NaN,
        "Net Income From Continuing And Discontinued Operation": NaN,
        "Total Expenses": NaN,
        "Rent Expense Supplemental": NaN,
        "Total Operating Income As Reported": NaN,
        "Diluted Average Shares": NaN,
        "Basic Average Shares": NaN,
        "Diluted EPS": NaN,
        "Basic EPS": NaN,
        "Diluted NI Availto Com Stockholders": NaN,
        "Net Income Common Stockholders": NaN,
        "Net Income": NaN,
        "Minority Interests": NaN,
        "Net Income Including Noncontrolling Interests": NaN,
        "Net Income Continuous Operations": NaN,
        "Tax Provision": NaN,
        "Pretax Income": NaN,
        "Other Income Expense": NaN,
        "Other Non Operating Income Expenses": NaN,
        "Special Income Charges": 0.0,
        "Restructuring And Mergern Acquisition": 0.0,
        "Gain On Sale Of Security": NaN,
        "Net Non Operating Interest Income Expense": NaN,
        "Total Other Finance Cost": NaN,
        "Interest Income Non Operating": 1495000.0,
        "Operating Income": NaN,
        "Operating Expense": NaN,
        "Depreciation Amortization Depletion Income Statement": NaN,
        "Depreciation And Amortization In Income Statement": NaN,
        "Selling General And Administration": NaN,
        "Selling And Marketing Expense": NaN,
        "General And Administrative Expense": NaN,
        "Other Gand A": NaN,
        "Rent And Landing Fees": NaN,
        "Salaries And Wages": 28784000.0,
        "Gross Profit": NaN,
        "Cost Of Revenue": NaN,
        "Total Revenue": NaN,
        "Operating Revenue": NaN
    },
    "2024-09-30": {
        "Tax Effect Of Unusual Items": 195510.0,
        "Tax Rate For Calcs": 0.21,
        "Normalized EBITDA": -19416000.0,
        "Total Unusual Items": 931000.0,
        "Total Unusual Items Excluding Goodwill": 931000.0,
        "Net Income From Continuing Operation Net Minority Interest": -18342000.0,
        "Reconciled Depreciation": 2418000.0,
        "Reconciled Cost Of Revenue": 28153000.0,
        "EBITDA": -18485000.0,
        "EBIT": -20903000.0,
        "Net Interest Income": 1307000.0,
        "Interest Income": 1307000.0,
        "Normalized Income": -19077490.0,
        "Net Income From Continuing And Discontinued Operation": -18342000.0,
        "Total Expenses": 40119000.0,
        "Rent Expense Supplemental": 1036000.0,
        "Total Operating Income As Reported": -20903000.0,
        "Diluted Average Shares": 12277000.0,
        "Basic Average Shares": 12277000.0,
        "Diluted EPS": -1.49,
        "Basic EPS": -1.49,
        "Diluted NI Availto Com Stockholders": -18342000.0,
        "Net Income Common Stockholders": -18342000.0,
        "Net Income": -18342000.0,
        "Minority Interests": 502000.0,
        "Net Income Including Noncontrolling Interests": -18844000.0,
        "Net Income Continuous Operations": -18844000.0,
        "Tax Provision": 298000.0,
        "Pretax Income": -18546000.0,
        "Other Income Expense": 1050000.0,
        "Other Non Operating Income Expenses": 119000.0,
        "Special Income Charges": 0.0,
        "Restructuring And Mergern Acquisition": 0.0,
        "Gain On Sale Of Security": 931000.0,
        "Net Non Operating Interest Income Expense": 1307000.0,
        "Total Other Finance Cost": NaN,
        "Interest Income Non Operating": 1307000.0,
        "Operating Income": -20903000.0,
        "Operating Expense": 11296000.0,
        "Depreciation Amortization Depletion Income Statement": 1748000.0,
        "Depreciation And Amortization In Income Statement": 1748000.0,
        "Selling General And Administration": 9548000.0,
        "Selling And Marketing Expense": 1015000.0,
        "General And Administrative Expense": 8533000.0,
        "Other Gand A": 7497000.0,
        "Rent And Landing Fees": 1036000.0,
        "Salaries And Wages": 28750000.0,
        "Gross Profit": -9607000.0,
        "Cost Of Revenue": 28823000.0,
        "Total Revenue": 19216000.0,
        "Operating Revenue": 19216000.0
    },
    "2024-12-31": {
        "Tax Effect Of Unusual Items": 370650.0,
        "Tax Rate For Calcs": 0.21,
        "Normalized EBITDA": -18472000.0,
        "Total Unusual Items": 1765000.0,
        "Total Unusual Items Excluding Goodwill": 1765000.0,
        "Net Income From Continuing Operation Net Minority Interest": -15643000.0,
        "Reconciled Depreciation": 1992000.0,
        "Reconciled Cost Of Revenue": 25251000.0,
        "EBITDA": -16707000.0,
        "EBIT": -18699000.0,
        "Net Interest Income": 1164000.0,
        "Interest Income": 1164000.0,
        "Normalized Income": -17037350.0,
        "Net Income From Continuing And Discontinued Operation": -15643000.0,
        "Total Expenses": 37288000.0,
        "Rent Expense Supplemental": 1940000.0,
        "Total Operating Income As Reported": -18699000.0,
        "Diluted Average Shares": 12389497.0,
        "Basic Average Shares": 12389497.0,
        "Diluted EPS": -1.2,
        "Basic EPS": -1.2,
        "Diluted NI Availto Com Stockholders": -15643000.0,
        "Net Income Common Stockholders": -15643000.0,
        "Net Income": -15643000.0,
        "Minority Interests": 322000.0,
        "Net Income Including Noncontrolling Interests": -15965000.0,
        "Net Income Continuous Operations": -15965000.0,
        "Tax Provision": 294000.0,
        "Pretax Income": -15671000.0,
        "Other Income Expense": 1864000.0,
        "Other Non Operating Income Expenses": 99000.0,
        "Special Income Charges": NaN,
        "Restructuring And Mergern Acquisition": NaN,
        "Gain On Sale Of Security": 1765000.0,
        "Net Non Operating Interest Income Expense": 1164000.0,
        "Total Other Finance Cost": NaN,
        "Interest Income Non Operating": 1164000.0,
        "Operating Income": -18699000.0,
        "Operating Expense": 11358000.0,
        "Depreciation Amortization Depletion Income Statement": 1313000.0,
        "Depreciation And Amortization In Income Statement": 1313000.0,
        "Selling General And Administration": 10045000.0,
        "Selling And Marketing Expense": 986000.0,
        "General And Administrative Expense": 9059000.0,
        "Other Gand A": 7119000.0,
        "Rent And Landing Fees": 1940000.0,
        "Salaries And Wages": 25614000.0,
        "Gross Profit": -7341000.0,
        "Cost Of Revenue": 25930000.0,
        "Total Revenue": 18589000.0,
        "Operating Revenue": 18589000.0
    },
    "2025-03-31": {
        "Tax Effect Of Unusual Items": 40110.0,
        "Tax Rate For Calcs": 0.21,
        "Normalized EBITDA": -15106000.0,
        "Total Unusual Items": 191000.0,
        "Total Unusual Items Excluding Goodwill": 191000.0,
        "Net Income From Continuing Operation Net Minority Interest": -16172000.0,
        "Reconciled Depreciation": 1554000.0,
        "Reconciled Cost Of Revenue": 29115000.0,
        "EBITDA": -14915000.0,
        "EBIT": -16469000.0,
        "Net Interest Income": 1042000.0,
        "Interest Income": NaN,
        "Normalized Income": -16322890.0,
        "Net Income From Continuing And Discontinued Operation": -16172000.0,
        "Total Expenses": 41765000.0,
        "Rent Expense Supplemental": 946000.0,
        "Total Operating Income As Reported": -16469000.0,
        "Diluted Average Shares": 12533999.0,
        "Basic Average Shares": 12533999.0,
        "Diluted EPS": -1.29,
        "Basic EPS": -1.29,
        "Diluted NI Availto Com Stockholders": -16172000.0,
        "Net Income Common Stockholders": -16172000.0,
        "Net Income": -16172000.0,
        "Minority Interests": 26000.0,
        "Net Income Including Noncontrolling Interests": -16198000.0,
        "Net Income Continuous Operations": -16198000.0,
        "Tax Provision": 1016000.0,
        "Pretax Income": -15182000.0,
        "Other Income Expense": 245000.0,
        "Other Non Operating Income Expenses": 54000.0,
        "Special Income Charges": NaN,
        "Restructuring And Mergern Acquisition": NaN,
        "Gain On Sale Of Security": 191000.0,
        "Net Non Operating Interest Income Expense": 1042000.0,
        "Total Other Finance Cost": -1042000.0,
        "Interest Income Non Operating": NaN,
        "Operating Income": -16469000.0,
        "Operating Expense": 12082000.0,
        "Depreciation Amortization Depletion Income Statement": 986000.0,
        "Depreciation And Amortization In Income Statement": 986000.0,
        "Selling General And Administration": 11096000.0,
        "Selling And Marketing Expense": 1215000.0,
        "General And Administrative Expense": 9881000.0,
        "Other Gand A": 8935000.0,
        "Rent And Landing Fees": 946000.0,
        "Salaries And Wages": NaN,
        "Gross Profit": -4387000.0,
        "Cost Of Revenue": 29683000.0,
        "Total Revenue": 25296000.0,
        "Operating Revenue": 25296000.0
    },
    "2025-06-30": {
        "Tax Effect Of Unusual Items": -479220.0,
        "Tax Rate For Calcs": 0.21,
        "Normalized EBITDA": -7310000.0,
        "Total Unusual Items": -2282000.0,
        "Total Unusual Items Excluding Goodwill": -2282000.0,
        "Net Income From Continuing Operation Net Minority Interest": -12580000.0,
        "Reconciled Depreciation": 1255000.0,
        "Reconciled Cost Of Revenue": 27002000.0,
        "EBITDA": -9592000.0,
        "EBIT": -10847000.0,
        "Net Interest Income": 803000.0,
        "Interest Income": 803000.0,
        "Normalized Income": -10777220.0,
        "Net Income From Continuing And Discontinued Operation": -12580000.0,
        "Total Expenses": 38586000.0,
        "Rent Expense Supplemental": 786000.0,
        "Total Operating Income As Reported": -12835000.0,
        "Diluted Average Shares": 12474000.0,
        "Basic Average Shares": 12474000.0,
        "Diluted EPS": -1.01,
        "Basic EPS": -1.01,
        "Diluted NI Availto Com Stockholders": -12580000.0,
        "Net Income Common Stockholders": -12580000.0,
        "Net Income": -12580000.0,
        "Minority Interests": -141000.0,
        "Net Income Including Noncontrolling Interests": -12439000.0,
        "Net Income Continuous Operations": -12439000.0,
        "Tax Provision": 189000.0,
        "Pretax Income": -12250000.0,
        "Other Income Expense": -2206000.0,
        "Other Non Operating Income Expenses": 76000.0,
        "Special Income Charges": -1988000.0,
        "Restructuring And Mergern Acquisition": 1988000.0,
        "Gain On Sale Of Security": -294000.0,
        "Net Non Operating Interest Income Expense": 803000.0,
        "Total Other Finance Cost": NaN,
        "Interest Income Non Operating": 803000.0,
        "Operating Income": -10847000.0,
        "Operating Expense": 11238000.0,
        "Depreciation Amortization Depletion Income Statement": 909000.0,
        "Depreciation And Amortization In Income Statement": 909000.0,
        "Selling General And Administration": 10329000.0,
        "Selling And Marketing Expense": 1528000.0,
        "General And Administrative Expense": 8801000.0,
        "Other Gand A": 8015000.0,
        "Rent And Landing Fees": 786000.0,
        "Salaries And Wages": NaN,
        "Gross Profit": 391000.0,
        "Cost Of Revenue": 27348000.0,
        "Total Revenue": 27739000.0,
        "Operating Revenue": 27739000.0
    },
    "2025-09-30": {
        "Tax Effect Of Unusual Items": 9235.312212,
        "Tax Rate For Calcs": 0.066441,
        "Normalized EBITDA": -19119000.0,
        "Total Unusual Items": 139000.0,
        "Total Unusual Items Excluding Goodwill": 139000.0,
        "Net Income From Continuing Operation Net Minority Interest": -18223000.0,
        "Reconciled Depreciation": 1315000.0,
        "Reconciled Cost Of Revenue": 26371000.0,
        "EBITDA": -18980000.0,
        "EBIT": -20295000.0,
        "Net Interest Income": 609000.0,
        "Interest Income": 609000.0,
        "Normalized Income": -18352764.687788,
        "Net Income From Continuing And Discontinued Operation": -18223000.0,
        "Total Expenses": 41555000.0,
        "Rent Expense Supplemental": 723000.0,
        "Total Operating Income As Reported": -20549000.0,
        "Diluted Average Shares": 13341000.0,
        "Basic Average Shares": 13341000.0,
        "Diluted EPS": -1.37,
        "Basic EPS": -1.37,
        "Diluted NI Availto Com Stockholders": -18223000.0,
        "Net Income Common Stockholders": -18223000.0,
        "Net Income": -18223000.0,
        "Minority Interests": -13000.0,
        "Net Income Including Noncontrolling Interests": -18210000.0,
        "Net Income Continuous Operations": -18210000.0,
        "Tax Provision": -1296000.0,
        "Pretax Income": -19506000.0,
        "Other Income Expense": 180000.0,
        "Other Non Operating Income Expenses": 41000.0,
        "Special Income Charges": -43000.0,
        "Restructuring And Mergern Acquisition": 43000.0,
        "Gain On Sale Of Security": 182000.0,
        "Net Non Operating Interest Income Expense": 609000.0,
        "Total Other Finance Cost": NaN,
        "Interest Income Non Operating": 609000.0,
        "Operating Income": -20295000.0,
        "Operating Expense": 14871000.0,
        "Depreciation Amortization Depletion Income Statement": 1002000.0,
        "Depreciation And Amortization In Income Statement": 1002000.0,
        "Selling General And Administration": 13869000.0,
        "Selling And Marketing Expense": 1261000.0,
        "General And Administrative Expense": 12608000.0,
        "Other Gand A": 11885000.0,
        "Rent And Landing Fees": 723000.0,
        "Salaries And Wages": NaN,
        "Gross Profit": -5424000.0,
        "Cost Of Revenue": 26684000.0,
        "Total Revenue": 21260000.0,
        "Operating Revenue": 21260000.0
    }
}