{
    "2023-03-31": {
        "Tax Effect Of Unusual Items": NaN,
        "Tax Rate For Calcs": NaN,
        "Normalized EBITDA": NaN,
        "Net Income From Continuing Operation Net Minority Interest": NaN,
        "Reconciled Depreciation": NaN,
        "Reconciled Cost Of Revenue": NaN,
        "EBITDA": NaN,
        "EBIT": NaN,
        "Net Interest Income": NaN,
        "Interest Expense": NaN,
        "Interest Income": 60000.0,
        "Normalized Income": NaN,
        "Net Income From Continuing And Discontinued Operation": NaN,
        "Total Expenses": NaN,
        "Total Operating Income As Reported": NaN,
        "Diluted Average Shares": NaN,
        "Basic Average Shares": NaN,
        "Diluted EPS": NaN,
        "Basic EPS": NaN,
        "Diluted NI Availto Com Stockholders": NaN,
        "Net Income Common Stockholders": NaN,
        "Net Income": NaN,
        "Net Income Including Noncontrolling Interests": NaN,
        "Net Income Continuous Operations": NaN,
        "Pretax Income": NaN,
        "Net Non Operating Interest Income Expense": NaN,
        "Total Other Finance Cost": NaN,
        "Interest Expense Non Operating": NaN,
        "Interest Income Non Operating": 60000.0,
        "Operating Income": NaN,
        "Operating Expense": NaN,
        "Research And Development": NaN,
        "Selling General And Administration": NaN,
        "Selling And Marketing Expense": NaN,
        "General And Administrative Expense": NaN,
        "Other Gand A": NaN,
        "Gross Profit": NaN,
        "Cost Of Revenue": NaN,
        "Total Revenue": NaN,
        "Operating Revenue": NaN
    },
    "2022-12-31": {
        "Tax Effect Of Unusual Items": NaN,
        "Tax Rate For Calcs": NaN,
        "Normalized EBITDA": NaN,
        "Net Income From Continuing Operation Net Minority Interest": NaN,
        "Reconciled Depreciation": NaN,
        "Reconciled Cost Of Revenue": NaN,
        "EBITDA": NaN,
        "EBIT": NaN,
        "Net Interest Income": NaN,
        "Interest Expense": NaN,
        "Interest Income": NaN,
        "Normalized Income": NaN,
        "Net Income From Continuing And Discontinued Operation": NaN,
        "Total Expenses": NaN,
        "Total Operating Income As Reported": NaN,
        "Diluted Average Shares": NaN,
        "Basic Average Shares": NaN,
        "Diluted EPS": NaN,
        "Basic EPS": NaN,
        "Diluted NI Availto Com Stockholders": NaN,
        "Net Income Common Stockholders": NaN,
        "Net Income": NaN,
        "Net Income Including Noncontrolling Interests": NaN,
        "Net Income Continuous Operations": NaN,
        "Pretax Income": NaN,
        "Net Non Operating Interest Income Expense": NaN,
        "Total Other Finance Cost": -4931000.0,
        "Interest Expense Non Operating": NaN,
        "Interest Income Non Operating": NaN,
        "Operating Income": NaN,
        "Operating Expense": NaN,
        "Research And Development": NaN,
        "Selling General And Administration": NaN,
        "Selling And Marketing Expense": NaN,
        "General And Administrative Expense": NaN,
        "Other Gand A": NaN,
        "Gross Profit": NaN,
        "Cost Of Revenue": NaN,
        "Total Revenue": NaN,
        "Operating Revenue": NaN
    },
    "2022-09-30": {
        "Tax Effect Of Unusual Items": NaN,
        "Tax Rate For Calcs": NaN,
        "Normalized EBITDA": NaN,
        "Net Income From Continuing Operation Net Minority Interest": NaN,
        "Reconciled Depreciation": NaN,
        "Reconciled Cost Of Revenue": NaN,
        "EBITDA": NaN,
        "EBIT": NaN,
        "Net Interest Income": NaN,
        "Interest Expense": 1420000.0,
        "Interest Income": NaN,
        "Normalized Income": NaN,
        "Net Income From Continuing And Discontinued Operation": NaN,
        "Total Expenses": NaN,
        "Total Operating Income As Reported": NaN,
        "Diluted Average Shares": NaN,
        "Basic Average Shares": NaN,
        "Diluted EPS": NaN,
        "Basic EPS": NaN,
        "Diluted NI Availto Com Stockholders": NaN,
        "Net Income Common Stockholders": NaN,
        "Net Income": NaN,
        "Net Income Including Noncontrolling Interests": NaN,
        "Net Income Continuous Operations": NaN,
        "Pretax Income": NaN,
        "Net Non Operating Interest Income Expense": NaN,
        "Total Other Finance Cost": 1420000.0,
        "Interest Expense Non Operating": 1420000.0,
        "Interest Income Non Operating": NaN,
        "Operating Income": NaN,
        "Operating Expense": NaN,
        "Research And Development": NaN,
        "Selling General And Administration": NaN,
        "Selling And Marketing Expense": NaN,
        "General And Administrative Expense": NaN,
        "Other Gand A": NaN,
        "Gross Profit": NaN,
        "Cost Of Revenue": NaN,
        "Total Revenue": NaN,
        "Operating Revenue": NaN
    },
    "2022-06-30": {
        "Tax Effect Of Unusual Items": 0.0,
        "Tax Rate For Calcs": 0.0,
        "Normalized EBITDA": -4070000.0,
        "Net Income From Continuing Operation Net Minority Interest": -10116000.0,
        "Reconciled Depreciation": 55000.0,
        "Reconciled Cost Of Revenue": 90000.0,
        "EBITDA": -4070000.0,
        "EBIT": -4125000.0,
        "Net Interest Income": -5991000.0,
        "Interest Income": NaN,
        "Normalized Income": -10116000.0,
        "Net Income From Continuing And Discontinued Operation": -10116000.0,
        "Total Expenses": 4338000.0,
        "Total Operating Income As Reported": -4125000.0,
        "Diluted Average Shares": 10759485.0,
        "Basic Average Shares": 10759485.0,
        "Diluted EPS": -0.940194,
        "Basic EPS": -0.940194,
        "Diluted NI Availto Com Stockholders": -10116000.0,
        "Net Income Common Stockholders": -10116000.0,
        "Net Income": -10116000.0,
        "Net Income Including Noncontrolling Interests": -10116000.0,
        "Net Income Continuous Operations": -10116000.0,
        "Pretax Income": -10116000.0,
        "Net Non Operating Interest Income Expense": -5991000.0,
        "Total Other Finance Cost": 5991000.0,
        "Interest Income Non Operating": NaN,
        "Operating Income": -4125000.0,
        "Operating Expense": 4248000.0,
        "Research And Development": 2806000.0,
        "Selling General And Administration": 1442000.0,
        "Selling And Marketing Expense": 605000.0,
        "General And Administrative Expense": 837000.0,
        "Other Gand A": 837000.0,
        "Gross Profit": 123000.0,
        "Cost Of Revenue": 90000.0,
        "Total Revenue": 213000.0,
        "Operating Revenue": 213000.0
    },
    "2022-03-31": {
        "Diluted EPS": -0.03,
        "Total Revenue": 0,
        "Gross Profit": 0,
        "Operating Income": -4,
        "EBIT": -4,
        "Net Income": -2
    },
    "2021-12-31": {
        "Diluted EPS": -0.48,
        "Total Revenue": 0,
        "Gross Profit": 0,
        "Operating Income": -4,
        "EBIT": -4,
        "Net Income": -4
    },
    "2021-09-30": {
        "Diluted EPS": -0.3,
        "Total Revenue": 0,
        "Gross Profit": 0,
        "Operating Income": -4,
        "EBIT": -4,
        "Net Income": -4
    },
    "2021-06-30": {
        "Diluted EPS": -0.3,
        "Total Revenue": NaN,
        "Gross Profit": NaN,
        "Operating Income": -4,
        "EBIT": -4,
        "Net Income": -3
    },
    "2021-03-31": {
        "Diluted EPS": -0.42,
        "Total Revenue": NaN,
        "Gross Profit": NaN,
        "Operating Income": -4,
        "EBIT": -4,
        "Net Income": -4
    },
    "2020-12-31": {
        "Diluted EPS": -0.27,
        "Total Revenue": NaN,
        "Gross Profit": NaN,
        "Operating Income": -3,
        "EBIT": -3,
        "Net Income": -4
    },
    "2020-09-30": {
        "Diluted EPS": -0.45,
        "Total Revenue": NaN,
        "Gross Profit": NaN,
        "Operating Income": -3,
        "EBIT": -3,
        "Net Income": -4
    },
    "2020-06-30": {
        "Diluted EPS": -0.6,
        "Total Revenue": NaN,
        "Gross Profit": NaN,
        "Operating Income": -3,
        "EBIT": -3,
        "Net Income": -3
    },
    "2020-03-31": {
        "Diluted EPS": -0.78,
        "Total Revenue": NaN,
        "Gross Profit": NaN,
        "Operating Income": -3,
        "EBIT": -3,
        "Net Income": -4
    },
    "2019-12-31": {
        "Diluted EPS": -0.45,
        "Total Revenue": NaN,
        "Gross Profit": NaN,
        "Operating Income": -4,
        "EBIT": -4,
        "Net Income": -4
    },
    "2019-09-30": {
        "Diluted EPS": -0.9,
        "Total Revenue": NaN,
        "Gross Profit": NaN,
        "Operating Income": -4,
        "EBIT": -4,
        "Net Income": -4
    },
    "2019-06-30": {
        "Diluted EPS": -0.9,
        "Total Revenue": NaN,
        "Gross Profit": NaN,
        "Operating Income": -4,
        "EBIT": -4,
        "Net Income": -4
    },
    "2019-03-31": {
        "Diluted EPS": -0.75,
        "Total Revenue": NaN,
        "Gross Profit": NaN,
        "Operating Income": -4,
        "EBIT": -4,
        "Net Income": -3
    },
    "2018-12-31": {
        "Diluted EPS": 0.78,
        "Total Revenue": NaN,
        "Gross Profit": NaN,
        "Operating Income": -3,
        "EBIT": -3,
        "Net Income": -9
    },
    "2018-09-30": {
        "Diluted EPS": -0.9,
        "Total Revenue": NaN,
        "Gross Profit": NaN,
        "Operating Income": -3,
        "EBIT": -3,
        "Net Income": -4
    },
    "2018-06-30": {
        "Diluted EPS": -1.2,
        "Total Revenue": NaN,
        "Gross Profit": NaN,
        "Operating Income": -3,
        "EBIT": -3,
        "Net Income": -4
    },
    "2018-03-31": {
        "Diluted EPS": 0.6,
        "Total Revenue": NaN,
        "Gross Profit": NaN,
        "Operating Income": -3,
        "EBIT": -3,
        "Net Income": 3
    },
    "2017-12-31": {
        "Diluted EPS": 5.7,
        "Total Revenue": NaN,
        "Gross Profit": NaN,
        "Operating Income": -3,
        "EBIT": -3,
        "Net Income": 6
    },
    "2017-09-30": {
        "Diluted EPS": 1.2,
        "Total Revenue": NaN,
        "Gross Profit": NaN,
        "Operating Income": -2,
        "EBIT": -2,
        "Net Income": 4
    },
    "2017-06-30": {
        "Diluted EPS": 0.0,
        "Total Revenue": NaN,
        "Gross Profit": NaN,
        "Operating Income": NaN,
        "Net Income": NaN
    },
    "2017-03-31": {
        "Diluted EPS": -2.1,
        "Total Revenue": NaN,
        "Gross Profit": NaN,
        "Operating Income": -1,
        "EBIT": -1,
        "Net Income": -5
    },
    "2016-12-31": {
        "Diluted EPS": 0.0,
        "Total Revenue": NaN,
        "Gross Profit": NaN,
        "Operating Income": NaN,
        "EBIT": NaN,
        "Net Income": NaN
    },
    "2016-09-30": {
        "Diluted EPS": 0.0,
        "Total Revenue": NaN,
        "Gross Profit": NaN,
        "Operating Income": -1,
        "EBIT": -1,
        "Net Income": 1
    },
    "2015-12-31": {
        "Diluted EPS": 0.0,
        "Total Revenue": NaN,
        "Gross Profit": NaN,
        "Operating Income": NaN,
        "EBIT": NaN,
        "Net Income": NaN
    },
    "2023-06-30": {
        "Tax Effect Of Unusual Items": NaN,
        "Tax Rate For Calcs": NaN,
        "Normalized EBITDA": NaN,
        "Net Income From Continuing Operation Net Minority Interest": NaN,
        "Reconciled Depreciation": NaN,
        "Reconciled Cost Of Revenue": NaN,
        "EBITDA": NaN,
        "EBIT": NaN,
        "Net Interest Income": NaN,
        "Interest Expense": NaN,
        "Interest Income": NaN,
        "Normalized Income": NaN,
        "Net Income From Continuing And Discontinued Operation": NaN,
        "Total Expenses": NaN,
        "Total Operating Income As Reported": NaN,
        "Diluted Average Shares": 10765985.0,
        "Basic Average Shares": 10765985.0,
        "Diluted EPS": -0.6,
        "Basic EPS": -0.6,
        "Diluted NI Availto Com Stockholders": NaN,
        "Net Income Common Stockholders": NaN,
        "Net Income": NaN,
        "Net Income Including Noncontrolling Interests": NaN,
        "Net Income Continuous Operations": NaN,
        "Pretax Income": NaN,
        "Net Non Operating Interest Income Expense": NaN,
        "Total Other Finance Cost": 1715000.0,
        "Interest Expense Non Operating": NaN,
        "Interest Income Non Operating": NaN,
        "Operating Income": NaN,
        "Operating Expense": NaN,
        "Research And Development": NaN,
        "Selling General And Administration": NaN,
        "Selling And Marketing Expense": NaN,
        "General And Administrative Expense": NaN,
        "Other Gand A": NaN,
        "Gross Profit": NaN,
        "Cost Of Revenue": NaN,
        "Total Revenue": NaN,
        "Operating Revenue": NaN
    },
    "2023-09-30": {
        "Tax Effect Of Unusual Items": NaN,
        "Tax Rate For Calcs": NaN,
        "Normalized EBITDA": NaN,
        "Net Income From Continuing Operation Net Minority Interest": NaN,
        "Reconciled Depreciation": NaN,
        "Reconciled Cost Of Revenue": NaN,
        "EBITDA": NaN,
        "EBIT": NaN,
        "Net Interest Income": NaN,
        "Interest Expense": 209000.0,
        "Interest Income": NaN,
        "Normalized Income": NaN,
        "Net Income From Continuing And Discontinued Operation": NaN,
        "Total Expenses": NaN,
        "Total Operating Income As Reported": NaN,
        "Diluted Average Shares": 10825935.0,
        "Basic Average Shares": 10825935.0,
        "Diluted EPS": -0.388511,
        "Basic EPS": -0.388511,
        "Diluted NI Availto Com Stockholders": NaN,
        "Net Income Common Stockholders": NaN,
        "Net Income": NaN,
        "Net Income Including Noncontrolling Interests": NaN,
        "Net Income Continuous Operations": NaN,
        "Pretax Income": NaN,
        "Net Non Operating Interest Income Expense": NaN,
        "Total Other Finance Cost": NaN,
        "Interest Expense Non Operating": 209000.0,
        "Interest Income Non Operating": NaN,
        "Operating Income": NaN,
        "Operating Expense": NaN,
        "Research And Development": NaN,
        "Selling General And Administration": NaN,
        "Selling And Marketing Expense": NaN,
        "General And Administrative Expense": NaN,
        "Other Gand A": NaN,
        "Gross Profit": NaN,
        "Cost Of Revenue": NaN,
        "Total Revenue": NaN,
        "Operating Revenue": NaN
    },
    "2023-12-31": {
        "Tax Effect Of Unusual Items": 0.0,
        "Tax Rate For Calcs": 0.0,
        "Normalized EBITDA": -3224000.0,
        "Net Income From Continuing Operation Net Minority Interest": -3553000.0,
        "Reconciled Depreciation": 74000.0,
        "Reconciled Cost Of Revenue": 39000.0,
        "EBITDA": -3224000.0,
        "EBIT": -3298000.0,
        "Net Interest Income": 2521000.0,
        "Interest Income": NaN,
        "Normalized Income": -3553000.0,
        "Net Income From Continuing And Discontinued Operation": -3553000.0,
        "Total Expenses": 3436000.0,
        "Total Operating Income As Reported": -3298000.0,
        "Diluted Average Shares": NaN,
        "Basic Average Shares": NaN,
        "Diluted EPS": NaN,
        "Basic EPS": NaN,
        "Diluted NI Availto Com Stockholders": -3553000.0,
        "Net Income Common Stockholders": -3553000.0,
        "Net Income": -3553000.0,
        "Net Income Including Noncontrolling Interests": -3553000.0,
        "Net Income Continuous Operations": -3553000.0,
        "Pretax Income": -3553000.0,
        "Net Non Operating Interest Income Expense": 2521000.0,
        "Total Other Finance Cost": NaN,
        "Interest Income Non Operating": NaN,
        "Operating Income": -3298000.0,
        "Operating Expense": 3397000.0,
        "Research And Development": 2432000.0,
        "Selling General And Administration": 965000.0,
        "Selling And Marketing Expense": -1201000.0,
        "General And Administrative Expense": 2166000.0,
        "Other Gand A": -1024000.0,
        "Gross Profit": 99000.0,
        "Cost Of Revenue": 39000.0,
        "Total Revenue": 138000.0,
        "Operating Revenue": 138000.0
    },
    "2024-03-31": {
        "Tax Effect Of Unusual Items": 0.0,
        "Tax Rate For Calcs": 0.0,
        "Normalized EBITDA": -2847000.0,
        "Net Income From Continuing Operation Net Minority Interest": -1536000.0,
        "Reconciled Depreciation": 62000.0,
        "Reconciled Cost Of Revenue": 34000.0,
        "EBITDA": -2847000.0,
        "EBIT": -2909000.0,
        "Net Interest Income": 1373000.0,
        "Interest Income": 1373000.0,
        "Normalized Income": -1536000.0,
        "Net Income From Continuing And Discontinued Operation": -1536000.0,
        "Total Expenses": 3010000.0,
        "Total Operating Income As Reported": -2909000.0,
        "Diluted Average Shares": 15325935.0,
        "Basic Average Shares": 15325935.0,
        "Diluted EPS": -0.100222,
        "Basic EPS": -0.100222,
        "Diluted NI Availto Com Stockholders": -1536000.0,
        "Net Income Common Stockholders": -1536000.0,
        "Net Income": -1536000.0,
        "Net Income Including Noncontrolling Interests": -1536000.0,
        "Net Income Continuous Operations": -1536000.0,
        "Pretax Income": -1536000.0,
        "Net Non Operating Interest Income Expense": 1373000.0,
        "Total Other Finance Cost": NaN,
        "Interest Income Non Operating": 1373000.0,
        "Operating Income": -2909000.0,
        "Operating Expense": 2976000.0,
        "Research And Development": 2158000.0,
        "Selling General And Administration": 818000.0,
        "Selling And Marketing Expense": 265000.0,
        "General And Administrative Expense": 553000.0,
        "Other Gand A": 553000.0,
        "Gross Profit": 67000.0,
        "Cost Of Revenue": 34000.0,
        "Total Revenue": 101000.0,
        "Operating Revenue": 101000.0
    },
    "2024-06-30": {
        "Tax Effect Of Unusual Items": 0.0,
        "Tax Rate For Calcs": 0.0,
        "Normalized EBITDA": -3155000.0,
        "Net Income From Continuing Operation Net Minority Interest": -3172000.0,
        "Reconciled Depreciation": 46000.0,
        "Reconciled Cost Of Revenue": 38000.0,
        "EBITDA": -3155000.0,
        "EBIT": -3201000.0,
        "Net Interest Income": 29000.0,
        "Interest Income": NaN,
        "Normalized Income": -3172000.0,
        "Net Income From Continuing And Discontinued Operation": -3172000.0,
        "Total Expenses": 3324000.0,
        "Total Operating Income As Reported": -3201000.0,
        "Diluted Average Shares": 15325935.0,
        "Basic Average Shares": 15325935.0,
        "Diluted EPS": -0.3,
        "Basic EPS": -0.3,
        "Diluted NI Availto Com Stockholders": -3172000.0,
        "Net Income Common Stockholders": -3172000.0,
        "Net Income": -3172000.0,
        "Net Income Including Noncontrolling Interests": -3172000.0,
        "Net Income Continuous Operations": -3172000.0,
        "Pretax Income": -3172000.0,
        "Net Non Operating Interest Income Expense": 29000.0,
        "Total Other Finance Cost": -29000.0,
        "Interest Income Non Operating": NaN,
        "Operating Income": -3201000.0,
        "Operating Expense": 3286000.0,
        "Research And Development": 2367000.0,
        "Selling General And Administration": 919000.0,
        "Selling And Marketing Expense": 311000.0,
        "General And Administrative Expense": 608000.0,
        "Other Gand A": 608000.0,
        "Gross Profit": 85000.0,
        "Cost Of Revenue": 38000.0,
        "Total Revenue": 123000.0,
        "Operating Revenue": 123000.0
    },
    "2024-09-30": {
        "Tax Effect Of Unusual Items": 0.0,
        "Tax Rate For Calcs": 0.0,
        "Normalized EBITDA": -3347000.0,
        "Net Income From Continuing Operation Net Minority Interest": -3330000.0,
        "Reconciled Depreciation": 44000.0,
        "Reconciled Cost Of Revenue": 76000.0,
        "EBITDA": -3347000.0,
        "EBIT": -3391000.0,
        "Net Interest Income": 61000.0,
        "Interest Income": 61000.0,
        "Normalized Income": -3330000.0,
        "Net Income From Continuing And Discontinued Operation": -3330000.0,
        "Total Expenses": 3502000.0,
        "Total Operating Income As Reported": -3391000.0,
        "Diluted Average Shares": 15325935.0,
        "Basic Average Shares": 15325935.0,
        "Diluted EPS": -0.217279,
        "Basic EPS": -0.217279,
        "Diluted NI Availto Com Stockholders": -3330000.0,
        "Net Income Common Stockholders": -3330000.0,
        "Net Income": -3330000.0,
        "Net Income Including Noncontrolling Interests": -3330000.0,
        "Net Income Continuous Operations": -3330000.0,
        "Pretax Income": -3330000.0,
        "Net Non Operating Interest Income Expense": 61000.0,
        "Total Other Finance Cost": NaN,
        "Interest Income Non Operating": 61000.0,
        "Operating Income": -3391000.0,
        "Operating Expense": 3426000.0,
        "Research And Development": 2442000.0,
        "Selling General And Administration": 984000.0,
        "Selling And Marketing Expense": 238000.0,
        "General And Administrative Expense": 746000.0,
        "Other Gand A": 746000.0,
        "Gross Profit": 35000.0,
        "Cost Of Revenue": 76000.0,
        "Total Revenue": 111000.0,
        "Operating Revenue": 111000.0
    },
    "2024-12-31": {
        "Tax Effect Of Unusual Items": 0.0,
        "Tax Rate For Calcs": 0.0,
        "Normalized EBITDA": -3128000.0,
        "Net Income From Continuing Operation Net Minority Interest": -3100000.0,
        "Reconciled Depreciation": 47000.0,
        "Reconciled Cost Of Revenue": 24000.0,
        "EBITDA": -3128000.0,
        "EBIT": -3175000.0,
        "Net Interest Income": -1041000.0,
        "Interest Income": -1032000.0,
        "Normalized Income": -3100000.0,
        "Net Income From Continuing And Discontinued Operation": -3100000.0,
        "Total Expenses": 3276000.0,
        "Total Operating Income As Reported": -3175000.0,
        "Diluted Average Shares": NaN,
        "Basic Average Shares": NaN,
        "Diluted EPS": NaN,
        "Basic EPS": NaN,
        "Diluted NI Availto Com Stockholders": -3100000.0,
        "Net Income Common Stockholders": -3100000.0,
        "Net Income": -3100000.0,
        "Net Income Including Noncontrolling Interests": -3100000.0,
        "Net Income Continuous Operations": -3100000.0,
        "Pretax Income": -3100000.0,
        "Net Non Operating Interest Income Expense": -1041000.0,
        "Total Other Finance Cost": NaN,
        "Interest Income Non Operating": -1032000.0,
        "Operating Income": -3175000.0,
        "Operating Expense": 3252000.0,
        "Research And Development": 2176000.0,
        "Selling General And Administration": 1076000.0,
        "Selling And Marketing Expense": -649000.0,
        "General And Administrative Expense": 1725000.0,
        "Other Gand A": -712000.0,
        "Gross Profit": 77000.0,
        "Cost Of Revenue": 24000.0,
        "Total Revenue": 101000.0,
        "Operating Revenue": 101000.0
    }
}