{
    "2023-03-31": {
        "Tax Effect Of Unusual Items": NaN,
        "Tax Rate For Calcs": NaN,
        "Normalized EBITDA": NaN,
        "Total Unusual Items": NaN,
        "Total Unusual Items Excluding Goodwill": NaN,
        "Net Income From Continuing Operation Net Minority Interest": NaN,
        "Reconciled Depreciation": NaN,
        "Reconciled Cost Of Revenue": NaN,
        "EBITDA": NaN,
        "EBIT": NaN,
        "Net Interest Income": NaN,
        "Interest Expense": NaN,
        "Interest Income": 0.0,
        "Normalized Income": NaN,
        "Net Income From Continuing And Discontinued Operation": NaN,
        "Total Expenses": NaN,
        "Total Operating Income As Reported": NaN,
        "Diluted Average Shares": 10450000.0,
        "Basic Average Shares": 10450000.0,
        "Diluted EPS": -0.19,
        "Basic EPS": -0.19,
        "Diluted NI Availto Com Stockholders": NaN,
        "Net Income Common Stockholders": NaN,
        "Net Income": NaN,
        "Net Income Including Noncontrolling Interests": NaN,
        "Net Income Continuous Operations": NaN,
        "Tax Provision": 0.0,
        "Pretax Income": NaN,
        "Other Income Expense": NaN,
        "Special Income Charges": NaN,
        "Gain On Sale Of Ppe": NaN,
        "Impairment Of Capital Assets": NaN,
        "Gain On Sale Of Security": NaN,
        "Net Non Operating Interest Income Expense": NaN,
        "Interest Expense Non Operating": NaN,
        "Interest Income Non Operating": 0.0,
        "Operating Income": NaN,
        "Operating Expense": NaN,
        "Depreciation Amortization Depletion Income Statement": NaN,
        "Depreciation And Amortization In Income Statement": NaN,
        "Depreciation Income Statement": 35696.0,
        "Research And Development": NaN,
        "Selling General And Administration": NaN,
        "General And Administrative Expense": NaN,
        "Other Gand A": NaN,
        "Salaries And Wages": NaN,
        "Gross Profit": NaN,
        "Cost Of Revenue": NaN,
        "Total Revenue": NaN,
        "Operating Revenue": NaN
    },
    "2022-12-31": {
        "Tax Effect Of Unusual Items": NaN,
        "Tax Rate For Calcs": NaN,
        "Normalized EBITDA": NaN,
        "Total Unusual Items": NaN,
        "Total Unusual Items Excluding Goodwill": NaN,
        "Net Income From Continuing Operation Net Minority Interest": NaN,
        "Reconciled Depreciation": NaN,
        "Reconciled Cost Of Revenue": NaN,
        "EBITDA": NaN,
        "EBIT": NaN,
        "Net Interest Income": NaN,
        "Interest Expense": NaN,
        "Interest Income": 10144.0,
        "Normalized Income": NaN,
        "Net Income From Continuing And Discontinued Operation": NaN,
        "Total Expenses": NaN,
        "Total Operating Income As Reported": NaN,
        "Diluted Average Shares": NaN,
        "Basic Average Shares": NaN,
        "Diluted EPS": NaN,
        "Basic EPS": NaN,
        "Diluted NI Availto Com Stockholders": NaN,
        "Net Income Common Stockholders": NaN,
        "Net Income": NaN,
        "Net Income Including Noncontrolling Interests": NaN,
        "Net Income Continuous Operations": NaN,
        "Tax Provision": NaN,
        "Pretax Income": NaN,
        "Other Income Expense": NaN,
        "Special Income Charges": 0.0,
        "Gain On Sale Of Ppe": 0.0,
        "Impairment Of Capital Assets": NaN,
        "Gain On Sale Of Security": NaN,
        "Net Non Operating Interest Income Expense": NaN,
        "Interest Expense Non Operating": NaN,
        "Interest Income Non Operating": 10144.0,
        "Operating Income": NaN,
        "Operating Expense": NaN,
        "Depreciation Amortization Depletion Income Statement": NaN,
        "Depreciation And Amortization In Income Statement": NaN,
        "Depreciation Income Statement": 22149.0,
        "Research And Development": NaN,
        "Selling General And Administration": NaN,
        "General And Administrative Expense": NaN,
        "Other Gand A": NaN,
        "Salaries And Wages": NaN,
        "Gross Profit": NaN,
        "Cost Of Revenue": NaN,
        "Total Revenue": NaN,
        "Operating Revenue": NaN
    },
    "2022-09-30": {
        "Tax Effect Of Unusual Items": NaN,
        "Tax Rate For Calcs": NaN,
        "Normalized EBITDA": NaN,
        "Total Unusual Items": NaN,
        "Total Unusual Items Excluding Goodwill": NaN,
        "Net Income From Continuing Operation Net Minority Interest": NaN,
        "Reconciled Depreciation": NaN,
        "Reconciled Cost Of Revenue": NaN,
        "EBITDA": NaN,
        "EBIT": NaN,
        "Net Interest Income": NaN,
        "Interest Expense": NaN,
        "Interest Income": NaN,
        "Normalized Income": NaN,
        "Net Income From Continuing And Discontinued Operation": NaN,
        "Total Expenses": NaN,
        "Total Operating Income As Reported": NaN,
        "Diluted Average Shares": 8837470.0,
        "Basic Average Shares": 8837470.0,
        "Diluted EPS": -0.12,
        "Basic EPS": -0.12,
        "Diluted NI Availto Com Stockholders": NaN,
        "Net Income Common Stockholders": NaN,
        "Net Income": NaN,
        "Net Income Including Noncontrolling Interests": NaN,
        "Net Income Continuous Operations": NaN,
        "Tax Provision": NaN,
        "Pretax Income": NaN,
        "Other Income Expense": NaN,
        "Special Income Charges": 0.0,
        "Gain On Sale Of Ppe": 0.0,
        "Gain On Sale Of Security": NaN,
        "Net Non Operating Interest Income Expense": NaN,
        "Interest Expense Non Operating": NaN,
        "Interest Income Non Operating": NaN,
        "Operating Income": NaN,
        "Operating Expense": NaN,
        "Depreciation Amortization Depletion Income Statement": NaN,
        "Depreciation And Amortization In Income Statement": NaN,
        "Depreciation Income Statement": 18744.0,
        "Research And Development": NaN,
        "Selling General And Administration": NaN,
        "General And Administrative Expense": NaN,
        "Other Gand A": NaN,
        "Salaries And Wages": NaN,
        "Gross Profit": NaN,
        "Cost Of Revenue": NaN,
        "Total Revenue": NaN,
        "Operating Revenue": NaN
    },
    "2022-06-30": {
        "Tax Effect Of Unusual Items": 0.0,
        "Tax Rate For Calcs": 0.0,
        "Normalized EBITDA": -609109.0,
        "Total Unusual Items": -31582.0,
        "Total Unusual Items Excluding Goodwill": -31582.0,
        "Net Income From Continuing Operation Net Minority Interest": -652283.0,
        "Reconciled Depreciation": 6530.0,
        "Reconciled Cost Of Revenue": 17817.0,
        "EBITDA": -640691.0,
        "EBIT": -652026.0,
        "Net Interest Income": -249.0,
        "Interest Expense": 257.0,
        "Interest Income": 8.0,
        "Normalized Income": -620701.0,
        "Net Income From Continuing And Discontinued Operation": -652283.0,
        "Total Expenses": 620452.0,
        "Total Operating Income As Reported": -620452.0,
        "Diluted Average Shares": 10000000.0,
        "Basic Average Shares": 10000000.0,
        "Diluted EPS": -0.065228,
        "Basic EPS": -0.065228,
        "Diluted NI Availto Com Stockholders": -652283.0,
        "Net Income Common Stockholders": -652283.0,
        "Net Income": -652283.0,
        "Net Income Including Noncontrolling Interests": -652283.0,
        "Net Income Continuous Operations": -652283.0,
        "Tax Provision": NaN,
        "Pretax Income": -652283.0,
        "Other Income Expense": -31582.0,
        "Special Income Charges": -31582.0,
        "Gain On Sale Of Ppe": -31582.0,
        "Gain On Sale Of Security": NaN,
        "Net Non Operating Interest Income Expense": -249.0,
        "Interest Expense Non Operating": 257.0,
        "Interest Income Non Operating": 8.0,
        "Operating Income": -620452.0,
        "Operating Expense": 607440.0,
        "Depreciation Amortization Depletion Income Statement": 11335.0,
        "Depreciation And Amortization In Income Statement": 11335.0,
        "Depreciation Income Statement": 11335.0,
        "Research And Development": 218769.0,
        "Selling General And Administration": 377336.0,
        "General And Administrative Expense": 377336.0,
        "Other Gand A": 80473.0,
        "Salaries And Wages": 296863.0,
        "Gross Profit": -13012.0,
        "Cost Of Revenue": 13012.0,
        "Total Revenue": 0.0,
        "Operating Revenue": 0.0
    },
    "2022-03-31": {
        "Diluted EPS": -0.07,
        "Total Revenue": NaN,
        "Gross Profit": 0,
        "Operating Income": -1,
        "EBIT": -1,
        "Net Income": -1
    },
    "2021-12-31": {
        "Diluted EPS": 0.0,
        "Total Revenue": NaN,
        "Gross Profit": NaN,
        "Operating Income": NaN,
        "EBIT": NaN,
        "Net Income": NaN
    },
    "2021-09-30": {
        "Diluted EPS": -0.01,
        "Total Revenue": NaN,
        "Gross Profit": NaN,
        "Operating Income": 0,
        "EBIT": 0,
        "Net Income": 0
    },
    "2021-06-30": {
        "Diluted EPS": -0.01,
        "Total Revenue": NaN,
        "Gross Profit": NaN,
        "Operating Income": 0,
        "EBIT": 0,
        "Net Income": 0
    },
    "2023-06-30": {
        "Tax Effect Of Unusual Items": 0.0,
        "Tax Rate For Calcs": 0.0,
        "Normalized EBITDA": -1571289.0,
        "Total Unusual Items": 137358.0,
        "Total Unusual Items Excluding Goodwill": 137358.0,
        "Net Income From Continuing Operation Net Minority Interest": -1483654.0,
        "Reconciled Depreciation": 48230.0,
        "Reconciled Cost Of Revenue": 40796.0,
        "EBITDA": -1433931.0,
        "EBIT": -1482161.0,
        "Net Interest Income": -1493.0,
        "Interest Expense": 1493.0,
        "Interest Income": 0.0,
        "Normalized Income": -1621012.0,
        "Net Income From Continuing And Discontinued Operation": -1483654.0,
        "Total Expenses": 1619519.0,
        "Total Operating Income As Reported": -1619519.0,
        "Diluted Average Shares": 11446391.0,
        "Basic Average Shares": 11446391.0,
        "Diluted EPS": -0.13,
        "Basic EPS": -0.13,
        "Diluted NI Availto Com Stockholders": -1483654.0,
        "Net Income Common Stockholders": -1483654.0,
        "Net Income": -1483654.0,
        "Net Income Including Noncontrolling Interests": -1483654.0,
        "Net Income Continuous Operations": -1483654.0,
        "Tax Provision": 0.0,
        "Pretax Income": -1483654.0,
        "Other Income Expense": 137358.0,
        "Special Income Charges": 0.0,
        "Gain On Sale Of Ppe": 0.0,
        "Impairment Of Capital Assets": 0.0,
        "Gain On Sale Of Security": 137358.0,
        "Net Non Operating Interest Income Expense": -1493.0,
        "Interest Expense Non Operating": 1493.0,
        "Interest Income Non Operating": 0.0,
        "Operating Income": -1619519.0,
        "Operating Expense": 1578723.0,
        "Depreciation Amortization Depletion Income Statement": 48230.0,
        "Depreciation And Amortization In Income Statement": 48230.0,
        "Depreciation Income Statement": 48230.0,
        "Research And Development": 261473.0,
        "Selling General And Administration": 1269020.0,
        "General And Administrative Expense": 1269020.0,
        "Other Gand A": 404182.0,
        "Salaries And Wages": 864838.0,
        "Gross Profit": -40796.0,
        "Cost Of Revenue": 40796.0,
        "Total Revenue": 0.0,
        "Operating Revenue": 0.0
    },
    "2023-09-30": {
        "Tax Effect Of Unusual Items": 0.0,
        "Tax Rate For Calcs": 0.0,
        "Normalized EBITDA": -1200145.0,
        "Total Unusual Items": 205457.0,
        "Total Unusual Items Excluding Goodwill": 205457.0,
        "Net Income From Continuing Operation Net Minority Interest": -1046314.0,
        "Reconciled Depreciation": 50482.0,
        "Reconciled Cost Of Revenue": 11621.0,
        "EBITDA": -994688.0,
        "EBIT": -1045170.0,
        "Net Interest Income": 257.0,
        "Interest Expense": 1144.0,
        "Interest Income": 1401.0,
        "Normalized Income": -1251771.0,
        "Net Income From Continuing And Discontinued Operation": -1046314.0,
        "Total Expenses": 1270587.0,
        "Total Operating Income As Reported": -1252028.0,
        "Diluted Average Shares": 15784000.0,
        "Basic Average Shares": 15784000.0,
        "Diluted EPS": -0.07,
        "Basic EPS": -0.07,
        "Diluted NI Availto Com Stockholders": -1046314.0,
        "Net Income Common Stockholders": -1046314.0,
        "Net Income": -1046314.0,
        "Net Income Including Noncontrolling Interests": -1046314.0,
        "Net Income Continuous Operations": -1046314.0,
        "Tax Provision": NaN,
        "Pretax Income": -1046314.0,
        "Other Income Expense": 205457.0,
        "Special Income Charges": 0.0,
        "Gain On Sale Of Ppe": 0.0,
        "Impairment Of Capital Assets": NaN,
        "Gain On Sale Of Security": 205457.0,
        "Net Non Operating Interest Income Expense": 257.0,
        "Interest Expense Non Operating": 1144.0,
        "Interest Income Non Operating": 1401.0,
        "Operating Income": -1252028.0,
        "Operating Expense": 1258966.0,
        "Depreciation Amortization Depletion Income Statement": 50482.0,
        "Depreciation And Amortization In Income Statement": 50482.0,
        "Depreciation Income Statement": NaN,
        "Research And Development": 60667.0,
        "Selling General And Administration": 1147817.0,
        "General And Administrative Expense": 1147817.0,
        "Other Gand A": 309960.0,
        "Salaries And Wages": 837857.0,
        "Gross Profit": 6938.0,
        "Cost Of Revenue": 11621.0,
        "Total Revenue": 18559.0,
        "Operating Revenue": 18559.0
    },
    "2023-12-31": {
        "Tax Effect Of Unusual Items": 0.0,
        "Tax Rate For Calcs": 0.0,
        "Normalized EBITDA": -1540644.0,
        "Total Unusual Items": 194889.0,
        "Total Unusual Items Excluding Goodwill": 194889.0,
        "Net Income From Continuing Operation Net Minority Interest": -1398013.0,
        "Reconciled Depreciation": 51492.0,
        "Reconciled Cost Of Revenue": 55279.0,
        "EBITDA": -1345755.0,
        "EBIT": -1397247.0,
        "Net Interest Income": -766.0,
        "Interest Expense": 766.0,
        "Interest Income": 0.0,
        "Normalized Income": -1592902.0,
        "Net Income From Continuing And Discontinued Operation": -1398013.0,
        "Total Expenses": 1610695.0,
        "Total Operating Income As Reported": -1592136.0,
        "Diluted Average Shares": NaN,
        "Basic Average Shares": NaN,
        "Diluted EPS": NaN,
        "Basic EPS": NaN,
        "Diluted NI Availto Com Stockholders": -1398013.0,
        "Net Income Common Stockholders": -1398013.0,
        "Net Income": -1398013.0,
        "Net Income Including Noncontrolling Interests": -1398013.0,
        "Net Income Continuous Operations": -1398013.0,
        "Tax Provision": NaN,
        "Pretax Income": -1398013.0,
        "Other Income Expense": 194889.0,
        "Special Income Charges": 0.0,
        "Gain On Sale Of Ppe": 0.0,
        "Impairment Of Capital Assets": NaN,
        "Gain On Sale Of Security": 194889.0,
        "Net Non Operating Interest Income Expense": -766.0,
        "Interest Expense Non Operating": 766.0,
        "Interest Income Non Operating": 0.0,
        "Operating Income": -1592136.0,
        "Operating Expense": 1555416.0,
        "Depreciation Amortization Depletion Income Statement": 51492.0,
        "Depreciation And Amortization In Income Statement": 51492.0,
        "Depreciation Income Statement": NaN,
        "Research And Development": 516116.0,
        "Selling General And Administration": 987808.0,
        "General And Administrative Expense": 987808.0,
        "Other Gand A": 274073.0,
        "Salaries And Wages": 713735.0,
        "Gross Profit": -36720.0,
        "Cost Of Revenue": 55279.0,
        "Total Revenue": 18559.0,
        "Operating Revenue": 18559.0
    },
    "2024-03-31": {
        "Tax Effect Of Unusual Items": 0.0,
        "Tax Rate For Calcs": 0.0,
        "Normalized EBITDA": -1259394.0,
        "Total Unusual Items": 150627.0,
        "Total Unusual Items Excluding Goodwill": 150627.0,
        "Net Income From Continuing Operation Net Minority Interest": -1167837.0,
        "Reconciled Depreciation": 55945.0,
        "Reconciled Cost Of Revenue": 29572.0,
        "EBITDA": -1108767.0,
        "EBIT": -1164712.0,
        "Net Interest Income": -3125.0,
        "Interest Expense": 3125.0,
        "Interest Income": NaN,
        "Normalized Income": -1318464.0,
        "Net Income From Continuing And Discontinued Operation": -1167837.0,
        "Total Expenses": 1315339.0,
        "Total Operating Income As Reported": -1315339.0,
        "Diluted Average Shares": 15754774.0,
        "Basic Average Shares": 15754774.0,
        "Diluted EPS": -0.07,
        "Basic EPS": -0.07,
        "Diluted NI Availto Com Stockholders": -1167837.0,
        "Net Income Common Stockholders": -1167837.0,
        "Net Income": -1167837.0,
        "Net Income Including Noncontrolling Interests": -1167837.0,
        "Net Income Continuous Operations": -1167837.0,
        "Tax Provision": 0.0,
        "Pretax Income": -1167837.0,
        "Other Income Expense": 150627.0,
        "Special Income Charges": NaN,
        "Gain On Sale Of Ppe": NaN,
        "Impairment Of Capital Assets": NaN,
        "Gain On Sale Of Security": 150627.0,
        "Net Non Operating Interest Income Expense": -3125.0,
        "Interest Expense Non Operating": 3125.0,
        "Interest Income Non Operating": NaN,
        "Operating Income": -1315339.0,
        "Operating Expense": 1285767.0,
        "Depreciation Amortization Depletion Income Statement": 55945.0,
        "Depreciation And Amortization In Income Statement": 55945.0,
        "Depreciation Income Statement": 55945.0,
        "Research And Development": 169198.0,
        "Selling General And Administration": 1060624.0,
        "General And Administrative Expense": 1060624.0,
        "Other Gand A": 370081.0,
        "Salaries And Wages": 690543.0,
        "Gross Profit": -29572.0,
        "Cost Of Revenue": 29572.0,
        "Total Revenue": 0.0,
        "Operating Revenue": 0.0
    },
    "2024-06-30": {
        "Tax Effect Of Unusual Items": 0.0,
        "Tax Rate For Calcs": 0.0,
        "Normalized EBITDA": -1205597.0,
        "Total Unusual Items": -1561337.0,
        "Total Unusual Items Excluding Goodwill": -1561337.0,
        "Net Income From Continuing Operation Net Minority Interest": -2831554.0,
        "Reconciled Depreciation": 63807.0,
        "Reconciled Cost Of Revenue": 26841.0,
        "EBITDA": -2766934.0,
        "EBIT": -2830741.0,
        "Net Interest Income": -813.0,
        "Interest Expense": 813.0,
        "Interest Income": NaN,
        "Normalized Income": -1270217.0,
        "Net Income From Continuing And Discontinued Operation": -2831554.0,
        "Total Expenses": 1269404.0,
        "Total Operating Income As Reported": -2943404.0,
        "Diluted Average Shares": 15754774.0,
        "Basic Average Shares": 15754774.0,
        "Diluted EPS": -0.18,
        "Basic EPS": -0.18,
        "Diluted NI Availto Com Stockholders": -2831554.0,
        "Net Income Common Stockholders": -2831554.0,
        "Net Income": -2831554.0,
        "Net Income Including Noncontrolling Interests": -2831554.0,
        "Net Income Continuous Operations": -2831554.0,
        "Tax Provision": NaN,
        "Pretax Income": -2831554.0,
        "Other Income Expense": -1561337.0,
        "Special Income Charges": -1674000.0,
        "Gain On Sale Of Ppe": NaN,
        "Impairment Of Capital Assets": 1674000.0,
        "Gain On Sale Of Security": 112663.0,
        "Net Non Operating Interest Income Expense": -813.0,
        "Interest Expense Non Operating": 813.0,
        "Interest Income Non Operating": NaN,
        "Operating Income": -1269404.0,
        "Operating Expense": 1242563.0,
        "Depreciation Amortization Depletion Income Statement": 63807.0,
        "Depreciation And Amortization In Income Statement": 63807.0,
        "Depreciation Income Statement": 63807.0,
        "Research And Development": 340907.0,
        "Selling General And Administration": 837849.0,
        "General And Administrative Expense": 837849.0,
        "Other Gand A": 405541.0,
        "Salaries And Wages": 432308.0,
        "Gross Profit": -26841.0,
        "Cost Of Revenue": 26841.0,
        "Total Revenue": 0.0,
        "Operating Revenue": 0.0
    }
}