{
    "2024-06-30": {
        "Tax Effect Of Unusual Items": NaN,
        "Tax Rate For Calcs": NaN,
        "Normalized EBITDA": NaN,
        "Total Unusual Items": NaN,
        "Total Unusual Items Excluding Goodwill": NaN,
        "Net Income From Continuing Operation Net Minority Interest": NaN,
        "Reconciled Depreciation": NaN,
        "Reconciled Cost Of Revenue": NaN,
        "EBITDA": NaN,
        "EBIT": NaN,
        "Net Interest Income": NaN,
        "Interest Expense": NaN,
        "Normalized Income": NaN,
        "Net Income From Continuing And Discontinued Operation": NaN,
        "Total Expenses": NaN,
        "Diluted Average Shares": 100958524.0,
        "Basic Average Shares": 100958524.0,
        "Diluted EPS": -2.26,
        "Basic EPS": -2.26,
        "Diluted NI Availto Com Stockholders": NaN,
        "Net Income Common Stockholders": NaN,
        "Otherunder Preferred Stock Dividend": 0.0,
        "Preferred Stock Dividends": NaN,
        "Net Income": NaN,
        "Net Income Including Noncontrolling Interests": NaN,
        "Net Income Continuous Operations": NaN,
        "Tax Provision": NaN,
        "Pretax Income": NaN,
        "Other Income Expense": NaN,
        "Other Non Operating Income Expenses": NaN,
        "Special Income Charges": NaN,
        "Other Special Charges": 13920000.0,
        "Impairment Of Capital Assets": NaN,
        "Restructuring And Mergern Acquisition": NaN,
        "Earnings From Equity Interest": NaN,
        "Net Non Operating Interest Income Expense": NaN,
        "Interest Expense Non Operating": NaN,
        "Operating Income": NaN,
        "Operating Expense": NaN,
        "Other Operating Expenses": NaN,
        "Provision For Doubtful Accounts": 1000000.0,
        "Selling General And Administration": NaN,
        "General And Administrative Expense": NaN,
        "Other Gand A": NaN,
        "Gross Profit": NaN,
        "Cost Of Revenue": NaN,
        "Total Revenue": NaN,
        "Operating Revenue": NaN
    },
    "2024-03-31": {
        "Tax Effect Of Unusual Items": NaN,
        "Tax Rate For Calcs": NaN,
        "Normalized EBITDA": NaN,
        "Total Unusual Items": NaN,
        "Total Unusual Items Excluding Goodwill": NaN,
        "Net Income From Continuing Operation Net Minority Interest": NaN,
        "Reconciled Depreciation": NaN,
        "Reconciled Cost Of Revenue": NaN,
        "EBITDA": NaN,
        "EBIT": NaN,
        "Net Interest Income": NaN,
        "Interest Expense": NaN,
        "Normalized Income": NaN,
        "Net Income From Continuing And Discontinued Operation": NaN,
        "Total Expenses": NaN,
        "Diluted Average Shares": NaN,
        "Basic Average Shares": NaN,
        "Diluted EPS": NaN,
        "Basic EPS": NaN,
        "Diluted NI Availto Com Stockholders": NaN,
        "Net Income Common Stockholders": NaN,
        "Otherunder Preferred Stock Dividend": 0.0,
        "Preferred Stock Dividends": NaN,
        "Net Income": NaN,
        "Net Income Including Noncontrolling Interests": NaN,
        "Net Income Continuous Operations": NaN,
        "Tax Provision": NaN,
        "Pretax Income": NaN,
        "Other Income Expense": NaN,
        "Other Non Operating Income Expenses": NaN,
        "Special Income Charges": NaN,
        "Other Special Charges": NaN,
        "Impairment Of Capital Assets": NaN,
        "Restructuring And Mergern Acquisition": NaN,
        "Earnings From Equity Interest": NaN,
        "Net Non Operating Interest Income Expense": NaN,
        "Interest Expense Non Operating": NaN,
        "Operating Income": NaN,
        "Operating Expense": NaN,
        "Other Operating Expenses": NaN,
        "Provision For Doubtful Accounts": NaN,
        "Selling General And Administration": NaN,
        "General And Administrative Expense": NaN,
        "Other Gand A": NaN,
        "Gross Profit": NaN,
        "Cost Of Revenue": NaN,
        "Total Revenue": NaN,
        "Operating Revenue": NaN
    },
    "2023-12-31": {
        "Tax Effect Of Unusual Items": NaN,
        "Tax Rate For Calcs": NaN,
        "Normalized EBITDA": NaN,
        "Total Unusual Items": NaN,
        "Total Unusual Items Excluding Goodwill": NaN,
        "Net Income From Continuing Operation Net Minority Interest": NaN,
        "Reconciled Depreciation": NaN,
        "Reconciled Cost Of Revenue": NaN,
        "EBITDA": NaN,
        "EBIT": NaN,
        "Net Interest Income": NaN,
        "Interest Expense": NaN,
        "Normalized Income": NaN,
        "Net Income From Continuing And Discontinued Operation": NaN,
        "Total Expenses": NaN,
        "Diluted Average Shares": NaN,
        "Basic Average Shares": NaN,
        "Diluted EPS": NaN,
        "Basic EPS": NaN,
        "Diluted NI Availto Com Stockholders": NaN,
        "Net Income Common Stockholders": NaN,
        "Otherunder Preferred Stock Dividend": NaN,
        "Preferred Stock Dividends": NaN,
        "Net Income": NaN,
        "Minority Interests": 0.0,
        "Net Income Including Noncontrolling Interests": NaN,
        "Net Income Discontinuous Operations": 0.0,
        "Net Income Continuous Operations": NaN,
        "Tax Provision": NaN,
        "Pretax Income": NaN,
        "Other Income Expense": NaN,
        "Other Non Operating Income Expenses": NaN,
        "Special Income Charges": NaN,
        "Gain On Sale Of Ppe": 0.0,
        "Other Special Charges": NaN,
        "Impairment Of Capital Assets": NaN,
        "Restructuring And Mergern Acquisition": NaN,
        "Earnings From Equity Interest": NaN,
        "Net Non Operating Interest Income Expense": NaN,
        "Interest Expense Non Operating": NaN,
        "Operating Income": NaN,
        "Operating Expense": NaN,
        "Other Operating Expenses": NaN,
        "Provision For Doubtful Accounts": NaN,
        "Selling General And Administration": NaN,
        "General And Administrative Expense": NaN,
        "Other Gand A": NaN,
        "Gross Profit": NaN,
        "Cost Of Revenue": NaN,
        "Total Revenue": NaN,
        "Operating Revenue": NaN
    },
    "2023-09-30": {
        "Tax Effect Of Unusual Items": NaN,
        "Tax Rate For Calcs": NaN,
        "Normalized EBITDA": NaN,
        "Total Unusual Items": NaN,
        "Total Unusual Items Excluding Goodwill": NaN,
        "Net Income From Continuing Operation Net Minority Interest": NaN,
        "Reconciled Depreciation": NaN,
        "Reconciled Cost Of Revenue": NaN,
        "EBITDA": NaN,
        "EBIT": NaN,
        "Net Interest Income": NaN,
        "Interest Expense": NaN,
        "Normalized Income": NaN,
        "Net Income From Continuing And Discontinued Operation": NaN,
        "Total Expenses": NaN,
        "Diluted Average Shares": NaN,
        "Basic Average Shares": NaN,
        "Diluted EPS": NaN,
        "Basic EPS": NaN,
        "Diluted NI Availto Com Stockholders": NaN,
        "Net Income Common Stockholders": NaN,
        "Otherunder Preferred Stock Dividend": NaN,
        "Preferred Stock Dividends": NaN,
        "Net Income": NaN,
        "Minority Interests": 0.0,
        "Net Income Including Noncontrolling Interests": NaN,
        "Net Income Discontinuous Operations": 0.0,
        "Net Income Continuous Operations": NaN,
        "Tax Provision": NaN,
        "Pretax Income": NaN,
        "Other Income Expense": NaN,
        "Other Non Operating Income Expenses": NaN,
        "Special Income Charges": NaN,
        "Gain On Sale Of Ppe": 0.0,
        "Other Special Charges": NaN,
        "Impairment Of Capital Assets": NaN,
        "Restructuring And Mergern Acquisition": NaN,
        "Earnings From Equity Interest": NaN,
        "Net Non Operating Interest Income Expense": NaN,
        "Interest Expense Non Operating": NaN,
        "Operating Income": NaN,
        "Operating Expense": NaN,
        "Other Operating Expenses": NaN,
        "Provision For Doubtful Accounts": NaN,
        "Selling General And Administration": NaN,
        "General And Administrative Expense": NaN,
        "Other Gand A": NaN,
        "Gross Profit": NaN,
        "Cost Of Revenue": NaN,
        "Total Revenue": NaN,
        "Operating Revenue": NaN
    },
    "2023-06-30": {
        "Tax Effect Of Unusual Items": NaN,
        "Tax Rate For Calcs": NaN,
        "Normalized EBITDA": NaN,
        "Total Unusual Items": NaN,
        "Total Unusual Items Excluding Goodwill": NaN,
        "Net Income From Continuing Operation Net Minority Interest": NaN,
        "Reconciled Depreciation": NaN,
        "Reconciled Cost Of Revenue": NaN,
        "EBITDA": NaN,
        "EBIT": NaN,
        "Net Interest Income": NaN,
        "Interest Expense": NaN,
        "Normalized Income": NaN,
        "Net Income From Continuing And Discontinued Operation": NaN,
        "Total Expenses": NaN,
        "Diluted Average Shares": NaN,
        "Basic Average Shares": NaN,
        "Diluted EPS": NaN,
        "Basic EPS": NaN,
        "Diluted NI Availto Com Stockholders": NaN,
        "Net Income Common Stockholders": NaN,
        "Preferred Stock Dividends": NaN,
        "Net Income": NaN,
        "Minority Interests": 0.0,
        "Net Income Including Noncontrolling Interests": NaN,
        "Net Income Discontinuous Operations": 0.0,
        "Net Income Continuous Operations": NaN,
        "Tax Provision": NaN,
        "Pretax Income": NaN,
        "Other Income Expense": NaN,
        "Other Non Operating Income Expenses": NaN,
        "Special Income Charges": NaN,
        "Gain On Sale Of Ppe": 0.0,
        "Other Special Charges": NaN,
        "Impairment Of Capital Assets": NaN,
        "Restructuring And Mergern Acquisition": NaN,
        "Earnings From Equity Interest": NaN,
        "Net Non Operating Interest Income Expense": NaN,
        "Interest Expense Non Operating": NaN,
        "Operating Income": NaN,
        "Operating Expense": NaN,
        "Other Operating Expenses": NaN,
        "Provision For Doubtful Accounts": 600000.0,
        "Selling General And Administration": NaN,
        "General And Administrative Expense": NaN,
        "Other Gand A": NaN,
        "Gross Profit": NaN,
        "Cost Of Revenue": NaN,
        "Total Revenue": NaN,
        "Operating Revenue": NaN
    },
    "2023-03-31": {
        "Tax Effect Of Unusual Items": NaN,
        "Tax Rate For Calcs": NaN,
        "Normalized EBITDA": NaN,
        "Total Unusual Items": NaN,
        "Total Unusual Items Excluding Goodwill": NaN,
        "Net Income From Continuing Operation Net Minority Interest": NaN,
        "Reconciled Depreciation": NaN,
        "Reconciled Cost Of Revenue": NaN,
        "EBITDA": NaN,
        "EBIT": NaN,
        "Net Interest Income": NaN,
        "Interest Expense": NaN,
        "Normalized Income": NaN,
        "Net Income From Continuing And Discontinued Operation": NaN,
        "Total Expenses": NaN,
        "Diluted Average Shares": NaN,
        "Basic Average Shares": NaN,
        "Diluted EPS": NaN,
        "Basic EPS": NaN,
        "Diluted NI Availto Com Stockholders": NaN,
        "Net Income Common Stockholders": NaN,
        "Preferred Stock Dividends": NaN,
        "Net Income": NaN,
        "Minority Interests": 0.0,
        "Net Income Including Noncontrolling Interests": NaN,
        "Net Income Discontinuous Operations": 0.0,
        "Net Income Continuous Operations": NaN,
        "Tax Provision": NaN,
        "Pretax Income": NaN,
        "Other Income Expense": NaN,
        "Other Non Operating Income Expenses": NaN,
        "Special Income Charges": NaN,
        "Gain On Sale Of Ppe": 0.0,
        "Other Special Charges": NaN,
        "Impairment Of Capital Assets": NaN,
        "Restructuring And Mergern Acquisition": NaN,
        "Earnings From Equity Interest": NaN,
        "Net Non Operating Interest Income Expense": NaN,
        "Interest Expense Non Operating": NaN,
        "Operating Income": NaN,
        "Operating Expense": NaN,
        "Other Operating Expenses": NaN,
        "Provision For Doubtful Accounts": NaN,
        "Selling General And Administration": NaN,
        "General And Administrative Expense": NaN,
        "Other Gand A": NaN,
        "Gross Profit": NaN,
        "Cost Of Revenue": NaN,
        "Total Revenue": NaN,
        "Operating Revenue": NaN
    },
    "2022-12-31": {
        "Tax Effect Of Unusual Items": NaN,
        "Tax Rate For Calcs": NaN,
        "Normalized EBITDA": NaN,
        "Total Unusual Items": NaN,
        "Total Unusual Items Excluding Goodwill": NaN,
        "Net Income From Continuing Operation Net Minority Interest": NaN,
        "Reconciled Depreciation": NaN,
        "Reconciled Cost Of Revenue": NaN,
        "EBITDA": NaN,
        "EBIT": NaN,
        "Net Interest Income": NaN,
        "Interest Expense": NaN,
        "Normalized Income": NaN,
        "Net Income From Continuing And Discontinued Operation": NaN,
        "Total Expenses": NaN,
        "Diluted Average Shares": NaN,
        "Basic Average Shares": NaN,
        "Diluted EPS": NaN,
        "Basic EPS": NaN,
        "Diluted NI Availto Com Stockholders": NaN,
        "Net Income Common Stockholders": NaN,
        "Preferred Stock Dividends": NaN,
        "Net Income": NaN,
        "Minority Interests": 0.0,
        "Net Income Including Noncontrolling Interests": NaN,
        "Net Income Discontinuous Operations": 0.0,
        "Net Income Continuous Operations": NaN,
        "Tax Provision": NaN,
        "Pretax Income": NaN,
        "Other Income Expense": NaN,
        "Other Non Operating Income Expenses": NaN,
        "Special Income Charges": NaN,
        "Gain On Sale Of Ppe": -2722000.0,
        "Other Special Charges": -2000.0,
        "Impairment Of Capital Assets": NaN,
        "Restructuring And Mergern Acquisition": NaN,
        "Earnings From Equity Interest": NaN,
        "Net Non Operating Interest Income Expense": NaN,
        "Interest Expense Non Operating": NaN,
        "Operating Income": NaN,
        "Operating Expense": NaN,
        "Other Operating Expenses": NaN,
        "Provision For Doubtful Accounts": NaN,
        "Selling General And Administration": NaN,
        "General And Administrative Expense": NaN,
        "Other Gand A": NaN,
        "Gross Profit": NaN,
        "Cost Of Revenue": NaN,
        "Total Revenue": NaN,
        "Operating Revenue": NaN
    },
    "2024-09-30": {
        "Tax Effect Of Unusual Items": -729950.763753,
        "Tax Rate For Calcs": 0.078145,
        "Normalized EBITDA": 230544000.0,
        "Total Unusual Items": -9341000.0,
        "Total Unusual Items Excluding Goodwill": -9341000.0,
        "Net Income From Continuing Operation Net Minority Interest": 86482000.0,
        "Reconciled Depreciation": 69453000.0,
        "Reconciled Cost Of Revenue": 276271000.0,
        "EBITDA": 221203000.0,
        "EBIT": 151750000.0,
        "Net Interest Income": -57937000.0,
        "Interest Expense": 57937000.0,
        "Normalized Income": 95093049.236247,
        "Net Income From Continuing And Discontinued Operation": 86482000.0,
        "Total Expenses": 307174000.0,
        "Diluted Average Shares": 103395348.0,
        "Basic Average Shares": 102380659.0,
        "Diluted EPS": 0.76,
        "Basic EPS": 0.76,
        "Diluted NI Availto Com Stockholders": 78147000.0,
        "Net Income Common Stockholders": 78147000.0,
        "Otherunder Preferred Stock Dividend": NaN,
        "Preferred Stock Dividends": 8335000.0,
        "Net Income": 86482000.0,
        "Net Income Including Noncontrolling Interests": 86482000.0,
        "Net Income Continuous Operations": 86482000.0,
        "Tax Provision": 7331000.0,
        "Pretax Income": 93813000.0,
        "Other Income Expense": -6870000.0,
        "Other Non Operating Income Expenses": 2909000.0,
        "Special Income Charges": -9341000.0,
        "Other Special Charges": NaN,
        "Impairment Of Capital Assets": 0.0,
        "Restructuring And Mergern Acquisition": 9341000.0,
        "Earnings From Equity Interest": -438000.0,
        "Net Non Operating Interest Income Expense": -57937000.0,
        "Interest Expense Non Operating": 57937000.0,
        "Operating Income": 158620000.0,
        "Operating Expense": 30903000.0,
        "Other Operating Expenses": 26858000.0,
        "Provision For Doubtful Accounts": NaN,
        "Selling General And Administration": 4045000.0,
        "General And Administrative Expense": 4045000.0,
        "Other Gand A": 4045000.0,
        "Gross Profit": 189523000.0,
        "Cost Of Revenue": 276271000.0,
        "Total Revenue": 465794000.0,
        "Operating Revenue": 463789000.0
    },
    "2024-12-31": {
        "Tax Effect Of Unusual Items": 351734.965067,
        "Tax Rate For Calcs": 0.051978,
        "Normalized EBITDA": 229826000.0,
        "Total Unusual Items": 6767000.0,
        "Total Unusual Items Excluding Goodwill": 6767000.0,
        "Net Income From Continuing Operation Net Minority Interest": 102448000.0,
        "Reconciled Depreciation": 67647000.0,
        "Reconciled Cost Of Revenue": 312405000.0,
        "EBITDA": 236593000.0,
        "EBIT": 168946000.0,
        "Net Interest Income": -60881000.0,
        "Interest Expense": 60881000.0,
        "Normalized Income": 96032734.965067,
        "Net Income From Continuing And Discontinued Operation": 102448000.0,
        "Total Expenses": 350558000.0,
        "Diluted Average Shares": NaN,
        "Basic Average Shares": NaN,
        "Diluted EPS": NaN,
        "Basic EPS": NaN,
        "Diluted NI Availto Com Stockholders": 86692000.0,
        "Net Income Common Stockholders": 86692000.0,
        "Otherunder Preferred Stock Dividend": NaN,
        "Preferred Stock Dividends": 7758000.0,
        "Net Income": 102448000.0,
        "Net Income Including Noncontrolling Interests": 102448000.0,
        "Net Income Continuous Operations": 102448000.0,
        "Tax Provision": 5617000.0,
        "Pretax Income": 108065000.0,
        "Other Income Expense": 20685000.0,
        "Other Non Operating Income Expenses": 14319000.0,
        "Special Income Charges": 6767000.0,
        "Other Special Charges": 3181000.0,
        "Impairment Of Capital Assets": 0.0,
        "Restructuring And Mergern Acquisition": 8757000.0,
        "Earnings From Equity Interest": -401000.0,
        "Net Non Operating Interest Income Expense": -60881000.0,
        "Interest Expense Non Operating": 60881000.0,
        "Operating Income": 148261000.0,
        "Operating Expense": 38153000.0,
        "Other Operating Expenses": 34587000.0,
        "Provision For Doubtful Accounts": NaN,
        "Selling General And Administration": 3566000.0,
        "General And Administrative Expense": 3566000.0,
        "Other Gand A": 3566000.0,
        "Gross Profit": 186414000.0,
        "Cost Of Revenue": 312405000.0,
        "Total Revenue": 498819000.0,
        "Operating Revenue": 498166000.0
    },
    "2025-03-31": {
        "Tax Effect Of Unusual Items": -1330894.07162,
        "Tax Rate For Calcs": 0.182514,
        "Normalized EBITDA": 262964000.0,
        "Total Unusual Items": -7292000.0,
        "Total Unusual Items Excluding Goodwill": -7292000.0,
        "Net Income From Continuing Operation Net Minority Interest": 102386000.0,
        "Reconciled Depreciation": 68387000.0,
        "Reconciled Cost Of Revenue": 308276000.0,
        "EBITDA": 255672000.0,
        "EBIT": 187285000.0,
        "Net Interest Income": -62040000.0,
        "Interest Expense": 62040000.0,
        "Normalized Income": 108347105.92838,
        "Net Income From Continuing And Discontinued Operation": 102386000.0,
        "Total Expenses": 343830000.0,
        "Diluted Average Shares": 103159051.0,
        "Basic Average Shares": 102552436.0,
        "Diluted EPS": 0.87,
        "Basic EPS": 0.88,
        "Diluted NI Availto Com Stockholders": 89944000.0,
        "Net Income Common Stockholders": 89944000.0,
        "Otherunder Preferred Stock Dividend": 6327000.0,
        "Preferred Stock Dividends": 6115000.0,
        "Net Income": 102386000.0,
        "Net Income Including Noncontrolling Interests": 102386000.0,
        "Net Income Continuous Operations": 102386000.0,
        "Tax Provision": 22859000.0,
        "Pretax Income": 125245000.0,
        "Other Income Expense": 29035000.0,
        "Other Non Operating Income Expenses": 43941000.0,
        "Special Income Charges": -7292000.0,
        "Other Special Charges": NaN,
        "Impairment Of Capital Assets": 0.0,
        "Restructuring And Mergern Acquisition": 7292000.0,
        "Earnings From Equity Interest": -7614000.0,
        "Net Non Operating Interest Income Expense": -62040000.0,
        "Interest Expense Non Operating": 62040000.0,
        "Operating Income": 158250000.0,
        "Operating Expense": 35554000.0,
        "Other Operating Expenses": 32438000.0,
        "Provision For Doubtful Accounts": NaN,
        "Selling General And Administration": 3116000.0,
        "General And Administrative Expense": 3116000.0,
        "Other Gand A": 3116000.0,
        "Gross Profit": 193804000.0,
        "Cost Of Revenue": 308276000.0,
        "Total Revenue": 502080000.0,
        "Operating Revenue": 502080000.0
    },
    "2025-06-30": {
        "Tax Effect Of Unusual Items": -836470.326059,
        "Tax Rate For Calcs": 0.186338,
        "Normalized EBITDA": 337407000.0,
        "Total Unusual Items": -4489000.0,
        "Total Unusual Items Excluding Goodwill": -4489000.0,
        "Net Income From Continuing Operation Net Minority Interest": 165398000.0,
        "Reconciled Depreciation": 65677000.0,
        "Reconciled Cost Of Revenue": 424494000.0,
        "EBITDA": 332918000.0,
        "EBIT": 267241000.0,
        "Net Interest Income": -63965000.0,
        "Interest Expense": 63965000.0,
        "Normalized Income": 169050529.673941,
        "Net Income From Continuing And Discontinued Operation": 165398000.0,
        "Total Expenses": 461264000.0,
        "Diluted Average Shares": 103147860.0,
        "Basic Average Shares": 102558777.0,
        "Diluted EPS": 1.57,
        "Basic EPS": 1.58,
        "Diluted NI Availto Com Stockholders": 161689000.0,
        "Net Income Common Stockholders": 161689000.0,
        "Otherunder Preferred Stock Dividend": 0.0,
        "Preferred Stock Dividends": 3709000.0,
        "Net Income": 165398000.0,
        "Net Income Including Noncontrolling Interests": 165398000.0,
        "Net Income Continuous Operations": 165398000.0,
        "Tax Provision": 37878000.0,
        "Pretax Income": 203276000.0,
        "Other Income Expense": 52268000.0,
        "Other Non Operating Income Expenses": 27156000.0,
        "Special Income Charges": -4489000.0,
        "Other Special Charges": NaN,
        "Impairment Of Capital Assets": 0.0,
        "Restructuring And Mergern Acquisition": 4489000.0,
        "Earnings From Equity Interest": 29601000.0,
        "Net Non Operating Interest Income Expense": -63965000.0,
        "Interest Expense Non Operating": 63965000.0,
        "Operating Income": 214973000.0,
        "Operating Expense": 36770000.0,
        "Other Operating Expenses": 34328000.0,
        "Provision For Doubtful Accounts": 0.0,
        "Selling General And Administration": 2442000.0,
        "General And Administrative Expense": 2442000.0,
        "Other Gand A": 2442000.0,
        "Gross Profit": 251743000.0,
        "Cost Of Revenue": 424494000.0,
        "Total Revenue": 676237000.0,
        "Operating Revenue": 673729000.0
    },
    "2025-09-30": {
        "Tax Effect Of Unusual Items": -1291567.949572,
        "Tax Rate For Calcs": 0.182786,
        "Normalized EBITDA": 279753000.0,
        "Total Unusual Items": -7066000.0,
        "Total Unusual Items Excluding Goodwill": -7066000.0,
        "Net Income From Continuing Operation Net Minority Interest": 117718000.0,
        "Reconciled Depreciation": 67855000.0,
        "Reconciled Cost Of Revenue": 418200000.0,
        "EBITDA": 272687000.0,
        "EBIT": 204832000.0,
        "Net Interest Income": -60784000.0,
        "Interest Expense": 60784000.0,
        "Normalized Income": 123492432.050428,
        "Net Income From Continuing And Discontinued Operation": 117718000.0,
        "Total Expenses": 459121000.0,
        "Diluted Average Shares": 103966650.0,
        "Basic Average Shares": 102569415.0,
        "Diluted EPS": 1.1,
        "Basic EPS": 1.11,
        "Diluted NI Availto Com Stockholders": 114009000.0,
        "Net Income Common Stockholders": 114009000.0,
        "Otherunder Preferred Stock Dividend": 0.0,
        "Preferred Stock Dividends": 3709000.0,
        "Net Income": 117718000.0,
        "Net Income Including Noncontrolling Interests": 117718000.0,
        "Net Income Continuous Operations": 117718000.0,
        "Tax Provision": 26330000.0,
        "Pretax Income": 144048000.0,
        "Other Income Expense": -3111000.0,
        "Other Non Operating Income Expenses": 3570000.0,
        "Special Income Charges": -7066000.0,
        "Other Special Charges": NaN,
        "Impairment Of Capital Assets": 0.0,
        "Restructuring And Mergern Acquisition": 7066000.0,
        "Earnings From Equity Interest": 385000.0,
        "Net Non Operating Interest Income Expense": -60784000.0,
        "Interest Expense Non Operating": 60784000.0,
        "Operating Income": 207943000.0,
        "Operating Expense": 40921000.0,
        "Other Operating Expenses": 39092000.0,
        "Provision For Doubtful Accounts": NaN,
        "Selling General And Administration": 1829000.0,
        "General And Administrative Expense": 1829000.0,
        "Other Gand A": 1829000.0,
        "Gross Profit": 248864000.0,
        "Cost Of Revenue": 418200000.0,
        "Total Revenue": 667064000.0,
        "Operating Revenue": 663772000.0
    }
}