{
    "2023-06-30": {
        "Tax Effect Of Unusual Items": NaN,
        "Tax Rate For Calcs": NaN,
        "Normalized EBITDA": NaN,
        "Total Unusual Items": NaN,
        "Total Unusual Items Excluding Goodwill": NaN,
        "Net Income From Continuing Operation Net Minority Interest": NaN,
        "Reconciled Depreciation": NaN,
        "Reconciled Cost Of Revenue": NaN,
        "EBITDA": NaN,
        "EBIT": NaN,
        "Net Interest Income": NaN,
        "Interest Expense": NaN,
        "Interest Income": NaN,
        "Normalized Income": NaN,
        "Net Income From Continuing And Discontinued Operation": NaN,
        "Total Expenses": NaN,
        "Diluted Average Shares": NaN,
        "Basic Average Shares": NaN,
        "Diluted EPS": NaN,
        "Basic EPS": NaN,
        "Diluted NI Availto Com Stockholders": NaN,
        "Net Income Common Stockholders": NaN,
        "Net Income": NaN,
        "Minority Interests": NaN,
        "Net Income Including Noncontrolling Interests": NaN,
        "Net Income Discontinuous Operations": NaN,
        "Net Income Continuous Operations": NaN,
        "Tax Provision": NaN,
        "Pretax Income": NaN,
        "Other Income Expense": NaN,
        "Other Non Operating Income Expenses": NaN,
        "Special Income Charges": NaN,
        "Gain On Sale Of Business": NaN,
        "Write Off": 5100000.0,
        "Restructuring And Mergern Acquisition": NaN,
        "Earnings From Equity Interest": NaN,
        "Net Non Operating Interest Income Expense": NaN,
        "Interest Expense Non Operating": NaN,
        "Interest Income Non Operating": NaN,
        "Operating Income": NaN,
        "Operating Expense": NaN,
        "Research And Development": NaN,
        "Selling General And Administration": NaN,
        "Gross Profit": NaN,
        "Cost Of Revenue": NaN,
        "Total Revenue": NaN,
        "Operating Revenue": NaN
    },
    "2023-03-31": {
        "Tax Effect Of Unusual Items": NaN,
        "Tax Rate For Calcs": NaN,
        "Normalized EBITDA": NaN,
        "Total Unusual Items": NaN,
        "Total Unusual Items Excluding Goodwill": NaN,
        "Net Income From Continuing Operation Net Minority Interest": NaN,
        "Reconciled Depreciation": NaN,
        "Reconciled Cost Of Revenue": NaN,
        "EBITDA": NaN,
        "EBIT": NaN,
        "Net Interest Income": NaN,
        "Interest Expense": NaN,
        "Interest Income": NaN,
        "Normalized Income": NaN,
        "Net Income From Continuing And Discontinued Operation": NaN,
        "Total Expenses": NaN,
        "Diluted Average Shares": NaN,
        "Basic Average Shares": NaN,
        "Diluted EPS": NaN,
        "Basic EPS": NaN,
        "Diluted NI Availto Com Stockholders": NaN,
        "Net Income Common Stockholders": NaN,
        "Net Income": NaN,
        "Minority Interests": NaN,
        "Net Income Including Noncontrolling Interests": NaN,
        "Net Income Discontinuous Operations": 0.0,
        "Net Income Continuous Operations": NaN,
        "Tax Provision": NaN,
        "Pretax Income": NaN,
        "Other Income Expense": NaN,
        "Other Non Operating Income Expenses": NaN,
        "Special Income Charges": NaN,
        "Gain On Sale Of Business": NaN,
        "Write Off": 600000.0,
        "Restructuring And Mergern Acquisition": 600000.0,
        "Earnings From Equity Interest": NaN,
        "Net Non Operating Interest Income Expense": NaN,
        "Interest Expense Non Operating": NaN,
        "Interest Income Non Operating": NaN,
        "Operating Income": NaN,
        "Operating Expense": NaN,
        "Research And Development": NaN,
        "Selling General And Administration": NaN,
        "Gross Profit": NaN,
        "Cost Of Revenue": NaN,
        "Total Revenue": NaN,
        "Operating Revenue": NaN
    },
    "2022-12-31": {
        "Tax Effect Of Unusual Items": NaN,
        "Tax Rate For Calcs": NaN,
        "Normalized EBITDA": NaN,
        "Total Unusual Items": NaN,
        "Total Unusual Items Excluding Goodwill": NaN,
        "Net Income From Continuing Operation Net Minority Interest": NaN,
        "Reconciled Depreciation": NaN,
        "Reconciled Cost Of Revenue": NaN,
        "EBITDA": NaN,
        "EBIT": NaN,
        "Net Interest Income": NaN,
        "Interest Expense": NaN,
        "Interest Income": NaN,
        "Normalized Income": NaN,
        "Net Income From Continuing And Discontinued Operation": NaN,
        "Total Expenses": NaN,
        "Diluted Average Shares": NaN,
        "Basic Average Shares": NaN,
        "Diluted EPS": NaN,
        "Basic EPS": NaN,
        "Diluted NI Availto Com Stockholders": NaN,
        "Net Income Common Stockholders": NaN,
        "Net Income": NaN,
        "Minority Interests": NaN,
        "Net Income Including Noncontrolling Interests": NaN,
        "Net Income Discontinuous Operations": -10600000.0,
        "Net Income Continuous Operations": NaN,
        "Tax Provision": NaN,
        "Pretax Income": NaN,
        "Other Income Expense": NaN,
        "Other Non Operating Income Expenses": NaN,
        "Special Income Charges": NaN,
        "Gain On Sale Of Business": NaN,
        "Other Special Charges": 0.0,
        "Write Off": 100000.0,
        "Restructuring And Mergern Acquisition": NaN,
        "Earnings From Equity Interest": NaN,
        "Net Non Operating Interest Income Expense": NaN,
        "Interest Expense Non Operating": NaN,
        "Interest Income Non Operating": NaN,
        "Operating Income": NaN,
        "Operating Expense": NaN,
        "Research And Development": NaN,
        "Selling General And Administration": NaN,
        "Gross Profit": NaN,
        "Cost Of Revenue": NaN,
        "Total Revenue": NaN,
        "Operating Revenue": NaN
    },
    "2022-09-30": {
        "Tax Effect Of Unusual Items": NaN,
        "Tax Rate For Calcs": NaN,
        "Normalized EBITDA": NaN,
        "Total Unusual Items": NaN,
        "Total Unusual Items Excluding Goodwill": NaN,
        "Net Income From Continuing Operation Net Minority Interest": NaN,
        "Reconciled Depreciation": NaN,
        "Reconciled Cost Of Revenue": NaN,
        "EBITDA": NaN,
        "EBIT": NaN,
        "Net Interest Income": NaN,
        "Interest Expense": NaN,
        "Interest Income": NaN,
        "Normalized Income": NaN,
        "Net Income From Continuing And Discontinued Operation": NaN,
        "Total Expenses": NaN,
        "Diluted Average Shares": NaN,
        "Basic Average Shares": NaN,
        "Diluted EPS": NaN,
        "Basic EPS": NaN,
        "Diluted NI Availto Com Stockholders": NaN,
        "Net Income Common Stockholders": NaN,
        "Net Income": NaN,
        "Minority Interests": NaN,
        "Net Income Including Noncontrolling Interests": NaN,
        "Net Income Discontinuous Operations": -15300000.0,
        "Net Income Continuous Operations": NaN,
        "Tax Provision": NaN,
        "Pretax Income": NaN,
        "Other Income Expense": NaN,
        "Other Non Operating Income Expenses": NaN,
        "Special Income Charges": NaN,
        "Gain On Sale Of Business": 0.0,
        "Other Special Charges": NaN,
        "Write Off": 6900000.0,
        "Restructuring And Mergern Acquisition": NaN,
        "Earnings From Equity Interest": NaN,
        "Net Non Operating Interest Income Expense": NaN,
        "Interest Expense Non Operating": NaN,
        "Interest Income Non Operating": NaN,
        "Operating Income": NaN,
        "Operating Expense": NaN,
        "Research And Development": NaN,
        "Selling General And Administration": NaN,
        "Gross Profit": NaN,
        "Cost Of Revenue": NaN,
        "Total Revenue": NaN,
        "Operating Revenue": NaN
    },
    "2022-06-30": {
        "Tax Effect Of Unusual Items": -11920000.0,
        "Tax Rate For Calcs": 0.4,
        "Normalized EBITDA": 179100000.0,
        "Total Unusual Items": -29800000.0,
        "Total Unusual Items Excluding Goodwill": -29800000.0,
        "Net Income From Continuing Operation Net Minority Interest": 2100000.0,
        "Reconciled Depreciation": 94000000.0,
        "Reconciled Cost Of Revenue": 1640200000.0,
        "EBITDA": 149300000.0,
        "EBIT": 55300000.0,
        "Net Interest Income": -27700000.0,
        "Interest Expense": 27700000.0,
        "Interest Income": 4000000.0,
        "Normalized Income": 19980000.0,
        "Net Income From Continuing And Discontinued Operation": 2100000.0,
        "Total Expenses": 1640200000.0,
        "Diluted Average Shares": 456800000.0,
        "Basic Average Shares": 452200000.0,
        "Diluted EPS": 0.004597,
        "Basic EPS": 0.004644,
        "Diluted NI Availto Com Stockholders": 2100000.0,
        "Net Income Common Stockholders": 2100000.0,
        "Net Income": 2100000.0,
        "Minority Interests": -5700000.0,
        "Net Income Including Noncontrolling Interests": 7800000.0,
        "Net Income Discontinuous Operations": 0.0,
        "Net Income Continuous Operations": 7800000.0,
        "Tax Provision": 19800000.0,
        "Pretax Income": 27600000.0,
        "Other Income Expense": -21700000.0,
        "Other Non Operating Income Expenses": 7300000.0,
        "Special Income Charges": -29800000.0,
        "Other Special Charges": 29800000.0,
        "Write Off": 7200000.0,
        "Earnings From Equity Interest": 800000.0,
        "Net Non Operating Interest Income Expense": -27700000.0,
        "Interest Expense Non Operating": 27700000.0,
        "Interest Income Non Operating": 4000000.0,
        "Operating Income": 77000000.0,
        "Operating Expense": 154600000.0,
        "Research And Development": 11500000.0,
        "Selling General And Administration": 143100000.0,
        "Gross Profit": 77000000.0,
        "Cost Of Revenue": 1640200000.0,
        "Total Revenue": 1717200000.0,
        "Operating Revenue": 1717200000.0
    },
    "2022-03-31": {
        "Diluted EPS": -0.13,
        "Total Revenue": NaN,
        "Gross Profit": 186,
        "Operating Income": 10,
        "EBIT": 106,
        "Net Income": -62
    },
    "2021-12-31": {
        "Diluted EPS": -0.34,
        "Total Revenue": NaN,
        "Gross Profit": 191,
        "Operating Income": -36,
        "EBIT": 60,
        "Net Income": -156
    },
    "2021-09-30": {
        "Diluted EPS": -0.07,
        "Total Revenue": NaN,
        "Gross Profit": 215,
        "Operating Income": 36,
        "EBIT": 133,
        "Net Income": -32
    },
    "2021-06-30": {
        "Diluted EPS": -0.37,
        "Total Revenue": NaN,
        "Gross Profit": 226,
        "Operating Income": 33,
        "EBIT": 131,
        "Net Income": -167
    },
    "2021-03-31": {
        "Diluted EPS": 0.81,
        "Total Revenue": NaN,
        "Gross Profit": 191,
        "Operating Income": 1,
        "EBIT": 96,
        "Net Income": 368
    },
    "2020-12-31": {
        "Diluted EPS": -0.07,
        "Total Revenue": NaN,
        "Gross Profit": 138,
        "Operating Income": -101,
        "EBIT": 13,
        "Net Income": -39
    },
    "2020-09-30": {
        "Diluted EPS": -0.01,
        "Total Revenue": NaN,
        "Gross Profit": 209,
        "Operating Income": -47,
        "EBIT": 47,
        "Net Income": -4
    },
    "2020-06-30": {
        "Diluted EPS": 0.03,
        "Total Revenue": NaN,
        "Gross Profit": 170,
        "Operating Income": -117,
        "EBIT": -17,
        "Net Income": 12
    },
    "2020-03-31": {
        "Diluted EPS": -7.28,
        "Total Revenue": NaN,
        "Gross Profit": 179,
        "Operating Income": NaN,
        "EBIT": NaN,
        "Net Income": NaN
    },
    "2019-12-31": {
        "Diluted EPS": -5.38,
        "Total Revenue": NaN,
        "Gross Profit": -741,
        "Operating Income": NaN,
        "EBIT": NaN,
        "Net Income": NaN
    },
    "2019-09-30": {
        "Diluted EPS": -0.27,
        "Total Revenue": NaN,
        "Gross Profit": 609,
        "Operating Income": 114,
        "EBIT": 256,
        "Net Income": -119
    },
    "2019-06-30": {
        "Diluted EPS": 0.21,
        "Total Revenue": NaN,
        "Gross Profit": 689,
        "Operating Income": 314,
        "EBIT": 431,
        "Net Income": 97
    },
    "2019-03-31": {
        "Diluted EPS": 0.05,
        "Total Revenue": NaN,
        "Gross Profit": 501,
        "Operating Income": 135,
        "EBIT": 254,
        "Net Income": 21
    },
    "2018-12-31": {
        "Diluted EPS": -4.93,
        "Total Revenue": NaN,
        "Gross Profit": 555,
        "Operating Income": NaN,
        "EBIT": NaN,
        "Net Income": NaN
    },
    "2018-09-30": {
        "Diluted EPS": 0.3,
        "Total Revenue": NaN,
        "Gross Profit": 585,
        "Operating Income": 280,
        "EBIT": 422,
        "Net Income": 137
    },
    "2018-06-30": {
        "Diluted EPS": 0.23,
        "Total Revenue": NaN,
        "Gross Profit": 539,
        "Operating Income": 183,
        "EBIT": 322,
        "Net Income": 106
    },
    "2018-03-31": {
        "Diluted EPS": 0.2,
        "Total Revenue": NaN,
        "Gross Profit": 601,
        "Operating Income": 239,
        "EBIT": 371,
        "Net Income": 95
    },
    "2017-12-31": {
        "Diluted EPS": -0.33,
        "Total Revenue": NaN,
        "Gross Profit": 769,
        "Operating Income": 296,
        "EBIT": 449,
        "Net Income": -154
    },
    "2017-09-30": {
        "Diluted EPS": 0.26,
        "Total Revenue": NaN,
        "Gross Profit": 673,
        "Operating Income": 269,
        "EBIT": 420,
        "Net Income": 121
    },
    "2017-06-30": {
        "Diluted EPS": 0.35,
        "Total Revenue": NaN,
        "Gross Profit": 683,
        "Operating Income": 355,
        "EBIT": 514,
        "Net Income": 165
    },
    "2017-03-31": {
        "Diluted EPS": -0.04,
        "Total Revenue": NaN,
        "Gross Profit": 408,
        "Operating Income": 46,
        "EBIT": 197,
        "Net Income": -19
    },
    "2016-12-31": {
        "Diluted EPS": -0.05,
        "Total Revenue": NaN,
        "Gross Profit": 56,
        "Operating Income": 56,
        "EBIT": 133,
        "Net Income": -11
    },
    "2016-09-30": {
        "Diluted EPS": 2.39,
        "Total Revenue": NaN,
        "Gross Profit": 445,
        "Operating Income": 256,
        "EBIT": 331,
        "Net Income": 302
    },
    "2016-06-30": {
        "Diluted EPS": 0.83,
        "Total Revenue": NaN,
        "Gross Profit": 444,
        "Operating Income": 194,
        "EBIT": 267,
        "Net Income": 104
    },
    "2016-03-31": {
        "Diluted EPS": 0.97,
        "Total Revenue": NaN,
        "Gross Profit": 400,
        "Operating Income": 196,
        "EBIT": 271,
        "Net Income": 121
    },
    "2015-12-31": {
        "Diluted EPS": 0.24,
        "Total Revenue": NaN,
        "Gross Profit": 83,
        "Operating Income": 83,
        "EBIT": 239,
        "Net Income": 56
    },
    "2015-09-30": {
        "Diluted EPS": 0.35,
        "Total Revenue": NaN,
        "Gross Profit": 371,
        "Operating Income": 123,
        "EBIT": 194,
        "Net Income": 82
    },
    "2015-06-30": {
        "Diluted EPS": 0.46,
        "Total Revenue": NaN,
        "Gross Profit": 398,
        "Operating Income": 188,
        "EBIT": 241,
        "Net Income": 108
    },
    "2015-03-31": {
        "Diluted EPS": 0.63,
        "Total Revenue": NaN,
        "Gross Profit": 413,
        "Operating Income": 199,
        "EBIT": 256,
        "Net Income": 148
    },
    "2014-12-31": {
        "Diluted EPS": 0.71,
        "Total Revenue": NaN,
        "Gross Profit": 552,
        "Operating Income": 300,
        "EBIT": 359,
        "Net Income": 169
    },
    "2014-09-30": {
        "Diluted EPS": 0.72,
        "Total Revenue": NaN,
        "Gross Profit": 497,
        "Operating Income": 295,
        "EBIT": 356,
        "Net Income": 170
    },
    "2014-06-30": {
        "Diluted EPS": 0.95,
        "Total Revenue": NaN,
        "Gross Profit": 478,
        "Operating Income": 345,
        "EBIT": 404,
        "Net Income": 226
    },
    "2014-03-31": {
        "Diluted EPS": 0.57,
        "Total Revenue": NaN,
        "Gross Profit": 421,
        "Operating Income": 213,
        "EBIT": 267,
        "Net Income": 135
    },
    "2013-12-31": {
        "Diluted EPS": 0.74,
        "Total Revenue": NaN,
        "Gross Profit": 488,
        "Operating Income": 274,
        "EBIT": 331,
        "Net Income": 178
    },
    "2013-09-30": {
        "Diluted EPS": 0.49,
        "Total Revenue": NaN,
        "Gross Profit": 371,
        "Operating Income": 178,
        "EBIT": 230,
        "Net Income": 116
    },
    "2013-06-30": {
        "Diluted EPS": 0.44,
        "Total Revenue": NaN,
        "Gross Profit": 358,
        "Operating Income": 157,
        "EBIT": 209,
        "Net Income": 105
    },
    "2013-03-31": {
        "Diluted EPS": 0.43,
        "Total Revenue": NaN,
        "Gross Profit": 339,
        "Operating Income": 140,
        "EBIT": 189,
        "Net Income": 102
    },
    "2012-12-31": {
        "Diluted EPS": 0.5,
        "Total Revenue": NaN,
        "Gross Profit": 391,
        "Operating Income": 190,
        "EBIT": 237,
        "Net Income": 120
    },
    "2012-09-30": {
        "Diluted EPS": 0.41,
        "Total Revenue": NaN,
        "Gross Profit": 320,
        "Operating Income": 137,
        "EBIT": 171,
        "Net Income": 99
    },
    "2012-06-30": {
        "Diluted EPS": 0.46,
        "Total Revenue": NaN,
        "Gross Profit": 315,
        "Operating Income": 148,
        "EBIT": 184,
        "Net Income": 112
    },
    "2012-03-31": {
        "Diluted EPS": 0.41,
        "Total Revenue": NaN,
        "Gross Profit": 293,
        "Operating Income": 130,
        "EBIT": 160,
        "Net Income": 99
    },
    "2011-12-31": {
        "Diluted EPS": 0.4,
        "Total Revenue": NaN,
        "Gross Profit": 311,
        "Operating Income": 144,
        "EBIT": 173,
        "Net Income": 99
    },
    "2011-09-30": {
        "Diluted EPS": 0.5,
        "Total Revenue": NaN,
        "Gross Profit": 307,
        "Operating Income": 173,
        "EBIT": 200,
        "Net Income": 121
    },
    "2011-06-30": {
        "Diluted EPS": 0.39,
        "Total Revenue": NaN,
        "Gross Profit": 276,
        "Operating Income": 137,
        "EBIT": 164,
        "Net Income": 94
    },
    "2011-03-31": {
        "Diluted EPS": 0.35,
        "Total Revenue": NaN,
        "Gross Profit": 239,
        "Operating Income": 107,
        "EBIT": 133,
        "Net Income": 85
    },
    "2010-12-31": {
        "Diluted EPS": 0.41,
        "Total Revenue": NaN,
        "Gross Profit": 274,
        "Operating Income": 136,
        "EBIT": 161,
        "Net Income": 99
    },
    "2010-09-30": {
        "Diluted EPS": 0.33,
        "Total Revenue": 960,
        "Gross Profit": 237,
        "Operating Income": 112,
        "EBIT": 137,
        "Net Income": 81
    },
    "2010-06-30": {
        "Diluted EPS": 0.39,
        "Total Revenue": NaN,
        "Gross Profit": 266,
        "Operating Income": 147,
        "EBIT": 170,
        "Net Income": 96
    },
    "2010-03-31": {
        "Diluted EPS": 0.4,
        "Total Revenue": NaN,
        "Gross Profit": 274,
        "Operating Income": 157,
        "EBIT": 186,
        "Net Income": 99
    },
    "2009-12-31": {
        "Diluted EPS": 0.38,
        "Total Revenue": NaN,
        "Gross Profit": 262,
        "Operating Income": 136,
        "EBIT": 165,
        "Net Income": 93
    },
    "2009-09-30": {
        "Diluted EPS": 0.37,
        "Total Revenue": NaN,
        "Gross Profit": 253,
        "Operating Income": 141,
        "EBIT": 166,
        "Net Income": 92
    },
    "2009-06-30": {
        "Diluted EPS": 0.42,
        "Total Revenue": NaN,
        "Gross Profit": 248,
        "Operating Income": 145,
        "EBIT": 166,
        "Net Income": 106
    },
    "2009-03-31": {
        "Diluted EPS": 0.28,
        "Total Revenue": NaN,
        "Gross Profit": 209,
        "Operating Income": 107,
        "EBIT": 127,
        "Net Income": 71
    },
    "2023-09-30": {
        "Tax Effect Of Unusual Items": NaN,
        "Tax Rate For Calcs": NaN,
        "Normalized EBITDA": NaN,
        "Total Unusual Items": NaN,
        "Total Unusual Items Excluding Goodwill": NaN,
        "Net Income From Continuing Operation Net Minority Interest": NaN,
        "Reconciled Depreciation": NaN,
        "Reconciled Cost Of Revenue": NaN,
        "EBITDA": NaN,
        "EBIT": NaN,
        "Net Interest Income": NaN,
        "Interest Expense": NaN,
        "Interest Income": NaN,
        "Normalized Income": NaN,
        "Net Income From Continuing And Discontinued Operation": NaN,
        "Total Expenses": NaN,
        "Diluted Average Shares": NaN,
        "Basic Average Shares": NaN,
        "Diluted EPS": NaN,
        "Basic EPS": NaN,
        "Diluted NI Availto Com Stockholders": NaN,
        "Net Income Common Stockholders": NaN,
        "Net Income": NaN,
        "Minority Interests": NaN,
        "Net Income Including Noncontrolling Interests": NaN,
        "Net Income Discontinuous Operations": 0.0,
        "Net Income Continuous Operations": NaN,
        "Tax Provision": NaN,
        "Pretax Income": NaN,
        "Other Income Expense": NaN,
        "Other Non Operating Income Expenses": NaN,
        "Special Income Charges": NaN,
        "Gain On Sale Of Business": NaN,
        "Write Off": 4300000.0,
        "Restructuring And Mergern Acquisition": NaN,
        "Earnings From Equity Interest": NaN,
        "Net Non Operating Interest Income Expense": NaN,
        "Interest Expense Non Operating": NaN,
        "Interest Income Non Operating": NaN,
        "Operating Income": NaN,
        "Operating Expense": NaN,
        "Research And Development": NaN,
        "Selling General And Administration": NaN,
        "Gross Profit": NaN,
        "Cost Of Revenue": NaN,
        "Total Revenue": NaN,
        "Operating Revenue": NaN
    },
    "2023-12-31": {
        "Tax Effect Of Unusual Items": NaN,
        "Tax Rate For Calcs": NaN,
        "Normalized EBITDA": NaN,
        "Total Unusual Items": NaN,
        "Total Unusual Items Excluding Goodwill": NaN,
        "Net Income From Continuing Operation Net Minority Interest": NaN,
        "Reconciled Depreciation": NaN,
        "Reconciled Cost Of Revenue": NaN,
        "EBITDA": NaN,
        "EBIT": NaN,
        "Net Interest Income": NaN,
        "Interest Expense": NaN,
        "Interest Income": NaN,
        "Normalized Income": NaN,
        "Net Income From Continuing And Discontinued Operation": NaN,
        "Total Expenses": NaN,
        "Diluted Average Shares": NaN,
        "Basic Average Shares": NaN,
        "Diluted EPS": NaN,
        "Basic EPS": NaN,
        "Diluted NI Availto Com Stockholders": NaN,
        "Net Income Common Stockholders": NaN,
        "Net Income": NaN,
        "Minority Interests": NaN,
        "Net Income Including Noncontrolling Interests": NaN,
        "Net Income Discontinuous Operations": 0.0,
        "Net Income Continuous Operations": NaN,
        "Tax Provision": NaN,
        "Pretax Income": NaN,
        "Other Income Expense": NaN,
        "Other Non Operating Income Expenses": NaN,
        "Special Income Charges": NaN,
        "Gain On Sale Of Business": NaN,
        "Write Off": NaN,
        "Restructuring And Mergern Acquisition": NaN,
        "Earnings From Equity Interest": NaN,
        "Net Non Operating Interest Income Expense": NaN,
        "Interest Expense Non Operating": NaN,
        "Interest Income Non Operating": NaN,
        "Operating Income": NaN,
        "Operating Expense": NaN,
        "Research And Development": NaN,
        "Selling General And Administration": NaN,
        "Gross Profit": NaN,
        "Cost Of Revenue": NaN,
        "Total Revenue": NaN,
        "Operating Revenue": NaN
    },
    "2024-03-31": {
        "Tax Effect Of Unusual Items": NaN,
        "Tax Rate For Calcs": NaN,
        "Normalized EBITDA": NaN,
        "Total Unusual Items": NaN,
        "Total Unusual Items Excluding Goodwill": NaN,
        "Net Income From Continuing Operation Net Minority Interest": NaN,
        "Reconciled Depreciation": NaN,
        "Reconciled Cost Of Revenue": NaN,
        "EBITDA": NaN,
        "EBIT": NaN,
        "Net Interest Income": NaN,
        "Interest Expense": NaN,
        "Interest Income": NaN,
        "Normalized Income": NaN,
        "Net Income From Continuing And Discontinued Operation": NaN,
        "Total Expenses": NaN,
        "Diluted Average Shares": NaN,
        "Basic Average Shares": NaN,
        "Diluted EPS": NaN,
        "Basic EPS": NaN,
        "Diluted NI Availto Com Stockholders": NaN,
        "Net Income Common Stockholders": NaN,
        "Net Income": NaN,
        "Minority Interests": NaN,
        "Net Income Including Noncontrolling Interests": NaN,
        "Net Income Continuous Operations": NaN,
        "Tax Provision": NaN,
        "Pretax Income": NaN,
        "Other Income Expense": NaN,
        "Other Non Operating Income Expenses": NaN,
        "Special Income Charges": NaN,
        "Gain On Sale Of Business": NaN,
        "Write Off": NaN,
        "Restructuring And Mergern Acquisition": 5000000.0,
        "Earnings From Equity Interest": NaN,
        "Net Non Operating Interest Income Expense": NaN,
        "Interest Expense Non Operating": NaN,
        "Interest Income Non Operating": NaN,
        "Operating Income": NaN,
        "Operating Expense": NaN,
        "Research And Development": NaN,
        "Selling General And Administration": NaN,
        "Gross Profit": NaN,
        "Cost Of Revenue": NaN,
        "Total Revenue": NaN,
        "Operating Revenue": NaN
    },
    "2024-06-30": {
        "Tax Effect Of Unusual Items": NaN,
        "Tax Rate For Calcs": NaN,
        "Normalized EBITDA": NaN,
        "Total Unusual Items": NaN,
        "Total Unusual Items Excluding Goodwill": NaN,
        "Net Income From Continuing Operation Net Minority Interest": NaN,
        "Reconciled Depreciation": NaN,
        "Reconciled Cost Of Revenue": NaN,
        "EBITDA": NaN,
        "EBIT": NaN,
        "Net Interest Income": NaN,
        "Interest Expense": NaN,
        "Interest Income": NaN,
        "Normalized Income": NaN,
        "Net Income From Continuing And Discontinued Operation": NaN,
        "Total Expenses": NaN,
        "Diluted Average Shares": NaN,
        "Basic Average Shares": NaN,
        "Diluted EPS": NaN,
        "Basic EPS": NaN,
        "Diluted NI Availto Com Stockholders": NaN,
        "Net Income Common Stockholders": NaN,
        "Net Income": NaN,
        "Minority Interests": NaN,
        "Net Income Including Noncontrolling Interests": NaN,
        "Net Income Continuous Operations": NaN,
        "Tax Provision": NaN,
        "Pretax Income": NaN,
        "Other Income Expense": NaN,
        "Other Non Operating Income Expenses": NaN,
        "Special Income Charges": NaN,
        "Gain On Sale Of Business": NaN,
        "Write Off": 2400000.0,
        "Restructuring And Mergern Acquisition": 2400000.0,
        "Earnings From Equity Interest": NaN,
        "Net Non Operating Interest Income Expense": NaN,
        "Interest Expense Non Operating": NaN,
        "Interest Income Non Operating": NaN,
        "Operating Income": NaN,
        "Operating Expense": NaN,
        "Research And Development": NaN,
        "Selling General And Administration": NaN,
        "Gross Profit": NaN,
        "Cost Of Revenue": NaN,
        "Total Revenue": NaN,
        "Operating Revenue": NaN
    },
    "2024-09-30": {
        "Tax Effect Of Unusual Items": -798000.0,
        "Tax Rate For Calcs": 0.21,
        "Normalized EBITDA": 392400000.0,
        "Total Unusual Items": -3800000.0,
        "Total Unusual Items Excluding Goodwill": -3800000.0,
        "Net Income From Continuing Operation Net Minority Interest": 274600000.0,
        "Reconciled Depreciation": 94000000.0,
        "Reconciled Cost Of Revenue": 1854600000.0,
        "EBITDA": 388600000.0,
        "EBIT": 294600000.0,
        "Net Interest Income": -15900000.0,
        "Interest Expense": 22200000.0,
        "Interest Income": 6300000.0,
        "Normalized Income": 277602000.0,
        "Net Income From Continuing And Discontinued Operation": 274600000.0,
        "Total Expenses": 2057400000.0,
        "Diluted Average Shares": 438800000.0,
        "Basic Average Shares": 428300000.0,
        "Diluted EPS": 0.63,
        "Basic EPS": 0.64,
        "Diluted NI Availto Com Stockholders": 274600000.0,
        "Net Income Common Stockholders": 274600000.0,
        "Net Income": 274600000.0,
        "Minority Interests": -3800000.0,
        "Net Income Including Noncontrolling Interests": 278400000.0,
        "Net Income Continuous Operations": 278400000.0,
        "Tax Provision": -6000000.0,
        "Pretax Income": 272400000.0,
        "Other Income Expense": -2700000.0,
        "Other Non Operating Income Expenses": -7300000.0,
        "Special Income Charges": -3800000.0,
        "Gain On Sale Of Business": 0.0,
        "Write Off": 3800000.0,
        "Restructuring And Mergern Acquisition": NaN,
        "Earnings From Equity Interest": 8400000.0,
        "Net Non Operating Interest Income Expense": -15900000.0,
        "Interest Expense Non Operating": 22200000.0,
        "Interest Income Non Operating": 6300000.0,
        "Operating Income": 291000000.0,
        "Operating Expense": 202800000.0,
        "Research And Development": 15400000.0,
        "Selling General And Administration": 187400000.0,
        "Gross Profit": 493800000.0,
        "Cost Of Revenue": 1854600000.0,
        "Total Revenue": 2348400000.0,
        "Operating Revenue": 2285200000.0
    },
    "2024-12-31": {
        "Tax Effect Of Unusual Items": -3885000.0,
        "Tax Rate For Calcs": 0.21,
        "Normalized EBITDA": 359200000.0,
        "Total Unusual Items": -18500000.0,
        "Total Unusual Items Excluding Goodwill": -18500000.0,
        "Net Income From Continuing Operation Net Minority Interest": 224700000.0,
        "Reconciled Depreciation": 107100000.0,
        "Reconciled Cost Of Revenue": 1980300000.0,
        "EBITDA": 340700000.0,
        "EBIT": 233600000.0,
        "Net Interest Income": -13500000.0,
        "Interest Expense": 21700000.0,
        "Interest Income": 8200000.0,
        "Normalized Income": 239315000.0,
        "Net Income From Continuing And Discontinued Operation": 224700000.0,
        "Total Expenses": 2150500000.0,
        "Diluted Average Shares": 435800000.0,
        "Basic Average Shares": 424500000.0,
        "Diluted EPS": 0.52,
        "Basic EPS": 0.53,
        "Diluted NI Availto Com Stockholders": 224700000.0,
        "Net Income Common Stockholders": 224700000.0,
        "Net Income": 224700000.0,
        "Minority Interests": -5000000.0,
        "Net Income Including Noncontrolling Interests": 229700000.0,
        "Net Income Continuous Operations": 229700000.0,
        "Tax Provision": -17800000.0,
        "Pretax Income": 211900000.0,
        "Other Income Expense": 8600000.0,
        "Other Non Operating Income Expenses": 17800000.0,
        "Special Income Charges": -18500000.0,
        "Gain On Sale Of Business": -3900000.0,
        "Write Off": NaN,
        "Restructuring And Mergern Acquisition": NaN,
        "Earnings From Equity Interest": 9300000.0,
        "Net Non Operating Interest Income Expense": -13500000.0,
        "Interest Expense Non Operating": 21700000.0,
        "Interest Income Non Operating": 8200000.0,
        "Operating Income": 216800000.0,
        "Operating Expense": 170200000.0,
        "Research And Development": 25200000.0,
        "Selling General And Administration": 145000000.0,
        "Gross Profit": 387000000.0,
        "Cost Of Revenue": 1980300000.0,
        "Total Revenue": 2367300000.0,
        "Operating Revenue": 2309800000.0
    },
    "2025-03-31": {
        "Tax Effect Of Unusual Items": -453600.0,
        "Tax Rate For Calcs": 0.378,
        "Normalized EBITDA": 356500000.0,
        "Total Unusual Items": -1200000.0,
        "Total Unusual Items Excluding Goodwill": -1200000.0,
        "Net Income From Continuing Operation Net Minority Interest": 142000000.0,
        "Reconciled Depreciation": 102400000.0,
        "Reconciled Cost Of Revenue": 1768700000.0,
        "EBITDA": 355300000.0,
        "EBIT": 252900000.0,
        "Net Interest Income": -9900000.0,
        "Interest Expense": 22600000.0,
        "Interest Income": 12700000.0,
        "Normalized Income": 142746400.0,
        "Net Income From Continuing And Discontinued Operation": 142000000.0,
        "Total Expenses": 1972000000.0,
        "Diluted Average Shares": 431200000.0,
        "Basic Average Shares": 421200000.0,
        "Diluted EPS": 0.33,
        "Basic EPS": 0.34,
        "Diluted NI Availto Com Stockholders": 142000000.0,
        "Net Income Common Stockholders": 142000000.0,
        "Net Income": 142000000.0,
        "Minority Interests": -1300000.0,
        "Net Income Including Noncontrolling Interests": 143300000.0,
        "Net Income Continuous Operations": 143300000.0,
        "Tax Provision": 87000000.0,
        "Pretax Income": 230300000.0,
        "Other Income Expense": -21400000.0,
        "Other Non Operating Income Expenses": -29600000.0,
        "Special Income Charges": -1200000.0,
        "Gain On Sale Of Business": 0.0,
        "Write Off": NaN,
        "Restructuring And Mergern Acquisition": 1200000.0,
        "Earnings From Equity Interest": 9400000.0,
        "Net Non Operating Interest Income Expense": -9900000.0,
        "Interest Expense Non Operating": 22600000.0,
        "Interest Income Non Operating": 12700000.0,
        "Operating Income": 261600000.0,
        "Operating Expense": 203300000.0,
        "Research And Development": 19100000.0,
        "Selling General And Administration": 184200000.0,
        "Gross Profit": 464900000.0,
        "Cost Of Revenue": 1768700000.0,
        "Total Revenue": 2233600000.0,
        "Operating Revenue": 2172200000.0
    },
    "2025-06-30": {
        "Tax Effect Of Unusual Items": -4657600.0,
        "Tax Rate For Calcs": 0.284,
        "Normalized EBITDA": 528600000.0,
        "Total Unusual Items": -16400000.0,
        "Total Unusual Items Excluding Goodwill": -16400000.0,
        "Net Income From Continuing Operation Net Minority Interest": 269500000.0,
        "Reconciled Depreciation": 115200000.0,
        "Reconciled Cost Of Revenue": 1941400000.0,
        "EBITDA": 512200000.0,
        "EBIT": 397000000.0,
        "Net Interest Income": -14400000.0,
        "Interest Expense": 22200000.0,
        "Interest Income": 7800000.0,
        "Normalized Income": 281242400.0,
        "Net Income From Continuing And Discontinued Operation": 269500000.0,
        "Total Expenses": 2128700000.0,
        "Diluted Average Shares": 420500000.0,
        "Basic Average Shares": 415400000.0,
        "Diluted EPS": 0.64,
        "Basic EPS": 0.65,
        "Diluted NI Availto Com Stockholders": 269500000.0,
        "Net Income Common Stockholders": 269500000.0,
        "Net Income": 269500000.0,
        "Minority Interests": 1200000.0,
        "Net Income Including Noncontrolling Interests": 268300000.0,
        "Net Income Continuous Operations": 268300000.0,
        "Tax Provision": 106500000.0,
        "Pretax Income": 374800000.0,
        "Other Income Expense": -16800000.0,
        "Other Non Operating Income Expenses": -10700000.0,
        "Special Income Charges": -16400000.0,
        "Gain On Sale Of Business": 0.0,
        "Write Off": NaN,
        "Restructuring And Mergern Acquisition": 16400000.0,
        "Earnings From Equity Interest": 10300000.0,
        "Net Non Operating Interest Income Expense": -14400000.0,
        "Interest Expense Non Operating": 22200000.0,
        "Interest Income Non Operating": 7800000.0,
        "Operating Income": 406000000.0,
        "Operating Expense": 187300000.0,
        "Research And Development": 14100000.0,
        "Selling General And Administration": 173200000.0,
        "Gross Profit": 593300000.0,
        "Cost Of Revenue": 1941400000.0,
        "Total Revenue": 2534700000.0,
        "Operating Revenue": 2461300000.0
    },
    "2025-09-30": {
        "Tax Effect Of Unusual Items": -610700.0,
        "Tax Rate For Calcs": 0.197,
        "Normalized EBITDA": 527300000.0,
        "Total Unusual Items": -3100000.0,
        "Total Unusual Items Excluding Goodwill": -3100000.0,
        "Net Income From Continuing Operation Net Minority Interest": 309700000.0,
        "Reconciled Depreciation": 118300000.0,
        "Reconciled Cost Of Revenue": 2043500000.0,
        "EBITDA": 524200000.0,
        "EBIT": 405900000.0,
        "Net Interest Income": -10600000.0,
        "Interest Expense": 18900000.0,
        "Interest Income": 8300000.0,
        "Normalized Income": 312189300.0,
        "Net Income From Continuing And Discontinued Operation": 309700000.0,
        "Total Expenses": 2239200000.0,
        "Diluted Average Shares": 420500000.0,
        "Basic Average Shares": 415400000.0,
        "Diluted EPS": 0.64,
        "Basic EPS": 0.65,
        "Diluted NI Availto Com Stockholders": 309700000.0,
        "Net Income Common Stockholders": 309700000.0,
        "Net Income": 309700000.0,
        "Minority Interests": -1200000.0,
        "Net Income Including Noncontrolling Interests": 310900000.0,
        "Net Income Continuous Operations": 310900000.0,
        "Tax Provision": 76100000.0,
        "Pretax Income": 387000000.0,
        "Other Income Expense": -10500000.0,
        "Other Non Operating Income Expenses": -17200000.0,
        "Special Income Charges": -3100000.0,
        "Gain On Sale Of Business": 0.0,
        "Write Off": 3100000.0,
        "Restructuring And Mergern Acquisition": NaN,
        "Earnings From Equity Interest": 9800000.0,
        "Net Non Operating Interest Income Expense": -10600000.0,
        "Interest Expense Non Operating": 18900000.0,
        "Interest Income Non Operating": 8300000.0,
        "Operating Income": 408100000.0,
        "Operating Expense": 195700000.0,
        "Research And Development": 22500000.0,
        "Selling General And Administration": 173200000.0,
        "Gross Profit": 603800000.0,
        "Cost Of Revenue": 2043500000.0,
        "Total Revenue": 2647300000.0,
        "Operating Revenue": 2567500000.0
    }
}