{
    "2023-03-31": {
        "Tax Effect Of Unusual Items": NaN,
        "Tax Rate For Calcs": NaN,
        "Normalized EBITDA": NaN,
        "Total Unusual Items": NaN,
        "Total Unusual Items Excluding Goodwill": NaN,
        "Net Income From Continuing Operation Net Minority Interest": NaN,
        "Reconciled Depreciation": NaN,
        "Reconciled Cost Of Revenue": NaN,
        "EBITDA": NaN,
        "EBIT": NaN,
        "Net Interest Income": NaN,
        "Interest Expense": NaN,
        "Interest Income": 100000.0,
        "Normalized Income": NaN,
        "Net Income From Continuing And Discontinued Operation": NaN,
        "Total Expenses": NaN,
        "Total Operating Income As Reported": NaN,
        "Diluted Average Shares": NaN,
        "Basic Average Shares": NaN,
        "Diluted EPS": NaN,
        "Basic EPS": NaN,
        "Diluted NI Availto Com Stockholders": NaN,
        "Average Dilution Earnings": NaN,
        "Net Income Common Stockholders": NaN,
        "Net Income": NaN,
        "Net Income Including Noncontrolling Interests": NaN,
        "Net Income Discontinuous Operations": NaN,
        "Net Income Continuous Operations": NaN,
        "Tax Provision": NaN,
        "Pretax Income": NaN,
        "Other Income Expense": NaN,
        "Other Non Operating Income Expenses": NaN,
        "Special Income Charges": NaN,
        "Restructuring And Mergern Acquisition": NaN,
        "Gain On Sale Of Security": NaN,
        "Net Non Operating Interest Income Expense": NaN,
        "Interest Expense Non Operating": NaN,
        "Interest Income Non Operating": 100000.0,
        "Operating Income": NaN,
        "Operating Expense": NaN,
        "Depreciation Amortization Depletion Income Statement": NaN,
        "Depreciation And Amortization In Income Statement": NaN,
        "Selling General And Administration": NaN,
        "Gross Profit": NaN,
        "Cost Of Revenue": NaN,
        "Total Revenue": NaN,
        "Operating Revenue": NaN
    },
    "2023-06-30": {
        "Tax Effect Of Unusual Items": NaN,
        "Tax Rate For Calcs": NaN,
        "Normalized EBITDA": NaN,
        "Total Unusual Items": NaN,
        "Total Unusual Items Excluding Goodwill": NaN,
        "Net Income From Continuing Operation Net Minority Interest": NaN,
        "Reconciled Depreciation": NaN,
        "Reconciled Cost Of Revenue": NaN,
        "EBITDA": NaN,
        "EBIT": NaN,
        "Net Interest Income": NaN,
        "Interest Expense": NaN,
        "Normalized Income": NaN,
        "Net Income From Continuing And Discontinued Operation": NaN,
        "Total Expenses": NaN,
        "Total Operating Income As Reported": NaN,
        "Diluted Average Shares": NaN,
        "Basic Average Shares": NaN,
        "Diluted EPS": NaN,
        "Basic EPS": NaN,
        "Diluted NI Availto Com Stockholders": NaN,
        "Average Dilution Earnings": 0.0,
        "Net Income Common Stockholders": NaN,
        "Net Income": NaN,
        "Net Income Including Noncontrolling Interests": NaN,
        "Net Income Discontinuous Operations": NaN,
        "Net Income Continuous Operations": NaN,
        "Tax Provision": NaN,
        "Pretax Income": NaN,
        "Other Income Expense": NaN,
        "Other Non Operating Income Expenses": NaN,
        "Special Income Charges": NaN,
        "Restructuring And Mergern Acquisition": NaN,
        "Gain On Sale Of Security": NaN,
        "Net Non Operating Interest Income Expense": NaN,
        "Interest Expense Non Operating": NaN,
        "Operating Income": NaN,
        "Operating Expense": NaN,
        "Depreciation Amortization Depletion Income Statement": NaN,
        "Depreciation And Amortization In Income Statement": NaN,
        "Selling General And Administration": NaN,
        "Gross Profit": NaN,
        "Cost Of Revenue": NaN,
        "Total Revenue": NaN,
        "Operating Revenue": NaN
    },
    "2022-06-30": {
        "Tax Effect Of Unusual Items": -206000.0,
        "Tax Rate For Calcs": 0.206,
        "Normalized EBITDA": 108000000.0,
        "Total Unusual Items": -1000000.0,
        "Total Unusual Items Excluding Goodwill": -1000000.0,
        "Net Income From Continuing Operation Net Minority Interest": 66400000.0,
        "Reconciled Depreciation": 23400000.0,
        "Reconciled Cost Of Revenue": 614300000.0,
        "EBITDA": 107000000.0,
        "EBIT": 83600000.0,
        "Net Interest Income": 0.0,
        "Interest Expense": 0.0,
        "Normalized Income": 67194000.0,
        "Net Income From Continuing And Discontinued Operation": 66400000.0,
        "Total Expenses": 708900000.0,
        "Total Operating Income As Reported": 71200000.0,
        "Diluted Average Shares": 88400000.0,
        "Basic Average Shares": 88400000.0,
        "Diluted EPS": 0.751131,
        "Basic EPS": 0.751131,
        "Diluted NI Availto Com Stockholders": 66400000.0,
        "Net Income Common Stockholders": 66400000.0,
        "Net Income": 66400000.0,
        "Net Income Including Noncontrolling Interests": 66400000.0,
        "Net Income Continuous Operations": 66400000.0,
        "Tax Provision": 17200000.0,
        "Pretax Income": 83600000.0,
        "Other Income Expense": -600000.0,
        "Other Non Operating Income Expenses": 400000.0,
        "Special Income Charges": -13000000.0,
        "Restructuring And Mergern Acquisition": 13000000.0,
        "Gain On Sale Of Security": 12000000.0,
        "Net Non Operating Interest Income Expense": 0.0,
        "Interest Expense Non Operating": 0.0,
        "Operating Income": 84200000.0,
        "Operating Expense": 94600000.0,
        "Depreciation Amortization Depletion Income Statement": 23400000.0,
        "Depreciation And Amortization In Income Statement": 23400000.0,
        "Selling General And Administration": 71200000.0,
        "Gross Profit": 178800000.0,
        "Cost Of Revenue": 614300000.0,
        "Total Revenue": 793100000.0,
        "Operating Revenue": 793100000.0
    },
    "2023-09-30": {
        "Tax Effect Of Unusual Items": NaN,
        "Tax Rate For Calcs": NaN,
        "Normalized EBITDA": NaN,
        "Total Unusual Items": NaN,
        "Total Unusual Items Excluding Goodwill": NaN,
        "Net Income From Continuing Operation Net Minority Interest": NaN,
        "Reconciled Depreciation": NaN,
        "Reconciled Cost Of Revenue": NaN,
        "EBITDA": NaN,
        "EBIT": NaN,
        "Net Interest Income": NaN,
        "Interest Expense": NaN,
        "Normalized Income": NaN,
        "Net Income From Continuing And Discontinued Operation": NaN,
        "Total Expenses": NaN,
        "Total Operating Income As Reported": NaN,
        "Diluted Average Shares": NaN,
        "Basic Average Shares": NaN,
        "Diluted EPS": NaN,
        "Basic EPS": NaN,
        "Diluted NI Availto Com Stockholders": NaN,
        "Average Dilution Earnings": 0.0,
        "Net Income Common Stockholders": NaN,
        "Net Income": NaN,
        "Net Income Including Noncontrolling Interests": NaN,
        "Net Income Discontinuous Operations": NaN,
        "Net Income Continuous Operations": NaN,
        "Tax Provision": NaN,
        "Pretax Income": NaN,
        "Other Income Expense": NaN,
        "Other Non Operating Income Expenses": NaN,
        "Special Income Charges": NaN,
        "Impairment Of Capital Assets": NaN,
        "Restructuring And Mergern Acquisition": NaN,
        "Gain On Sale Of Security": NaN,
        "Net Non Operating Interest Income Expense": NaN,
        "Interest Expense Non Operating": NaN,
        "Operating Income": NaN,
        "Operating Expense": NaN,
        "Depreciation Amortization Depletion Income Statement": NaN,
        "Depreciation And Amortization In Income Statement": NaN,
        "Selling General And Administration": NaN,
        "Gross Profit": NaN,
        "Cost Of Revenue": NaN,
        "Total Revenue": NaN,
        "Operating Revenue": NaN
    },
    "2022-12-31": {
        "Tax Effect Of Unusual Items": -8928519.061584,
        "Tax Rate For Calcs": 0.258798,
        "Normalized EBITDA": 57100000.0,
        "Total Unusual Items": -34500000.0,
        "Total Unusual Items Excluding Goodwill": -34500000.0,
        "Net Income From Continuing Operation Net Minority Interest": -101100000.0,
        "Reconciled Depreciation": 23000000.0,
        "Reconciled Cost Of Revenue": 630400000.0,
        "EBITDA": 22600000.0,
        "EBIT": -4000000.0,
        "Net Interest Income": -132400000.0,
        "Interest Expense": 132400000.0,
        "Normalized Income": -75528519.061584,
        "Net Income From Continuing And Discontinued Operation": -101100000.0,
        "Total Expenses": 736800000.0,
        "Total Operating Income As Reported": 12400000.0,
        "Diluted Average Shares": NaN,
        "Basic Average Shares": NaN,
        "Diluted EPS": NaN,
        "Basic EPS": NaN,
        "Diluted NI Availto Com Stockholders": -101100000.0,
        "Net Income Common Stockholders": -101100000.0,
        "Net Income": -101100000.0,
        "Net Income Including Noncontrolling Interests": -101100000.0,
        "Net Income Continuous Operations": -101100000.0,
        "Tax Provision": -35300000.0,
        "Pretax Income": -136400000.0,
        "Other Income Expense": -28900000.0,
        "Other Non Operating Income Expenses": 5600000.0,
        "Special Income Charges": -12500000.0,
        "Restructuring And Mergern Acquisition": 2700000.0,
        "Gain On Sale Of Security": -22000000.0,
        "Net Non Operating Interest Income Expense": -132400000.0,
        "Interest Expense Non Operating": 132400000.0,
        "Operating Income": 24900000.0,
        "Operating Expense": 110000000.0,
        "Depreciation Amortization Depletion Income Statement": 26600000.0,
        "Depreciation And Amortization In Income Statement": 26600000.0,
        "Selling General And Administration": 83400000.0,
        "Gross Profit": 134900000.0,
        "Cost Of Revenue": 626800000.0,
        "Total Revenue": 761700000.0,
        "Operating Revenue": 761700000.0
    },
    "2022-09-30": {
        "Tax Effect Of Unusual Items": NaN,
        "Tax Rate For Calcs": NaN,
        "Normalized EBITDA": NaN,
        "Total Unusual Items": NaN,
        "Total Unusual Items Excluding Goodwill": NaN,
        "Net Income From Continuing Operation Net Minority Interest": NaN,
        "Reconciled Depreciation": NaN,
        "Reconciled Cost Of Revenue": NaN,
        "EBITDA": NaN,
        "EBIT": NaN,
        "Net Interest Income": NaN,
        "Interest Expense": NaN,
        "Normalized Income": NaN,
        "Net Income From Continuing And Discontinued Operation": NaN,
        "Total Expenses": NaN,
        "Total Operating Income As Reported": NaN,
        "Diluted Average Shares": 88400000.0,
        "Basic Average Shares": 88400000.0,
        "Diluted EPS": 0.68552,
        "Basic EPS": 0.68552,
        "Diluted NI Availto Com Stockholders": NaN,
        "Net Income Common Stockholders": NaN,
        "Net Income": NaN,
        "Net Income Including Noncontrolling Interests": NaN,
        "Net Income Continuous Operations": NaN,
        "Tax Provision": NaN,
        "Pretax Income": NaN,
        "Other Income Expense": NaN,
        "Other Non Operating Income Expenses": NaN,
        "Special Income Charges": NaN,
        "Restructuring And Mergern Acquisition": NaN,
        "Gain On Sale Of Security": NaN,
        "Net Non Operating Interest Income Expense": NaN,
        "Interest Expense Non Operating": NaN,
        "Operating Income": NaN,
        "Operating Expense": NaN,
        "Depreciation Amortization Depletion Income Statement": NaN,
        "Depreciation And Amortization In Income Statement": NaN,
        "Selling General And Administration": NaN,
        "Gross Profit": NaN,
        "Cost Of Revenue": NaN,
        "Total Revenue": NaN,
        "Operating Revenue": NaN
    },
    "2023-12-31": {
        "Tax Effect Of Unusual Items": NaN,
        "Tax Rate For Calcs": NaN,
        "Normalized EBITDA": NaN,
        "Total Unusual Items": NaN,
        "Total Unusual Items Excluding Goodwill": NaN,
        "Net Income From Continuing Operation Net Minority Interest": NaN,
        "Reconciled Depreciation": NaN,
        "Reconciled Cost Of Revenue": NaN,
        "EBITDA": NaN,
        "EBIT": NaN,
        "Net Interest Income": NaN,
        "Interest Expense": NaN,
        "Normalized Income": NaN,
        "Net Income From Continuing And Discontinued Operation": NaN,
        "Total Expenses": NaN,
        "Total Operating Income As Reported": NaN,
        "Diluted Average Shares": NaN,
        "Basic Average Shares": NaN,
        "Diluted EPS": NaN,
        "Basic EPS": NaN,
        "Diluted NI Availto Com Stockholders": NaN,
        "Average Dilution Earnings": NaN,
        "Net Income Common Stockholders": NaN,
        "Net Income": NaN,
        "Net Income Including Noncontrolling Interests": NaN,
        "Net Income Discontinuous Operations": NaN,
        "Net Income Continuous Operations": NaN,
        "Tax Provision": NaN,
        "Pretax Income": NaN,
        "Other Income Expense": NaN,
        "Other Non Operating Income Expenses": 2300000.0,
        "Special Income Charges": NaN,
        "Impairment Of Capital Assets": NaN,
        "Restructuring And Mergern Acquisition": NaN,
        "Gain On Sale Of Security": NaN,
        "Net Non Operating Interest Income Expense": NaN,
        "Interest Expense Non Operating": NaN,
        "Operating Income": NaN,
        "Operating Expense": NaN,
        "Depreciation Amortization Depletion Income Statement": NaN,
        "Depreciation And Amortization In Income Statement": NaN,
        "Selling General And Administration": NaN,
        "Gross Profit": NaN,
        "Cost Of Revenue": NaN,
        "Total Revenue": NaN,
        "Operating Revenue": NaN
    },
    "2024-03-31": {
        "Tax Effect Of Unusual Items": NaN,
        "Tax Rate For Calcs": NaN,
        "Normalized EBITDA": NaN,
        "Total Unusual Items": NaN,
        "Total Unusual Items Excluding Goodwill": NaN,
        "Net Income From Continuing Operation Net Minority Interest": NaN,
        "Reconciled Depreciation": NaN,
        "Reconciled Cost Of Revenue": NaN,
        "EBITDA": NaN,
        "EBIT": NaN,
        "Net Interest Income": NaN,
        "Interest Expense": NaN,
        "Normalized Income": NaN,
        "Net Income From Continuing And Discontinued Operation": NaN,
        "Total Expenses": NaN,
        "Total Operating Income As Reported": NaN,
        "Diluted Average Shares": NaN,
        "Basic Average Shares": NaN,
        "Diluted EPS": NaN,
        "Basic EPS": NaN,
        "Diluted NI Availto Com Stockholders": NaN,
        "Average Dilution Earnings": NaN,
        "Net Income Common Stockholders": NaN,
        "Net Income": NaN,
        "Net Income Including Noncontrolling Interests": NaN,
        "Net Income Discontinuous Operations": NaN,
        "Net Income Continuous Operations": NaN,
        "Tax Provision": NaN,
        "Pretax Income": NaN,
        "Other Income Expense": NaN,
        "Other Non Operating Income Expenses": 1300000.0,
        "Special Income Charges": NaN,
        "Impairment Of Capital Assets": 0.0,
        "Restructuring And Mergern Acquisition": NaN,
        "Gain On Sale Of Security": NaN,
        "Net Non Operating Interest Income Expense": NaN,
        "Interest Expense Non Operating": NaN,
        "Operating Income": NaN,
        "Operating Expense": NaN,
        "Depreciation Amortization Depletion Income Statement": NaN,
        "Depreciation And Amortization In Income Statement": NaN,
        "Selling General And Administration": NaN,
        "Gross Profit": NaN,
        "Cost Of Revenue": NaN,
        "Total Revenue": NaN,
        "Operating Revenue": NaN
    },
    "2024-06-30": {
        "Tax Effect Of Unusual Items": -2499000.0,
        "Tax Rate For Calcs": 0.21,
        "Normalized EBITDA": -10100000.0,
        "Total Unusual Items": -11900000.0,
        "Total Unusual Items Excluding Goodwill": -11900000.0,
        "Net Income From Continuing Operation Net Minority Interest": -99300000.0,
        "Reconciled Depreciation": 21400000.0,
        "Reconciled Cost Of Revenue": 525300000.0,
        "EBITDA": -22000000.0,
        "EBIT": -43400000.0,
        "Net Interest Income": -45200000.0,
        "Interest Expense": 45200000.0,
        "Normalized Income": -89899000.0,
        "Net Income From Continuing And Discontinued Operation": -138400000.0,
        "Total Expenses": 702900000.0,
        "Total Operating Income As Reported": -50900000.0,
        "Diluted Average Shares": 89400000.0,
        "Basic Average Shares": 89400000.0,
        "Diluted EPS": -1.55,
        "Basic EPS": -1.55,
        "Diluted NI Availto Com Stockholders": -138400000.0,
        "Average Dilution Earnings": 0.0,
        "Net Income Common Stockholders": -138400000.0,
        "Net Income": -138400000.0,
        "Net Income Including Noncontrolling Interests": -138400000.0,
        "Net Income Discontinuous Operations": -39100000.0,
        "Net Income Continuous Operations": -99300000.0,
        "Tax Provision": 10700000.0,
        "Pretax Income": -88600000.0,
        "Other Income Expense": -2900000.0,
        "Other Non Operating Income Expenses": 9000000.0,
        "Special Income Charges": -10400000.0,
        "Impairment Of Capital Assets": 0.0,
        "Restructuring And Mergern Acquisition": 10400000.0,
        "Gain On Sale Of Security": -1500000.0,
        "Net Non Operating Interest Income Expense": -45200000.0,
        "Interest Expense Non Operating": 45200000.0,
        "Operating Income": -40500000.0,
        "Operating Expense": 177600000.0,
        "Depreciation Amortization Depletion Income Statement": 21400000.0,
        "Depreciation And Amortization In Income Statement": 21400000.0,
        "Selling General And Administration": 156200000.0,
        "Gross Profit": 137100000.0,
        "Cost Of Revenue": 525300000.0,
        "Total Revenue": 662400000.0,
        "Operating Revenue": 662400000.0
    },
    "2024-09-30": {
        "Tax Effect Of Unusual Items": -1890000.0,
        "Tax Rate For Calcs": 0.21,
        "Normalized EBITDA": 16800000.0,
        "Total Unusual Items": -9000000.0,
        "Total Unusual Items Excluding Goodwill": -9000000.0,
        "Net Income From Continuing Operation Net Minority Interest": -18500000.0,
        "Reconciled Depreciation": 21200000.0,
        "Reconciled Cost Of Revenue": 526600000.0,
        "EBITDA": 7800000.0,
        "EBIT": -13400000.0,
        "Net Interest Income": -22400000.0,
        "Interest Expense": 22400000.0,
        "Normalized Income": -11390000.0,
        "Net Income From Continuing And Discontinued Operation": -27900000.0,
        "Total Expenses": 684100000.0,
        "Total Operating Income As Reported": -18000000.0,
        "Diluted Average Shares": 90000000.0,
        "Basic Average Shares": 90000000.0,
        "Diluted EPS": -0.31,
        "Basic EPS": -0.31,
        "Diluted NI Availto Com Stockholders": -27900000.0,
        "Average Dilution Earnings": 0.0,
        "Net Income Common Stockholders": -27900000.0,
        "Net Income": -27900000.0,
        "Net Income Including Noncontrolling Interests": -27900000.0,
        "Net Income Discontinuous Operations": -9400000.0,
        "Net Income Continuous Operations": -18500000.0,
        "Tax Provision": -17300000.0,
        "Pretax Income": -35800000.0,
        "Other Income Expense": -4200000.0,
        "Other Non Operating Income Expenses": 4800000.0,
        "Special Income Charges": -8800000.0,
        "Impairment Of Capital Assets": NaN,
        "Restructuring And Mergern Acquisition": 8800000.0,
        "Gain On Sale Of Security": -200000.0,
        "Net Non Operating Interest Income Expense": -22400000.0,
        "Interest Expense Non Operating": 22400000.0,
        "Operating Income": -9200000.0,
        "Operating Expense": 157500000.0,
        "Depreciation Amortization Depletion Income Statement": 21200000.0,
        "Depreciation And Amortization In Income Statement": 21200000.0,
        "Selling General And Administration": 136300000.0,
        "Gross Profit": 148300000.0,
        "Cost Of Revenue": 526600000.0,
        "Total Revenue": 674900000.0,
        "Operating Revenue": 674900000.0
    },
    "2024-12-31": {
        "Tax Effect Of Unusual Items": -416555.40721,
        "Tax Rate For Calcs": 0.013351,
        "Normalized EBITDA": -1000000.0,
        "Total Unusual Items": -31200000.0,
        "Total Unusual Items Excluding Goodwill": -31200000.0,
        "Net Income From Continuing Operation Net Minority Interest": -73900000.0,
        "Reconciled Depreciation": 20800000.0,
        "Reconciled Cost Of Revenue": 556100000.0,
        "EBITDA": -32200000.0,
        "EBIT": -53000000.0,
        "Net Interest Income": -21900000.0,
        "Interest Expense": 21900000.0,
        "Normalized Income": -43116555.40721,
        "Net Income From Continuing And Discontinued Operation": -61200000.0,
        "Total Expenses": 725000000.0,
        "Total Operating Income As Reported": -55600000.0,
        "Diluted Average Shares": 90000000.0,
        "Basic Average Shares": 90000000.0,
        "Diluted EPS": -0.68,
        "Basic EPS": -0.68,
        "Diluted NI Availto Com Stockholders": -61200000.0,
        "Average Dilution Earnings": NaN,
        "Net Income Common Stockholders": -61200000.0,
        "Net Income": -61200000.0,
        "Net Income Including Noncontrolling Interests": -61200000.0,
        "Net Income Discontinuous Operations": 12700000.0,
        "Net Income Continuous Operations": -73900000.0,
        "Tax Provision": -1000000.0,
        "Pretax Income": -74900000.0,
        "Other Income Expense": -25000000.0,
        "Other Non Operating Income Expenses": 6200000.0,
        "Special Income Charges": -27600000.0,
        "Impairment Of Capital Assets": NaN,
        "Restructuring And Mergern Acquisition": 22800000.0,
        "Gain On Sale Of Security": -3600000.0,
        "Net Non Operating Interest Income Expense": -21900000.0,
        "Interest Expense Non Operating": 21900000.0,
        "Operating Income": -28000000.0,
        "Operating Expense": 168900000.0,
        "Depreciation Amortization Depletion Income Statement": 20800000.0,
        "Depreciation And Amortization In Income Statement": 20800000.0,
        "Selling General And Administration": 148100000.0,
        "Gross Profit": 140900000.0,
        "Cost Of Revenue": 556100000.0,
        "Total Revenue": 697000000.0,
        "Operating Revenue": 697000000.0
    },
    "2025-03-31": {
        "Tax Effect Of Unusual Items": -105189000.0,
        "Tax Rate For Calcs": 0.21,
        "Normalized EBITDA": -5300000.0,
        "Total Unusual Items": -500900000.0,
        "Total Unusual Items Excluding Goodwill": -500900000.0,
        "Net Income From Continuing Operation Net Minority Interest": -562900000.0,
        "Reconciled Depreciation": 19500000.0,
        "Reconciled Cost Of Revenue": 534800000.0,
        "EBITDA": -506200000.0,
        "EBIT": -525700000.0,
        "Net Interest Income": -22300000.0,
        "Interest Expense": 22300000.0,
        "Normalized Income": -167189000.0,
        "Net Income From Continuing And Discontinued Operation": -562900000.0,
        "Total Expenses": 676100000.0,
        "Total Operating Income As Reported": -520100000.0,
        "Diluted Average Shares": 90100000.0,
        "Basic Average Shares": 90100000.0,
        "Diluted EPS": -6.25,
        "Basic EPS": -6.25,
        "Diluted NI Availto Com Stockholders": -562900000.0,
        "Average Dilution Earnings": NaN,
        "Net Income Common Stockholders": -562900000.0,
        "Net Income": -562900000.0,
        "Net Income Including Noncontrolling Interests": -562900000.0,
        "Net Income Discontinuous Operations": 0.0,
        "Net Income Continuous Operations": -562900000.0,
        "Tax Provision": 14900000.0,
        "Pretax Income": -548000000.0,
        "Other Income Expense": -500900000.0,
        "Other Non Operating Income Expenses": NaN,
        "Special Income Charges": -495300000.0,
        "Impairment Of Capital Assets": 488800000.0,
        "Restructuring And Mergern Acquisition": 6500000.0,
        "Gain On Sale Of Security": -5600000.0,
        "Net Non Operating Interest Income Expense": -22300000.0,
        "Interest Expense Non Operating": 22300000.0,
        "Operating Income": -24800000.0,
        "Operating Expense": 141300000.0,
        "Depreciation Amortization Depletion Income Statement": 19500000.0,
        "Depreciation And Amortization In Income Statement": 19500000.0,
        "Selling General And Administration": 121800000.0,
        "Gross Profit": 116500000.0,
        "Cost Of Revenue": 534800000.0,
        "Total Revenue": 651300000.0,
        "Operating Revenue": 651300000.0
    },
    "2025-06-30": {
        "Tax Effect Of Unusual Items": -71253000.0,
        "Tax Rate For Calcs": 0.21,
        "Normalized EBITDA": 11500000.0,
        "Total Unusual Items": -339300000.0,
        "Total Unusual Items Excluding Goodwill": -339300000.0,
        "Net Income From Continuing Operation Net Minority Interest": -374900000.0,
        "Reconciled Depreciation": 19600000.0,
        "Reconciled Cost Of Revenue": 576800000.0,
        "EBITDA": -327800000.0,
        "EBIT": -347400000.0,
        "Net Interest Income": -23300000.0,
        "Interest Expense": 23300000.0,
        "Normalized Income": -106853000.0,
        "Net Income From Continuing And Discontinued Operation": -374900000.0,
        "Total Expenses": 721200000.0,
        "Total Operating Income As Reported": -330300000.0,
        "Diluted Average Shares": 91100000.0,
        "Basic Average Shares": 90600000.0,
        "Diluted EPS": -4.14,
        "Basic EPS": -4.14,
        "Diluted NI Availto Com Stockholders": -374900000.0,
        "Average Dilution Earnings": NaN,
        "Net Income Common Stockholders": -374900000.0,
        "Net Income": -374900000.0,
        "Net Income Including Noncontrolling Interests": -374900000.0,
        "Net Income Discontinuous Operations": 0.0,
        "Net Income Continuous Operations": -374900000.0,
        "Tax Provision": 4200000.0,
        "Pretax Income": -370700000.0,
        "Other Income Expense": -336500000.0,
        "Other Non Operating Income Expenses": 2800000.0,
        "Special Income Charges": -319400000.0,
        "Impairment Of Capital Assets": 309100000.0,
        "Restructuring And Mergern Acquisition": 10300000.0,
        "Gain On Sale Of Security": -19900000.0,
        "Net Non Operating Interest Income Expense": -23300000.0,
        "Interest Expense Non Operating": 23300000.0,
        "Operating Income": -10900000.0,
        "Operating Expense": 144400000.0,
        "Depreciation Amortization Depletion Income Statement": 19600000.0,
        "Depreciation And Amortization In Income Statement": 19600000.0,
        "Selling General And Administration": 124800000.0,
        "Gross Profit": 133500000.0,
        "Cost Of Revenue": 576800000.0,
        "Total Revenue": 710300000.0,
        "Operating Revenue": 710300000.0
    }
}