{
    "2023-03-31": {
        "Tax Effect Of Unusual Items": NaN,
        "Tax Rate For Calcs": NaN,
        "Normalized EBITDA": NaN,
        "Total Unusual Items": NaN,
        "Total Unusual Items Excluding Goodwill": NaN,
        "Net Income From Continuing Operation Net Minority Interest": NaN,
        "Reconciled Depreciation": NaN,
        "Reconciled Cost Of Revenue": NaN,
        "EBITDA": NaN,
        "EBIT": NaN,
        "Net Interest Income": NaN,
        "Interest Expense": NaN,
        "Interest Income": NaN,
        "Normalized Income": NaN,
        "Net Income From Continuing And Discontinued Operation": NaN,
        "Total Expenses": NaN,
        "Total Operating Income As Reported": NaN,
        "Diluted Average Shares": NaN,
        "Basic Average Shares": NaN,
        "Diluted EPS": NaN,
        "Basic EPS": NaN,
        "Diluted NI Availto Com Stockholders": NaN,
        "Average Dilution Earnings": NaN,
        "Net Income Common Stockholders": NaN,
        "Preferred Stock Dividends": NaN,
        "Net Income": NaN,
        "Minority Interests": NaN,
        "Net Income Including Noncontrolling Interests": NaN,
        "Net Income Continuous Operations": NaN,
        "Tax Provision": NaN,
        "Pretax Income": NaN,
        "Other Income Expense": NaN,
        "Other Non Operating Income Expenses": NaN,
        "Special Income Charges": NaN,
        "Other Special Charges": NaN,
        "Earnings From Equity Interest": 5000000.0,
        "Gain On Sale Of Security": NaN,
        "Net Non Operating Interest Income Expense": NaN,
        "Interest Expense Non Operating": NaN,
        "Interest Income Non Operating": NaN,
        "Operating Income": NaN,
        "Operating Expense": NaN,
        "Other Operating Expenses": NaN,
        "Depreciation Amortization Depletion Income Statement": NaN,
        "Depreciation And Amortization In Income Statement": NaN,
        "Gross Profit": NaN,
        "Cost Of Revenue": NaN,
        "Total Revenue": NaN,
        "Operating Revenue": NaN
    },
    "2022-12-31": {
        "Tax Effect Of Unusual Items": 6946564.885496,
        "Tax Rate For Calcs": 0.198473,
        "Normalized EBITDA": 1209000000.0,
        "Total Unusual Items": 35000000.0,
        "Total Unusual Items Excluding Goodwill": 35000000.0,
        "Net Income From Continuing Operation Net Minority Interest": 386000000.0,
        "Reconciled Depreciation": 422000000.0,
        "Reconciled Cost Of Revenue": 1268000000.0,
        "EBITDA": 1244000000.0,
        "EBIT": 822000000.0,
        "Net Interest Income": -287000000.0,
        "Interest Expense": 298000000.0,
        "Interest Income": NaN,
        "Normalized Income": 357946564.885496,
        "Net Income From Continuing And Discontinued Operation": 386000000.0,
        "Total Expenses": 2415000000.0,
        "Total Operating Income As Reported": 753000000.0,
        "Diluted Average Shares": NaN,
        "Basic Average Shares": NaN,
        "Diluted EPS": NaN,
        "Basic EPS": NaN,
        "Diluted NI Availto Com Stockholders": 370000000.0,
        "Average Dilution Earnings": 0.0,
        "Net Income Common Stockholders": 370000000.0,
        "Preferred Stock Dividends": 16000000.0,
        "Net Income": 386000000.0,
        "Minority Interests": -34000000.0,
        "Net Income Including Noncontrolling Interests": 420000000.0,
        "Net Income Continuous Operations": 420000000.0,
        "Tax Provision": 104000000.0,
        "Pretax Income": 524000000.0,
        "Other Income Expense": 58000000.0,
        "Other Non Operating Income Expenses": 23000000.0,
        "Special Income Charges": 24000000.0,
        "Other Special Charges": -24000000.0,
        "Gain On Sale Of Security": 11000000.0,
        "Net Non Operating Interest Income Expense": -287000000.0,
        "Interest Expense Non Operating": 298000000.0,
        "Interest Income Non Operating": NaN,
        "Operating Income": 753000000.0,
        "Operating Expense": 1147000000.0,
        "Other Operating Expenses": 725000000.0,
        "Depreciation Amortization Depletion Income Statement": 422000000.0,
        "Depreciation And Amortization In Income Statement": 422000000.0,
        "Gross Profit": 1900000000.0,
        "Cost Of Revenue": 1268000000.0,
        "Total Revenue": 3168000000.0,
        "Operating Revenue": 3037000000.0
    },
    "2022-09-30": {
        "Tax Effect Of Unusual Items": NaN,
        "Tax Rate For Calcs": NaN,
        "Normalized EBITDA": NaN,
        "Total Unusual Items": NaN,
        "Total Unusual Items Excluding Goodwill": NaN,
        "Net Income From Continuing Operation Net Minority Interest": NaN,
        "Reconciled Depreciation": NaN,
        "Reconciled Cost Of Revenue": NaN,
        "EBITDA": NaN,
        "EBIT": NaN,
        "Net Interest Income": NaN,
        "Interest Expense": NaN,
        "Interest Income": NaN,
        "Normalized Income": NaN,
        "Net Income From Continuing And Discontinued Operation": NaN,
        "Total Expenses": NaN,
        "Total Operating Income As Reported": NaN,
        "Diluted Average Shares": 479900000.0,
        "Basic Average Shares": 479400000.0,
        "Diluted EPS": 0.68,
        "Basic EPS": 0.68,
        "Diluted NI Availto Com Stockholders": NaN,
        "Average Dilution Earnings": NaN,
        "Net Income Common Stockholders": NaN,
        "Preferred Stock Dividends": NaN,
        "Net Income": NaN,
        "Minority Interests": NaN,
        "Net Income Including Noncontrolling Interests": NaN,
        "Net Income Continuous Operations": NaN,
        "Tax Provision": NaN,
        "Pretax Income": NaN,
        "Other Income Expense": NaN,
        "Other Non Operating Income Expenses": NaN,
        "Special Income Charges": NaN,
        "Other Special Charges": NaN,
        "Earnings From Equity Interest": NaN,
        "Gain On Sale Of Security": NaN,
        "Net Non Operating Interest Income Expense": NaN,
        "Interest Expense Non Operating": NaN,
        "Interest Income Non Operating": NaN,
        "Operating Income": NaN,
        "Operating Expense": NaN,
        "Other Operating Expenses": NaN,
        "Depreciation Amortization Depletion Income Statement": NaN,
        "Depreciation And Amortization In Income Statement": NaN,
        "Gross Profit": NaN,
        "Cost Of Revenue": NaN,
        "Total Revenue": NaN,
        "Operating Revenue": NaN
    },
    "2022-06-30": {
        "Tax Effect Of Unusual Items": -1522193.211488,
        "Tax Rate For Calcs": 0.138381,
        "Normalized EBITDA": 1077000000.0,
        "Total Unusual Items": -11000000.0,
        "Total Unusual Items Excluding Goodwill": -11000000.0,
        "Net Income From Continuing Operation Net Minority Interest": 300000000.0,
        "Reconciled Depreciation": 417000000.0,
        "Reconciled Cost Of Revenue": 797000000.0,
        "EBITDA": 1066000000.0,
        "EBIT": 649000000.0,
        "Net Interest Income": -266000000.0,
        "Interest Expense": 266000000.0,
        "Interest Income": NaN,
        "Normalized Income": 309477806.788512,
        "Net Income From Continuing And Discontinued Operation": 300000000.0,
        "Total Expenses": 1873000000.0,
        "Total Operating Income As Reported": 614000000.0,
        "Diluted Average Shares": 478300000.0,
        "Basic Average Shares": 477800000.0,
        "Diluted EPS": 0.59,
        "Basic EPS": 0.59,
        "Diluted NI Availto Com Stockholders": 284000000.0,
        "Average Dilution Earnings": 0.0,
        "Net Income Common Stockholders": 284000000.0,
        "Preferred Stock Dividends": 16000000.0,
        "Net Income": 300000000.0,
        "Minority Interests": -30000000.0,
        "Net Income Including Noncontrolling Interests": 330000000.0,
        "Net Income Continuous Operations": 330000000.0,
        "Tax Provision": 53000000.0,
        "Pretax Income": 383000000.0,
        "Other Income Expense": 35000000.0,
        "Other Non Operating Income Expenses": 28000000.0,
        "Special Income Charges": 18000000.0,
        "Other Special Charges": -18000000.0,
        "Earnings From Equity Interest": 18000000.0,
        "Gain On Sale Of Security": -11000000.0,
        "Net Non Operating Interest Income Expense": -266000000.0,
        "Interest Expense Non Operating": 266000000.0,
        "Interest Income Non Operating": NaN,
        "Operating Income": 614000000.0,
        "Operating Expense": 1076000000.0,
        "Other Operating Expenses": 659000000.0,
        "Depreciation Amortization Depletion Income Statement": 417000000.0,
        "Depreciation And Amortization In Income Statement": 417000000.0,
        "Gross Profit": 1690000000.0,
        "Cost Of Revenue": 797000000.0,
        "Total Revenue": 2487000000.0,
        "Operating Revenue": 2487000000.0
    },
    "2023-06-30": {
        "Tax Effect Of Unusual Items": NaN,
        "Tax Rate For Calcs": NaN,
        "Normalized EBITDA": NaN,
        "Total Unusual Items": NaN,
        "Total Unusual Items Excluding Goodwill": NaN,
        "Net Income From Continuing Operation Net Minority Interest": NaN,
        "Reconciled Depreciation": NaN,
        "Reconciled Cost Of Revenue": NaN,
        "EBITDA": NaN,
        "EBIT": NaN,
        "Net Interest Income": NaN,
        "Interest Expense": NaN,
        "Interest Income": NaN,
        "Normalized Income": NaN,
        "Net Income From Continuing And Discontinued Operation": NaN,
        "Total Expenses": NaN,
        "Total Operating Income As Reported": NaN,
        "Diluted Average Shares": 485700000.0,
        "Basic Average Shares": 485400000.0,
        "Diluted EPS": 0.61,
        "Basic EPS": 0.61,
        "Diluted NI Availto Com Stockholders": NaN,
        "Average Dilution Earnings": NaN,
        "Net Income Common Stockholders": NaN,
        "Preferred Stock Dividends": NaN,
        "Net Income": NaN,
        "Minority Interests": NaN,
        "Net Income Including Noncontrolling Interests": NaN,
        "Net Income Continuous Operations": NaN,
        "Tax Provision": NaN,
        "Pretax Income": NaN,
        "Other Income Expense": NaN,
        "Other Non Operating Income Expenses": NaN,
        "Special Income Charges": NaN,
        "Other Special Charges": -23000000.0,
        "Earnings From Equity Interest": NaN,
        "Gain On Sale Of Security": NaN,
        "Net Non Operating Interest Income Expense": NaN,
        "Interest Expense Non Operating": NaN,
        "Interest Income Non Operating": NaN,
        "Operating Income": NaN,
        "Operating Expense": NaN,
        "Other Operating Expenses": NaN,
        "Depreciation Amortization Depletion Income Statement": NaN,
        "Depreciation And Amortization In Income Statement": NaN,
        "Gross Profit": NaN,
        "Cost Of Revenue": NaN,
        "Total Revenue": NaN,
        "Operating Revenue": NaN
    },
    "2022-03-31": {
        "Diluted EPS": 0.58,
        "Total Revenue": NaN,
        "Gross Profit": 855,
        "Operating Income": 534,
        "EBIT": 843,
        "Net Income": 276
    },
    "2021-12-31": {
        "Diluted EPS": 0.55,
        "Total Revenue": NaN,
        "Gross Profit": 819,
        "Operating Income": 514,
        "EBIT": 812,
        "Net Income": 261
    },
    "2021-09-30": {
        "Diluted EPS": 0.5,
        "Total Revenue": NaN,
        "Gross Profit": 777,
        "Operating Income": 475,
        "EBIT": 752,
        "Net Income": 234
    },
    "2021-06-30": {
        "Diluted EPS": 0.44,
        "Total Revenue": NaN,
        "Gross Profit": 754,
        "Operating Income": 454,
        "EBIT": 752,
        "Net Income": 206
    },
    "2021-03-31": {
        "Diluted EPS": 0.6,
        "Total Revenue": NaN,
        "Gross Profit": 821,
        "Operating Income": 528,
        "EBIT": 810,
        "Net Income": 280
    },
    "2020-12-31": {
        "Diluted EPS": 0.54,
        "Total Revenue": NaN,
        "Gross Profit": 765,
        "Operating Income": 498,
        "EBIT": 750,
        "Net Income": 253
    },
    "2020-09-30": {
        "Diluted EPS": 0.47,
        "Total Revenue": NaN,
        "Gross Profit": 721,
        "Operating Income": 452,
        "EBIT": 739,
        "Net Income": 219
    },
    "2020-06-30": {
        "Diluted EPS": 0.43,
        "Total Revenue": NaN,
        "Gross Profit": 696,
        "Operating Income": 431,
        "EBIT": 685,
        "Net Income": 198
    },
    "2020-03-31": {
        "Diluted EPS": 0.5,
        "Total Revenue": NaN,
        "Gross Profit": 757,
        "Operating Income": 491,
        "EBIT": 754,
        "Net Income": 233
    },
    "2019-12-31": {
        "Diluted EPS": 0.59,
        "Total Revenue": NaN,
        "Gross Profit": 781,
        "Operating Income": 525,
        "EBIT": 774,
        "Net Income": 264
    },
    "2019-09-30": {
        "Diluted EPS": 0.48,
        "Total Revenue": NaN,
        "Gross Profit": 697,
        "Operating Income": 443,
        "EBIT": 699,
        "Net Income": 211
    },
    "2019-06-30": {
        "Diluted EPS": 1.24,
        "Total Revenue": NaN,
        "Gross Profit": 651,
        "Operating Income": 830,
        "EBIT": NaN,
        "Net Income": 538
    },
    "2019-03-31": {
        "Diluted EPS": 0.54,
        "Total Revenue": NaN,
        "Gross Profit": 743,
        "Operating Income": 491,
        "EBIT": 738,
        "Net Income": 234
    },
    "2018-12-31": {
        "Diluted EPS": 0.46,
        "Total Revenue": NaN,
        "Gross Profit": 676,
        "Operating Income": 435,
        "EBIT": 681,
        "Net Income": 196
    },
    "2018-09-30": {
        "Diluted EPS": 0.5,
        "Total Revenue": NaN,
        "Gross Profit": 696,
        "Operating Income": 456,
        "EBIT": 685,
        "Net Income": 211
    },
    "2018-06-30": {
        "Diluted EPS": 0.44,
        "Total Revenue": NaN,
        "Gross Profit": 687,
        "Operating Income": 448,
        "EBIT": 676,
        "Net Income": 186
    },
    "2018-03-31": {
        "Diluted EPS": 0.6,
        "Total Revenue": NaN,
        "Gross Profit": 724,
        "Operating Income": 485,
        "EBIT": 718,
        "Net Income": 256
    },
    "2017-12-31": {
        "Diluted EPS": 0.25,
        "Total Revenue": NaN,
        "Gross Profit": 712,
        "Operating Income": 480,
        "EBIT": 678,
        "Net Income": 108
    },
    "2017-09-30": {
        "Diluted EPS": 0.53,
        "Total Revenue": NaN,
        "Gross Profit": 733,
        "Operating Income": 502,
        "EBIT": 760,
        "Net Income": 222
    },
    "2017-06-30": {
        "Diluted EPS": 0.46,
        "Total Revenue": NaN,
        "Gross Profit": 684,
        "Operating Income": 463,
        "EBIT": 676,
        "Net Income": 191
    },
    "2017-03-31": {
        "Diluted EPS": 0.54,
        "Total Revenue": NaN,
        "Gross Profit": 709,
        "Operating Income": 484,
        "EBIT": 703,
        "Net Income": 222
    },
    "2016-12-31": {
        "Diluted EPS": 0.37,
        "Total Revenue": NaN,
        "Gross Profit": 564,
        "Operating Income": 351,
        "EBIT": 550,
        "Net Income": 143
    },
    "2016-09-30": {
        "Diluted EPS": 0.35,
        "Total Revenue": NaN,
        "Gross Profit": 450,
        "Operating Income": 270,
        "EBIT": 440,
        "Net Income": 97
    },
    "2016-06-30": {
        "Diluted EPS": 0.3,
        "Total Revenue": NaN,
        "Gross Profit": 421,
        "Operating Income": 241,
        "EBIT": 426,
        "Net Income": 83
    },
    "2016-03-31": {
        "Diluted EPS": 0.42,
        "Total Revenue": NaN,
        "Gross Profit": 428,
        "Operating Income": 257,
        "EBIT": 423,
        "Net Income": 118
    },
    "2015-12-31": {
        "Diluted EPS": 0.36,
        "Total Revenue": NaN,
        "Gross Profit": NaN,
        "Operating Income": NaN,
        "EBIT": NaN,
        "Net Income": 101
    },
    "2015-09-30": {
        "Diluted EPS": 0.41,
        "Total Revenue": NaN,
        "Gross Profit": NaN,
        "Operating Income": NaN,
        "EBIT": NaN,
        "Net Income": 116
    },
    "2023-09-30": {
        "Tax Effect Of Unusual Items": NaN,
        "Tax Rate For Calcs": NaN,
        "Normalized EBITDA": NaN,
        "Total Unusual Items": NaN,
        "Total Unusual Items Excluding Goodwill": NaN,
        "Net Income From Continuing Operation Net Minority Interest": NaN,
        "Reconciled Depreciation": NaN,
        "Reconciled Cost Of Revenue": NaN,
        "EBITDA": NaN,
        "EBIT": NaN,
        "Net Interest Income": NaN,
        "Interest Expense": NaN,
        "Interest Income": NaN,
        "Normalized Income": NaN,
        "Net Income From Continuing And Discontinued Operation": NaN,
        "Total Expenses": NaN,
        "Total Operating Income As Reported": NaN,
        "Diluted Average Shares": 487700000.0,
        "Basic Average Shares": 487400000.0,
        "Diluted EPS": 0.81,
        "Basic EPS": 0.81,
        "Diluted NI Availto Com Stockholders": NaN,
        "Average Dilution Earnings": NaN,
        "Net Income Common Stockholders": NaN,
        "Preferred Stock Dividends": NaN,
        "Net Income": NaN,
        "Minority Interests": NaN,
        "Net Income Including Noncontrolling Interests": NaN,
        "Net Income Continuous Operations": NaN,
        "Tax Provision": NaN,
        "Pretax Income": NaN,
        "Other Income Expense": NaN,
        "Other Non Operating Income Expenses": NaN,
        "Special Income Charges": 25000000.0,
        "Other Special Charges": -25000000.0,
        "Earnings From Equity Interest": 3000000.0,
        "Gain On Sale Of Security": NaN,
        "Net Non Operating Interest Income Expense": NaN,
        "Interest Expense Non Operating": NaN,
        "Interest Income Non Operating": NaN,
        "Operating Income": NaN,
        "Operating Expense": NaN,
        "Other Operating Expenses": NaN,
        "Depreciation Amortization Depletion Income Statement": NaN,
        "Depreciation And Amortization In Income Statement": NaN,
        "Gross Profit": NaN,
        "Cost Of Revenue": NaN,
        "Total Revenue": NaN,
        "Operating Revenue": NaN
    },
    "2023-12-31": {
        "Tax Effect Of Unusual Items": NaN,
        "Tax Rate For Calcs": NaN,
        "Normalized EBITDA": NaN,
        "Total Unusual Items": NaN,
        "Total Unusual Items Excluding Goodwill": NaN,
        "Net Income From Continuing Operation Net Minority Interest": NaN,
        "Reconciled Depreciation": NaN,
        "Reconciled Cost Of Revenue": NaN,
        "EBITDA": NaN,
        "EBIT": NaN,
        "Net Interest Income": NaN,
        "Interest Expense": NaN,
        "Interest Income": NaN,
        "Normalized Income": NaN,
        "Net Income From Continuing And Discontinued Operation": NaN,
        "Total Expenses": NaN,
        "Total Operating Income As Reported": NaN,
        "Diluted Average Shares": NaN,
        "Basic Average Shares": NaN,
        "Diluted EPS": NaN,
        "Basic EPS": NaN,
        "Diluted NI Availto Com Stockholders": NaN,
        "Average Dilution Earnings": NaN,
        "Net Income Common Stockholders": NaN,
        "Preferred Stock Dividends": NaN,
        "Net Income": NaN,
        "Minority Interests": NaN,
        "Net Income Including Noncontrolling Interests": NaN,
        "Net Income Continuous Operations": NaN,
        "Tax Provision": NaN,
        "Pretax Income": NaN,
        "Other Income Expense": NaN,
        "Other Non Operating Income Expenses": NaN,
        "Special Income Charges": -48000000.0,
        "Other Special Charges": -30000000.0,
        "Earnings From Equity Interest": NaN,
        "Gain On Sale Of Security": NaN,
        "Net Non Operating Interest Income Expense": NaN,
        "Interest Expense Non Operating": NaN,
        "Interest Income Non Operating": NaN,
        "Operating Income": NaN,
        "Operating Expense": NaN,
        "Other Operating Expenses": NaN,
        "Depreciation Amortization Depletion Income Statement": NaN,
        "Depreciation And Amortization In Income Statement": NaN,
        "Gross Profit": NaN,
        "Cost Of Revenue": NaN,
        "Total Revenue": NaN,
        "Operating Revenue": NaN
    },
    "2024-03-31": {
        "Tax Effect Of Unusual Items": NaN,
        "Tax Rate For Calcs": NaN,
        "Normalized EBITDA": NaN,
        "Total Unusual Items": NaN,
        "Total Unusual Items Excluding Goodwill": NaN,
        "Net Income From Continuing Operation Net Minority Interest": NaN,
        "Reconciled Depreciation": NaN,
        "Reconciled Cost Of Revenue": NaN,
        "EBITDA": NaN,
        "EBIT": NaN,
        "Net Interest Income": NaN,
        "Interest Expense": NaN,
        "Interest Income": NaN,
        "Normalized Income": NaN,
        "Net Income From Continuing And Discontinued Operation": NaN,
        "Total Expenses": NaN,
        "Total Operating Income As Reported": NaN,
        "Diluted Average Shares": NaN,
        "Basic Average Shares": NaN,
        "Diluted EPS": NaN,
        "Basic EPS": NaN,
        "Diluted NI Availto Com Stockholders": NaN,
        "Average Dilution Earnings": NaN,
        "Net Income Common Stockholders": NaN,
        "Preferred Stock Dividends": NaN,
        "Net Income": NaN,
        "Minority Interests": NaN,
        "Net Income Including Noncontrolling Interests": NaN,
        "Net Income Continuous Operations": NaN,
        "Tax Provision": NaN,
        "Pretax Income": NaN,
        "Other Income Expense": NaN,
        "Other Non Operating Income Expenses": NaN,
        "Special Income Charges": 30000000.0,
        "Other Special Charges": -30000000.0,
        "Earnings From Equity Interest": 5000000.0,
        "Gain On Sale Of Security": NaN,
        "Net Non Operating Interest Income Expense": NaN,
        "Interest Expense Non Operating": NaN,
        "Interest Income Non Operating": NaN,
        "Operating Income": NaN,
        "Operating Expense": NaN,
        "Other Operating Expenses": NaN,
        "Depreciation Amortization Depletion Income Statement": NaN,
        "Depreciation And Amortization In Income Statement": NaN,
        "Gross Profit": NaN,
        "Cost Of Revenue": NaN,
        "Total Revenue": NaN,
        "Operating Revenue": NaN
    },
    "2024-06-30": {
        "Tax Effect Of Unusual Items": NaN,
        "Tax Rate For Calcs": NaN,
        "Normalized EBITDA": NaN,
        "Total Unusual Items": NaN,
        "Total Unusual Items Excluding Goodwill": NaN,
        "Net Income From Continuing Operation Net Minority Interest": NaN,
        "Reconciled Depreciation": NaN,
        "Reconciled Cost Of Revenue": NaN,
        "EBITDA": NaN,
        "EBIT": NaN,
        "Net Interest Income": NaN,
        "Interest Expense": NaN,
        "Interest Income": NaN,
        "Normalized Income": NaN,
        "Net Income From Continuing And Discontinued Operation": NaN,
        "Total Expenses": NaN,
        "Total Operating Income As Reported": NaN,
        "Diluted Average Shares": 494200000.0,
        "Basic Average Shares": 494000000.0,
        "Diluted EPS": 0.67,
        "Basic EPS": 0.67,
        "Diluted NI Availto Com Stockholders": NaN,
        "Average Dilution Earnings": NaN,
        "Net Income Common Stockholders": NaN,
        "Preferred Stock Dividends": NaN,
        "Net Income": NaN,
        "Minority Interests": NaN,
        "Net Income Including Noncontrolling Interests": NaN,
        "Net Income Continuous Operations": NaN,
        "Tax Provision": NaN,
        "Pretax Income": NaN,
        "Other Income Expense": NaN,
        "Other Non Operating Income Expenses": NaN,
        "Special Income Charges": NaN,
        "Other Special Charges": NaN,
        "Earnings From Equity Interest": NaN,
        "Gain On Sale Of Security": NaN,
        "Net Non Operating Interest Income Expense": NaN,
        "Interest Expense Non Operating": NaN,
        "Interest Income Non Operating": NaN,
        "Operating Income": NaN,
        "Operating Expense": NaN,
        "Other Operating Expenses": NaN,
        "Depreciation Amortization Depletion Income Statement": NaN,
        "Depreciation And Amortization In Income Statement": NaN,
        "Gross Profit": NaN,
        "Cost Of Revenue": NaN,
        "Total Revenue": NaN,
        "Operating Revenue": NaN
    },
    "2024-09-30": {
        "Tax Effect Of Unusual Items": 9616755.793226,
        "Tax Rate For Calcs": 0.14795,
        "Normalized EBITDA": 1331000000.0,
        "Total Unusual Items": 65000000.0,
        "Total Unusual Items Excluding Goodwill": 65000000.0,
        "Net Income From Continuing Operation Net Minority Interest": 439000000.0,
        "Reconciled Depreciation": 480000000.0,
        "Reconciled Cost Of Revenue": 737000000.0,
        "EBITDA": 1396000000.0,
        "EBIT": 916000000.0,
        "Net Interest Income": -338000000.0,
        "Interest Expense": 355000000.0,
        "Interest Income": 17000000.0,
        "Normalized Income": 383616755.793226,
        "Net Income From Continuing And Discontinued Operation": 439000000.0,
        "Total Expenses": 1957000000.0,
        "Total Operating Income As Reported": 814000000.0,
        "Diluted Average Shares": 496400000.0,
        "Basic Average Shares": 496200000.0,
        "Diluted EPS": 0.85,
        "Basic EPS": 0.85,
        "Diluted NI Availto Com Stockholders": 420000000.0,
        "Average Dilution Earnings": 0.0,
        "Net Income Common Stockholders": 420000000.0,
        "Preferred Stock Dividends": 19000000.0,
        "Net Income": 439000000.0,
        "Minority Interests": -39000000.0,
        "Net Income Including Noncontrolling Interests": 478000000.0,
        "Net Income Continuous Operations": 478000000.0,
        "Tax Provision": 83000000.0,
        "Pretax Income": 561000000.0,
        "Other Income Expense": 85000000.0,
        "Other Non Operating Income Expenses": 19000000.0,
        "Special Income Charges": 37000000.0,
        "Other Special Charges": -37000000.0,
        "Earnings From Equity Interest": 1000000.0,
        "Gain On Sale Of Security": 28000000.0,
        "Net Non Operating Interest Income Expense": -338000000.0,
        "Interest Expense Non Operating": 355000000.0,
        "Interest Income Non Operating": 17000000.0,
        "Operating Income": 814000000.0,
        "Operating Expense": 1220000000.0,
        "Other Operating Expenses": 740000000.0,
        "Depreciation Amortization Depletion Income Statement": 480000000.0,
        "Depreciation And Amortization In Income Statement": 480000000.0,
        "Gross Profit": 2034000000.0,
        "Cost Of Revenue": 737000000.0,
        "Total Revenue": 2771000000.0,
        "Operating Revenue": 2771000000.0
    },
    "2024-12-31": {
        "Tax Effect Of Unusual Items": -22395220.588235,
        "Tax Rate For Calcs": 0.170956,
        "Normalized EBITDA": 1543000000.0,
        "Total Unusual Items": -131000000.0,
        "Total Unusual Items Excluding Goodwill": -131000000.0,
        "Net Income From Continuing Operation Net Minority Interest": 415000000.0,
        "Reconciled Depreciation": 500000000.0,
        "Reconciled Cost Of Revenue": 790000000.0,
        "EBITDA": 1412000000.0,
        "EBIT": 912000000.0,
        "Net Interest Income": -353000000.0,
        "Interest Expense": 368000000.0,
        "Interest Income": 15000000.0,
        "Normalized Income": 523604779.411765,
        "Net Income From Continuing And Discontinued Operation": 415000000.0,
        "Total Expenses": 2085000000.0,
        "Total Operating Income As Reported": 864000000.0,
        "Diluted Average Shares": NaN,
        "Basic Average Shares": NaN,
        "Diluted EPS": NaN,
        "Basic EPS": NaN,
        "Diluted NI Availto Com Stockholders": 396000000.0,
        "Average Dilution Earnings": 0.0,
        "Net Income Common Stockholders": 396000000.0,
        "Preferred Stock Dividends": 19000000.0,
        "Net Income": 415000000.0,
        "Minority Interests": -36000000.0,
        "Net Income Including Noncontrolling Interests": 451000000.0,
        "Net Income Continuous Operations": 451000000.0,
        "Tax Provision": 93000000.0,
        "Pretax Income": 544000000.0,
        "Other Income Expense": 33000000.0,
        "Other Non Operating Income Expenses": 155000000.0,
        "Special Income Charges": -99000000.0,
        "Other Special Charges": NaN,
        "Earnings From Equity Interest": 9000000.0,
        "Gain On Sale Of Security": -32000000.0,
        "Net Non Operating Interest Income Expense": -353000000.0,
        "Interest Expense Non Operating": 368000000.0,
        "Interest Income Non Operating": 15000000.0,
        "Operating Income": 864000000.0,
        "Operating Expense": 1295000000.0,
        "Other Operating Expenses": 795000000.0,
        "Depreciation Amortization Depletion Income Statement": 500000000.0,
        "Depreciation And Amortization In Income Statement": 500000000.0,
        "Gross Profit": 2159000000.0,
        "Cost Of Revenue": 790000000.0,
        "Total Revenue": 2949000000.0,
        "Operating Revenue": 2684000000.0
    },
    "2025-03-31": {
        "Tax Effect Of Unusual Items": 2237388.724036,
        "Tax Rate For Calcs": 0.172107,
        "Normalized EBITDA": 1546000000.0,
        "Total Unusual Items": 13000000.0,
        "Total Unusual Items Excluding Goodwill": 13000000.0,
        "Net Income From Continuing Operation Net Minority Interest": 520000000.0,
        "Reconciled Depreciation": 515000000.0,
        "Reconciled Cost Of Revenue": 1040000000.0,
        "EBITDA": 1559000000.0,
        "EBIT": 1044000000.0,
        "Net Interest Income": -358000000.0,
        "Interest Expense": 370000000.0,
        "Interest Income": 12000000.0,
        "Normalized Income": 509237388.724036,
        "Net Income From Continuing And Discontinued Operation": 520000000.0,
        "Total Expenses": 2385000000.0,
        "Total Operating Income As Reported": 953000000.0,
        "Diluted Average Shares": 500600000.0,
        "Basic Average Shares": 500300000.0,
        "Diluted EPS": 1.0,
        "Basic EPS": 1.0,
        "Diluted NI Availto Com Stockholders": 499000000.0,
        "Average Dilution Earnings": 0.0,
        "Net Income Common Stockholders": 499000000.0,
        "Preferred Stock Dividends": 21000000.0,
        "Net Income": 520000000.0,
        "Minority Interests": -38000000.0,
        "Net Income Including Noncontrolling Interests": 558000000.0,
        "Net Income Continuous Operations": 558000000.0,
        "Tax Provision": 116000000.0,
        "Pretax Income": 674000000.0,
        "Other Income Expense": 79000000.0,
        "Other Non Operating Income Expenses": 60000000.0,
        "Special Income Charges": NaN,
        "Other Special Charges": NaN,
        "Earnings From Equity Interest": 6000000.0,
        "Gain On Sale Of Security": 13000000.0,
        "Net Non Operating Interest Income Expense": -358000000.0,
        "Interest Expense Non Operating": 370000000.0,
        "Interest Income Non Operating": 12000000.0,
        "Operating Income": 953000000.0,
        "Operating Expense": 1345000000.0,
        "Other Operating Expenses": 830000000.0,
        "Depreciation Amortization Depletion Income Statement": 515000000.0,
        "Depreciation And Amortization In Income Statement": 515000000.0,
        "Gross Profit": 2298000000.0,
        "Cost Of Revenue": 1040000000.0,
        "Total Revenue": 3338000000.0,
        "Operating Revenue": 3338000000.0
    },
    "2025-06-30": {
        "Tax Effect Of Unusual Items": 3432835.820896,
        "Tax Rate For Calcs": 0.171642,
        "Normalized EBITDA": 1397000000.0,
        "Total Unusual Items": 20000000.0,
        "Total Unusual Items Excluding Goodwill": 20000000.0,
        "Net Income From Continuing Operation Net Minority Interest": 404000000.0,
        "Reconciled Depreciation": 512000000.0,
        "Reconciled Cost Of Revenue": 714000000.0,
        "EBITDA": 1417000000.0,
        "EBIT": 905000000.0,
        "Net Interest Income": -359000000.0,
        "Interest Expense": 369000000.0,
        "Interest Income": 10000000.0,
        "Normalized Income": 387432835.820896,
        "Net Income From Continuing And Discontinued Operation": 404000000.0,
        "Total Expenses": 2015000000.0,
        "Total Operating Income As Reported": 800000000.0,
        "Diluted Average Shares": 502900000.0,
        "Basic Average Shares": 502600000.0,
        "Diluted EPS": 0.76,
        "Basic EPS": 0.76,
        "Diluted NI Availto Com Stockholders": 384000000.0,
        "Average Dilution Earnings": 0.0,
        "Net Income Common Stockholders": 384000000.0,
        "Preferred Stock Dividends": 20000000.0,
        "Net Income": 404000000.0,
        "Minority Interests": -40000000.0,
        "Net Income Including Noncontrolling Interests": 444000000.0,
        "Net Income Continuous Operations": 444000000.0,
        "Tax Provision": 92000000.0,
        "Pretax Income": 536000000.0,
        "Other Income Expense": 95000000.0,
        "Other Non Operating Income Expenses": 75000000.0,
        "Special Income Charges": NaN,
        "Other Special Charges": NaN,
        "Earnings From Equity Interest": NaN,
        "Gain On Sale Of Security": 20000000.0,
        "Net Non Operating Interest Income Expense": -359000000.0,
        "Interest Expense Non Operating": 369000000.0,
        "Interest Income Non Operating": 10000000.0,
        "Operating Income": 800000000.0,
        "Operating Expense": 1301000000.0,
        "Other Operating Expenses": 789000000.0,
        "Depreciation Amortization Depletion Income Statement": 512000000.0,
        "Depreciation And Amortization In Income Statement": 512000000.0,
        "Gross Profit": 2101000000.0,
        "Cost Of Revenue": 714000000.0,
        "Total Revenue": 2815000000.0,
        "Operating Revenue": 2815000000.0
    },
    "2025-09-30": {
        "Tax Effect Of Unusual Items": 1269430.051813,
        "Tax Rate For Calcs": 0.181347,
        "Normalized EBITDA": 1460000000.0,
        "Total Unusual Items": 7000000.0,
        "Total Unusual Items Excluding Goodwill": 7000000.0,
        "Net Income From Continuing Operation Net Minority Interest": 431000000.0,
        "Reconciled Depreciation": 518000000.0,
        "Reconciled Cost Of Revenue": 759000000.0,
        "EBITDA": 1467000000.0,
        "EBIT": 949000000.0,
        "Net Interest Income": -361000000.0,
        "Interest Expense": 370000000.0,
        "Interest Income": 9000000.0,
        "Normalized Income": 425269430.051813,
        "Net Income From Continuing And Discontinued Operation": 431000000.0,
        "Total Expenses": 2067000000.0,
        "Total Operating Income As Reported": 871000000.0,
        "Diluted Average Shares": 504800000.0,
        "Basic Average Shares": 504500000.0,
        "Diluted EPS": 0.81,
        "Basic EPS": 0.81,
        "Diluted NI Availto Com Stockholders": 409000000.0,
        "Average Dilution Earnings": 0.0,
        "Net Income Common Stockholders": 409000000.0,
        "Preferred Stock Dividends": 22000000.0,
        "Net Income": 431000000.0,
        "Minority Interests": -43000000.0,
        "Net Income Including Noncontrolling Interests": 474000000.0,
        "Net Income Continuous Operations": 474000000.0,
        "Tax Provision": 105000000.0,
        "Pretax Income": 579000000.0,
        "Other Income Expense": 69000000.0,
        "Other Non Operating Income Expenses": 59000000.0,
        "Special Income Charges": NaN,
        "Other Special Charges": NaN,
        "Earnings From Equity Interest": 3000000.0,
        "Gain On Sale Of Security": 7000000.0,
        "Net Non Operating Interest Income Expense": -361000000.0,
        "Interest Expense Non Operating": 370000000.0,
        "Interest Income Non Operating": 9000000.0,
        "Operating Income": 871000000.0,
        "Operating Expense": 1308000000.0,
        "Other Operating Expenses": 790000000.0,
        "Depreciation Amortization Depletion Income Statement": 518000000.0,
        "Depreciation And Amortization In Income Statement": 518000000.0,
        "Gross Profit": 2179000000.0,
        "Cost Of Revenue": 759000000.0,
        "Total Revenue": 2938000000.0,
        "Operating Revenue": 2938000000.0
    }
}