{
    "2023-03-31": {
        "Tax Effect Of Unusual Items": NaN,
        "Tax Rate For Calcs": NaN,
        "Normalized EBITDA": NaN,
        "Total Unusual Items": 0.0,
        "Total Unusual Items Excluding Goodwill": 0.0,
        "Net Income From Continuing Operation Net Minority Interest": NaN,
        "Reconciled Depreciation": NaN,
        "Reconciled Cost Of Revenue": NaN,
        "EBITDA": NaN,
        "EBIT": NaN,
        "Net Interest Income": NaN,
        "Interest Expense": NaN,
        "Interest Income": 2118000.0,
        "Normalized Income": NaN,
        "Net Income From Continuing And Discontinued Operation": NaN,
        "Total Expenses": NaN,
        "Total Operating Income As Reported": NaN,
        "Diluted Average Shares": NaN,
        "Basic Average Shares": NaN,
        "Diluted EPS": NaN,
        "Basic EPS": NaN,
        "Diluted NI Availto Com Stockholders": NaN,
        "Net Income Common Stockholders": NaN,
        "Net Income": NaN,
        "Minority Interests": NaN,
        "Net Income Including Noncontrolling Interests": NaN,
        "Net Income Discontinuous Operations": NaN,
        "Net Income Continuous Operations": NaN,
        "Tax Provision": NaN,
        "Pretax Income": NaN,
        "Other Income Expense": NaN,
        "Other Non Operating Income Expenses": NaN,
        "Special Income Charges": 0.0,
        "Other Special Charges": NaN,
        "Net Non Operating Interest Income Expense": NaN,
        "Interest Expense Non Operating": NaN,
        "Interest Income Non Operating": 2118000.0,
        "Operating Income": NaN,
        "Operating Expense": NaN,
        "Depreciation Amortization Depletion Income Statement": NaN,
        "Depreciation And Amortization In Income Statement": NaN,
        "Research And Development": NaN,
        "Selling General And Administration": NaN,
        "Selling And Marketing Expense": NaN,
        "General And Administrative Expense": NaN,
        "Other Gand A": NaN,
        "Salaries And Wages": NaN,
        "Gross Profit": NaN,
        "Cost Of Revenue": NaN,
        "Total Revenue": NaN,
        "Operating Revenue": NaN
    },
    "2022-12-31": {
        "Tax Effect Of Unusual Items": NaN,
        "Tax Rate For Calcs": NaN,
        "Normalized EBITDA": NaN,
        "Total Unusual Items": 46136000.0,
        "Total Unusual Items Excluding Goodwill": 46136000.0,
        "Net Income From Continuing Operation Net Minority Interest": NaN,
        "Reconciled Depreciation": NaN,
        "Reconciled Cost Of Revenue": NaN,
        "EBITDA": NaN,
        "EBIT": NaN,
        "Net Interest Income": NaN,
        "Interest Expense": NaN,
        "Interest Income": NaN,
        "Normalized Income": NaN,
        "Net Income From Continuing And Discontinued Operation": NaN,
        "Total Expenses": NaN,
        "Total Operating Income As Reported": NaN,
        "Diluted Average Shares": NaN,
        "Basic Average Shares": NaN,
        "Diluted EPS": NaN,
        "Basic EPS": NaN,
        "Diluted NI Availto Com Stockholders": NaN,
        "Net Income Common Stockholders": NaN,
        "Net Income": NaN,
        "Minority Interests": NaN,
        "Net Income Including Noncontrolling Interests": NaN,
        "Net Income Discontinuous Operations": NaN,
        "Net Income Continuous Operations": NaN,
        "Tax Provision": NaN,
        "Pretax Income": NaN,
        "Other Income Expense": NaN,
        "Other Non Operating Income Expenses": NaN,
        "Special Income Charges": 46136000.0,
        "Other Special Charges": NaN,
        "Impairment Of Capital Assets": -46136000.0,
        "Gain On Sale Of Security": 0.0,
        "Net Non Operating Interest Income Expense": NaN,
        "Interest Expense Non Operating": NaN,
        "Interest Income Non Operating": NaN,
        "Operating Income": NaN,
        "Operating Expense": NaN,
        "Depreciation Amortization Depletion Income Statement": NaN,
        "Depreciation And Amortization In Income Statement": NaN,
        "Research And Development": NaN,
        "Selling General And Administration": NaN,
        "Selling And Marketing Expense": NaN,
        "General And Administrative Expense": NaN,
        "Other Gand A": NaN,
        "Salaries And Wages": NaN,
        "Gross Profit": NaN,
        "Cost Of Revenue": NaN,
        "Total Revenue": NaN,
        "Operating Revenue": NaN
    },
    "2022-09-30": {
        "Tax Effect Of Unusual Items": NaN,
        "Tax Rate For Calcs": NaN,
        "Normalized EBITDA": NaN,
        "Total Unusual Items": -35454000.0,
        "Total Unusual Items Excluding Goodwill": -35454000.0,
        "Net Income From Continuing Operation Net Minority Interest": NaN,
        "Reconciled Depreciation": NaN,
        "Reconciled Cost Of Revenue": NaN,
        "EBITDA": NaN,
        "EBIT": NaN,
        "Net Interest Income": NaN,
        "Interest Expense": NaN,
        "Interest Income": NaN,
        "Normalized Income": NaN,
        "Net Income From Continuing And Discontinued Operation": NaN,
        "Total Expenses": NaN,
        "Total Operating Income As Reported": NaN,
        "Diluted Average Shares": NaN,
        "Basic Average Shares": NaN,
        "Diluted EPS": NaN,
        "Basic EPS": NaN,
        "Diluted NI Availto Com Stockholders": NaN,
        "Net Income Common Stockholders": NaN,
        "Net Income": NaN,
        "Minority Interests": NaN,
        "Net Income Including Noncontrolling Interests": NaN,
        "Net Income Discontinuous Operations": NaN,
        "Net Income Continuous Operations": NaN,
        "Tax Provision": NaN,
        "Pretax Income": NaN,
        "Other Income Expense": NaN,
        "Other Non Operating Income Expenses": NaN,
        "Special Income Charges": -35454000.0,
        "Other Special Charges": NaN,
        "Impairment Of Capital Assets": 35454000.0,
        "Gain On Sale Of Security": NaN,
        "Net Non Operating Interest Income Expense": NaN,
        "Interest Expense Non Operating": NaN,
        "Interest Income Non Operating": NaN,
        "Operating Income": NaN,
        "Operating Expense": NaN,
        "Depreciation Amortization Depletion Income Statement": NaN,
        "Depreciation And Amortization In Income Statement": NaN,
        "Research And Development": NaN,
        "Selling General And Administration": NaN,
        "Selling And Marketing Expense": NaN,
        "General And Administrative Expense": NaN,
        "Other Gand A": NaN,
        "Salaries And Wages": NaN,
        "Gross Profit": NaN,
        "Cost Of Revenue": NaN,
        "Total Revenue": NaN,
        "Operating Revenue": NaN
    },
    "2022-06-30": {
        "Tax Effect Of Unusual Items": -32514.297473,
        "Tax Rate For Calcs": 0.003044,
        "Normalized EBITDA": -90926000.0,
        "Total Unusual Items": -10682000.0,
        "Total Unusual Items Excluding Goodwill": -10682000.0,
        "Net Income From Continuing Operation Net Minority Interest": -116124000.0,
        "Reconciled Depreciation": 10722000.0,
        "Reconciled Cost Of Revenue": 233854000.0,
        "EBITDA": -101608000.0,
        "EBIT": -112330000.0,
        "Net Interest Income": -4299000.0,
        "Interest Expense": 4299000.0,
        "Normalized Income": -105474514.297473,
        "Net Income From Continuing And Discontinued Operation": -116124000.0,
        "Total Expenses": 323733000.0,
        "Total Operating Income As Reported": -112525000.0,
        "Diluted Average Shares": 185103005.0,
        "Basic Average Shares": 185103005.0,
        "Diluted EPS": -0.63,
        "Basic EPS": -0.63,
        "Diluted NI Availto Com Stockholders": -116124000.0,
        "Net Income Common Stockholders": -116124000.0,
        "Net Income": -116124000.0,
        "Minority Interests": 150000.0,
        "Net Income Including Noncontrolling Interests": -116274000.0,
        "Net Income Discontinuous Operations": NaN,
        "Net Income Continuous Operations": -116274000.0,
        "Tax Provision": -355000.0,
        "Pretax Income": -116629000.0,
        "Other Income Expense": -10487000.0,
        "Other Non Operating Income Expenses": 195000.0,
        "Special Income Charges": -10682000.0,
        "Impairment Of Capital Assets": 10682000.0,
        "Gain On Sale Of Security": NaN,
        "Net Non Operating Interest Income Expense": -4299000.0,
        "Interest Expense Non Operating": 4299000.0,
        "Operating Income": -101843000.0,
        "Operating Expense": 87676000.0,
        "Depreciation Amortization Depletion Income Statement": 8519000.0,
        "Depreciation And Amortization In Income Statement": 8519000.0,
        "Research And Development": 20923000.0,
        "Selling General And Administration": 58234000.0,
        "Selling And Marketing Expense": 30789000.0,
        "General And Administrative Expense": 27445000.0,
        "Other Gand A": 27445000.0,
        "Salaries And Wages": NaN,
        "Gross Profit": -14167000.0,
        "Cost Of Revenue": 236057000.0,
        "Total Revenue": 221890000.0,
        "Operating Revenue": 221781000.0
    },
    "2022-03-31": {
        "Diluted EPS": -0.89,
        "Total Revenue": 242,
        "Gross Profit": -24,
        "Operating Income": -123,
        "EBIT": -110,
        "Net Income": -141
    },
    "2021-12-31": {
        "Diluted EPS": -0.77,
        "Total Revenue": 231,
        "Gross Profit": -3,
        "Operating Income": -79,
        "EBIT": -65,
        "Net Income": -112
    },
    "2021-09-30": {
        "Diluted EPS": -0.74,
        "Total Revenue": 157,
        "Gross Profit": -1,
        "Operating Income": -103,
        "EBIT": -89,
        "Net Income": -106
    },
    "2021-06-30": {
        "Diluted EPS": -0.68,
        "Total Revenue": 131,
        "Gross Profit": -2,
        "Operating Income": -81,
        "EBIT": -67,
        "Net Income": -95
    },
    "2021-03-31": {
        "Diluted EPS": -0.59,
        "Total Revenue": 120,
        "Gross Profit": -4,
        "Operating Income": -65,
        "EBIT": -53,
        "Net Income": -70
    },
    "2020-12-31": {
        "Diluted EPS": -2.71,
        "Total Revenue": 105,
        "Gross Profit": 5,
        "Operating Income": -92,
        "EBIT": -82,
        "Net Income": -168
    },
    "2020-09-30": {
        "Diluted EPS": -6.2,
        "Total Revenue": 61,
        "Gross Profit": -10,
        "Operating Income": -302,
        "EBIT": -286,
        "Net Income": -274
    },
    "2020-06-30": {
        "Diluted EPS": -2.08,
        "Total Revenue": 44,
        "Gross Profit": -18,
        "Operating Income": -67,
        "EBIT": -43,
        "Net Income": -73
    },
    "2020-03-31": {
        "Diluted EPS": -1.83,
        "Total Revenue": 7,
        "Gross Profit": 7,
        "Operating Income": -18,
        "EBIT": -11,
        "Net Income": -56
    },
    "2019-12-31": {
        "Diluted EPS": -0.77,
        "Total Revenue": -2,
        "Gross Profit": -2,
        "Operating Income": -20,
        "EBIT": -14,
        "Net Income": -19
    },
    "2019-09-30": {
        "Diluted EPS": -0.29,
        "Total Revenue": 6,
        "Gross Profit": 6,
        "Operating Income": -7,
        "EBIT": 4,
        "Net Income": -7
    },
    "2019-06-30": {
        "Diluted EPS": -0.24,
        "Total Revenue": NaN,
        "Gross Profit": NaN,
        "Operating Income": -6,
        "EBIT": -1,
        "Net Income": -6
    },
    "2019-03-31": {
        "Diluted EPS": -0.27,
        "Total Revenue": NaN,
        "Gross Profit": NaN,
        "Operating Income": -6,
        "EBIT": -1,
        "Net Income": -3
    },
    "2018-12-31": {
        "Diluted EPS": -0.44,
        "Total Revenue": NaN,
        "Gross Profit": NaN,
        "Operating Income": -8,
        "EBIT": -2,
        "Net Income": -3
    },
    "2018-09-30": {
        "Diluted EPS": -0.9,
        "Total Revenue": NaN,
        "Gross Profit": NaN,
        "Operating Income": -5,
        "EBIT": -2,
        "Net Income": -4
    },
    "2018-06-30": {
        "Diluted EPS": -0.77,
        "Total Revenue": NaN,
        "Gross Profit": NaN,
        "Operating Income": -1,
        "EBIT": -1,
        "Net Income": -2
    },
    "2018-03-31": {
        "Diluted EPS": -0.26,
        "Total Revenue": NaN,
        "Gross Profit": NaN,
        "Operating Income": -1,
        "EBIT": 0,
        "Net Income": -1
    },
    "2017-12-31": {
        "Diluted EPS": -8.26,
        "Total Revenue": 0,
        "Gross Profit": 0,
        "Operating Income": 0,
        "EBIT": 0,
        "Net Income": 0
    },
    "2017-09-30": {
        "Diluted EPS": -0.01,
        "Total Revenue": NaN,
        "Gross Profit": NaN,
        "Operating Income": 0,
        "EBIT": 0,
        "Net Income": -1
    },
    "2017-06-30": {
        "Diluted EPS": 6.61,
        "Total Revenue": 0,
        "Gross Profit": 0,
        "Operating Income": 0,
        "EBIT": 0,
        "Net Income": 5
    },
    "2017-03-31": {
        "Diluted EPS": 2.4,
        "Total Revenue": 0,
        "Gross Profit": 0,
        "Operating Income": 0,
        "EBIT": 0,
        "Net Income": 7
    },
    "2016-12-31": {
        "Diluted EPS": NaN,
        "Total Revenue": 0,
        "Gross Profit": 0,
        "Operating Income": 0,
        "EBIT": 0,
        "Net Income": -5
    },
    "2016-09-30": {
        "Diluted EPS": -56.76,
        "Total Revenue": NaN,
        "Gross Profit": NaN,
        "Operating Income": -1,
        "EBIT": -1,
        "Net Income": -1
    },
    "2016-06-30": {
        "Diluted EPS": NaN,
        "Total Revenue": NaN,
        "Gross Profit": NaN,
        "Operating Income": 0,
        "EBIT": 0,
        "Net Income": -2
    },
    "2016-03-31": {
        "Diluted EPS": NaN,
        "Total Revenue": 0,
        "Gross Profit": 0,
        "Operating Income": 0,
        "EBIT": 0,
        "Net Income": -2
    },
    "2015-12-31": {
        "Diluted EPS": NaN,
        "Total Revenue": 0,
        "Gross Profit": 0,
        "Operating Income": -2,
        "EBIT": -3,
        "Net Income": -6
    },
    "2015-09-30": {
        "Diluted EPS": -0.02,
        "Total Revenue": 0,
        "Gross Profit": 0,
        "Operating Income": 0,
        "EBIT": 1,
        "Net Income": -1
    },
    "2015-06-30": {
        "Diluted EPS": 0.0,
        "Total Revenue": 0,
        "Gross Profit": 0,
        "Operating Income": 0,
        "EBIT": 0,
        "Net Income": 0
    },
    "2015-03-31": {
        "Diluted EPS": -0.03,
        "Total Revenue": 0,
        "Gross Profit": 0,
        "Operating Income": -1,
        "EBIT": -1,
        "Net Income": -1
    },
    "2014-12-31": {
        "Diluted EPS": 0.0,
        "Total Revenue": NaN,
        "Gross Profit": NaN,
        "Operating Income": NaN,
        "EBIT": NaN,
        "Net Income": NaN
    },
    "2014-09-30": {
        "Diluted EPS": -0.02,
        "Total Revenue": 0,
        "Gross Profit": 0,
        "Operating Income": -1,
        "EBIT": -1,
        "Net Income": -1
    },
    "2014-06-30": {
        "Diluted EPS": -0.06,
        "Total Revenue": 0,
        "Gross Profit": 0,
        "Operating Income": -2,
        "EBIT": -2,
        "Net Income": -2
    },
    "2013-12-31": {
        "Diluted EPS": 0.0,
        "Total Revenue": NaN,
        "Gross Profit": NaN,
        "Operating Income": NaN,
        "EBIT": NaN,
        "Net Income": NaN
    },
    "2012-12-31": {
        "Diluted EPS": 0.0,
        "Total Revenue": NaN,
        "Gross Profit": NaN,
        "Operating Income": NaN,
        "EBIT": NaN,
        "Net Income": NaN
    },
    "2011-12-31": {
        "Diluted EPS": 0.0,
        "Total Revenue": NaN,
        "Gross Profit": NaN,
        "Operating Income": NaN,
        "EBIT": NaN,
        "Net Income": NaN
    },
    "2023-06-30": {
        "Tax Effect Of Unusual Items": NaN,
        "Tax Rate For Calcs": NaN,
        "Normalized EBITDA": NaN,
        "Total Unusual Items": NaN,
        "Total Unusual Items Excluding Goodwill": NaN,
        "Net Income From Continuing Operation Net Minority Interest": NaN,
        "Reconciled Depreciation": NaN,
        "Reconciled Cost Of Revenue": NaN,
        "EBITDA": NaN,
        "EBIT": NaN,
        "Net Interest Income": NaN,
        "Interest Expense": NaN,
        "Interest Income": NaN,
        "Normalized Income": NaN,
        "Net Income From Continuing And Discontinued Operation": NaN,
        "Total Expenses": NaN,
        "Total Operating Income As Reported": NaN,
        "Diluted Average Shares": NaN,
        "Basic Average Shares": NaN,
        "Diluted EPS": NaN,
        "Basic EPS": NaN,
        "Diluted NI Availto Com Stockholders": NaN,
        "Net Income Common Stockholders": NaN,
        "Net Income": NaN,
        "Minority Interests": NaN,
        "Net Income Including Noncontrolling Interests": NaN,
        "Net Income Discontinuous Operations": NaN,
        "Net Income Continuous Operations": NaN,
        "Tax Provision": NaN,
        "Pretax Income": NaN,
        "Other Income Expense": NaN,
        "Other Non Operating Income Expenses": NaN,
        "Special Income Charges": NaN,
        "Other Special Charges": NaN,
        "Net Non Operating Interest Income Expense": NaN,
        "Interest Expense Non Operating": NaN,
        "Interest Income Non Operating": NaN,
        "Operating Income": NaN,
        "Operating Expense": NaN,
        "Depreciation Amortization Depletion Income Statement": NaN,
        "Depreciation And Amortization In Income Statement": NaN,
        "Research And Development": NaN,
        "Selling General And Administration": NaN,
        "Selling And Marketing Expense": NaN,
        "General And Administrative Expense": NaN,
        "Other Gand A": NaN,
        "Salaries And Wages": 4029000.0,
        "Gross Profit": NaN,
        "Cost Of Revenue": NaN,
        "Total Revenue": NaN,
        "Operating Revenue": NaN
    },
    "2023-09-30": {
        "Tax Effect Of Unusual Items": NaN,
        "Tax Rate For Calcs": NaN,
        "Normalized EBITDA": NaN,
        "Total Unusual Items": 0.0,
        "Total Unusual Items Excluding Goodwill": 0.0,
        "Net Income From Continuing Operation Net Minority Interest": NaN,
        "Reconciled Depreciation": NaN,
        "Reconciled Cost Of Revenue": NaN,
        "EBITDA": NaN,
        "EBIT": NaN,
        "Net Interest Income": NaN,
        "Interest Expense": NaN,
        "Interest Income": 2960000.0,
        "Normalized Income": NaN,
        "Net Income From Continuing And Discontinued Operation": NaN,
        "Total Expenses": NaN,
        "Total Operating Income As Reported": NaN,
        "Diluted Average Shares": 292693961.0,
        "Basic Average Shares": 292693961.0,
        "Diluted EPS": -0.29,
        "Basic EPS": -0.29,
        "Diluted NI Availto Com Stockholders": NaN,
        "Net Income Common Stockholders": NaN,
        "Net Income": NaN,
        "Minority Interests": NaN,
        "Net Income Including Noncontrolling Interests": NaN,
        "Net Income Discontinuous Operations": NaN,
        "Net Income Continuous Operations": NaN,
        "Tax Provision": NaN,
        "Pretax Income": NaN,
        "Other Income Expense": NaN,
        "Other Non Operating Income Expenses": NaN,
        "Special Income Charges": 0.0,
        "Other Special Charges": NaN,
        "Net Non Operating Interest Income Expense": NaN,
        "Interest Expense Non Operating": NaN,
        "Interest Income Non Operating": 2960000.0,
        "Operating Income": NaN,
        "Operating Expense": NaN,
        "Depreciation Amortization Depletion Income Statement": NaN,
        "Depreciation And Amortization In Income Statement": NaN,
        "Research And Development": NaN,
        "Selling General And Administration": NaN,
        "Selling And Marketing Expense": NaN,
        "General And Administrative Expense": NaN,
        "Other Gand A": NaN,
        "Gross Profit": NaN,
        "Cost Of Revenue": NaN,
        "Total Revenue": NaN,
        "Operating Revenue": NaN
    },
    "2023-12-31": {
        "Tax Effect Of Unusual Items": 0.0,
        "Tax Rate For Calcs": 0.005557,
        "Normalized EBITDA": -48834000.0,
        "Total Unusual Items": NaN,
        "Total Unusual Items Excluding Goodwill": NaN,
        "Net Income From Continuing Operation Net Minority Interest": -70603000.0,
        "Reconciled Depreciation": 10427000.0,
        "Reconciled Cost Of Revenue": 369611000.0,
        "EBITDA": -48834000.0,
        "EBIT": -59261000.0,
        "Net Interest Income": -1205000.0,
        "Interest Expense": 12176000.0,
        "Interest Income": NaN,
        "Normalized Income": -70603000.0,
        "Net Income From Continuing And Discontinued Operation": -70090000.0,
        "Total Expenses": 482272000.0,
        "Total Operating Income As Reported": -72091000.0,
        "Diluted Average Shares": 294737521.0,
        "Basic Average Shares": 294737521.0,
        "Diluted EPS": -0.24,
        "Basic EPS": -0.24,
        "Diluted NI Availto Com Stockholders": -70090000.0,
        "Net Income Common Stockholders": -70090000.0,
        "Net Income": -70090000.0,
        "Minority Interests": 437000.0,
        "Net Income Including Noncontrolling Interests": -70527000.0,
        "Net Income Discontinuous Operations": 513000.0,
        "Net Income Continuous Operations": -71040000.0,
        "Tax Provision": -397000.0,
        "Pretax Income": -71437000.0,
        "Other Income Expense": 1859000.0,
        "Other Non Operating Income Expenses": 252000.0,
        "Special Income Charges": NaN,
        "Other Special Charges": NaN,
        "Net Non Operating Interest Income Expense": -1205000.0,
        "Interest Expense Non Operating": 12176000.0,
        "Interest Income Non Operating": NaN,
        "Operating Income": -72091000.0,
        "Operating Expense": 111872000.0,
        "Depreciation Amortization Depletion Income Statement": 9638000.0,
        "Depreciation And Amortization In Income Statement": 9638000.0,
        "Research And Development": 14164000.0,
        "Selling General And Administration": 88070000.0,
        "Selling And Marketing Expense": 69786000.0,
        "General And Administrative Expense": 18284000.0,
        "Other Gand A": 18284000.0,
        "Gross Profit": 39781000.0,
        "Cost Of Revenue": 370400000.0,
        "Total Revenue": 410181000.0,
        "Operating Revenue": 409074000.0
    },
    "2024-03-31": {
        "Tax Effect Of Unusual Items": 2023770.0,
        "Tax Rate For Calcs": 0.21,
        "Normalized EBITDA": -50342000.0,
        "Total Unusual Items": 9637000.0,
        "Total Unusual Items Excluding Goodwill": 9637000.0,
        "Net Income From Continuing Operation Net Minority Interest": -55755000.0,
        "Reconciled Depreciation": 10255000.0,
        "Reconciled Cost Of Revenue": 373676000.0,
        "EBITDA": -40705000.0,
        "EBIT": -50960000.0,
        "Net Interest Income": -2476000.0,
        "Interest Expense": 5256000.0,
        "Interest Income": 2780000.0,
        "Normalized Income": -63368230.0,
        "Net Income From Continuing And Discontinued Operation": -56010000.0,
        "Total Expenses": 465660000.0,
        "Total Operating Income As Reported": -63313000.0,
        "Diluted Average Shares": 299363298.0,
        "Basic Average Shares": 299363298.0,
        "Diluted EPS": -0.19,
        "Basic EPS": -0.19,
        "Diluted NI Availto Com Stockholders": -56010000.0,
        "Net Income Common Stockholders": -56010000.0,
        "Net Income": -56010000.0,
        "Minority Interests": 574000.0,
        "Net Income Including Noncontrolling Interests": -56584000.0,
        "Net Income Discontinuous Operations": -255000.0,
        "Net Income Continuous Operations": -56329000.0,
        "Tax Provision": 113000.0,
        "Pretax Income": -56216000.0,
        "Other Income Expense": 9573000.0,
        "Other Non Operating Income Expenses": -64000.0,
        "Special Income Charges": 9637000.0,
        "Other Special Charges": -9637000.0,
        "Net Non Operating Interest Income Expense": -2476000.0,
        "Interest Expense Non Operating": 5256000.0,
        "Interest Income Non Operating": 2780000.0,
        "Operating Income": -63313000.0,
        "Operating Expense": 90990000.0,
        "Depreciation Amortization Depletion Income Statement": 9261000.0,
        "Depreciation And Amortization In Income Statement": 9261000.0,
        "Research And Development": 20040000.0,
        "Selling General And Administration": 61689000.0,
        "Selling And Marketing Expense": 43180000.0,
        "General And Administrative Expense": 18509000.0,
        "Other Gand A": 18509000.0,
        "Gross Profit": 27677000.0,
        "Cost Of Revenue": 374670000.0,
        "Total Revenue": 402347000.0,
        "Operating Revenue": 401183000.0
    },
    "2024-06-30": {
        "Tax Effect Of Unusual Items": 2546040.0,
        "Tax Rate For Calcs": 0.21,
        "Normalized EBITDA": -21806000.0,
        "Total Unusual Items": 12124000.0,
        "Total Unusual Items Excluding Goodwill": 12124000.0,
        "Net Income From Continuing Operation Net Minority Interest": -25378000.0,
        "Reconciled Depreciation": 10489000.0,
        "Reconciled Cost Of Revenue": 340702000.0,
        "EBITDA": -9682000.0,
        "EBIT": -20171000.0,
        "Net Interest Income": -3636000.0,
        "Interest Expense": 5563000.0,
        "Interest Income": 1927000.0,
        "Normalized Income": -34955960.0,
        "Net Income From Continuing And Discontinued Operation": -25272000.0,
        "Total Expenses": 426640000.0,
        "Total Operating Income As Reported": -35675000.0,
        "Diluted Average Shares": 311253856.0,
        "Basic Average Shares": 311253856.0,
        "Diluted EPS": -0.08,
        "Basic EPS": -0.08,
        "Diluted NI Availto Com Stockholders": -25272000.0,
        "Net Income Common Stockholders": -25272000.0,
        "Net Income": -25272000.0,
        "Minority Interests": 455000.0,
        "Net Income Including Noncontrolling Interests": -25727000.0,
        "Net Income Discontinuous Operations": 106000.0,
        "Net Income Continuous Operations": -25833000.0,
        "Tax Provision": 99000.0,
        "Pretax Income": -25734000.0,
        "Other Income Expense": 13577000.0,
        "Other Non Operating Income Expenses": 1453000.0,
        "Special Income Charges": 12124000.0,
        "Other Special Charges": -12124000.0,
        "Net Non Operating Interest Income Expense": -3636000.0,
        "Interest Expense Non Operating": 5563000.0,
        "Interest Income Non Operating": 1927000.0,
        "Operating Income": -35675000.0,
        "Operating Expense": 84968000.0,
        "Depreciation Amortization Depletion Income Statement": 9519000.0,
        "Depreciation And Amortization In Income Statement": 9519000.0,
        "Research And Development": 19349000.0,
        "Selling General And Administration": 56100000.0,
        "Selling And Marketing Expense": 35883000.0,
        "General And Administrative Expense": 20217000.0,
        "Other Gand A": 20217000.0,
        "Gross Profit": 49293000.0,
        "Cost Of Revenue": 341672000.0,
        "Total Revenue": 390965000.0,
        "Operating Revenue": 389221000.0
    },
    "2024-09-30": {
        "Tax Effect Of Unusual Items": NaN,
        "Tax Rate For Calcs": NaN,
        "Normalized EBITDA": NaN,
        "Total Unusual Items": 7752000.0,
        "Total Unusual Items Excluding Goodwill": 7752000.0,
        "Net Income From Continuing Operation Net Minority Interest": NaN,
        "Reconciled Depreciation": NaN,
        "Reconciled Cost Of Revenue": NaN,
        "EBITDA": NaN,
        "EBIT": NaN,
        "Net Interest Income": NaN,
        "Interest Expense": NaN,
        "Interest Income": NaN,
        "Normalized Income": NaN,
        "Net Income From Continuing And Discontinued Operation": NaN,
        "Total Expenses": NaN,
        "Total Operating Income As Reported": NaN,
        "Diluted Average Shares": NaN,
        "Basic Average Shares": NaN,
        "Diluted EPS": NaN,
        "Basic EPS": NaN,
        "Diluted NI Availto Com Stockholders": NaN,
        "Net Income Common Stockholders": NaN,
        "Net Income": NaN,
        "Minority Interests": NaN,
        "Net Income Including Noncontrolling Interests": NaN,
        "Net Income Discontinuous Operations": 1836000.0,
        "Net Income Continuous Operations": NaN,
        "Tax Provision": NaN,
        "Pretax Income": NaN,
        "Other Income Expense": NaN,
        "Other Non Operating Income Expenses": NaN,
        "Special Income Charges": 7752000.0,
        "Other Special Charges": -7752000.0,
        "Net Non Operating Interest Income Expense": NaN,
        "Interest Expense Non Operating": NaN,
        "Interest Income Non Operating": NaN,
        "Operating Income": NaN,
        "Operating Expense": NaN,
        "Depreciation Amortization Depletion Income Statement": NaN,
        "Depreciation And Amortization In Income Statement": NaN,
        "Research And Development": NaN,
        "Selling General And Administration": NaN,
        "Selling And Marketing Expense": NaN,
        "General And Administrative Expense": NaN,
        "Other Gand A": NaN,
        "Gross Profit": NaN,
        "Cost Of Revenue": NaN,
        "Total Revenue": NaN,
        "Operating Revenue": NaN
    },
    "2024-12-31": {
        "Tax Effect Of Unusual Items": -800730.0,
        "Tax Rate For Calcs": 0.21,
        "Normalized EBITDA": -21020000.0,
        "Total Unusual Items": -3813000.0,
        "Total Unusual Items Excluding Goodwill": -3813000.0,
        "Net Income From Continuing Operation Net Minority Interest": -38549000.0,
        "Reconciled Depreciation": 11091000.0,
        "Reconciled Cost Of Revenue": 369322000.0,
        "EBITDA": -24833000.0,
        "EBIT": -35924000.0,
        "Net Interest Income": -2995000.0,
        "Interest Expense": 4756000.0,
        "Interest Income": 1761000.0,
        "Normalized Income": -35536730.0,
        "Net Income From Continuing And Discontinued Operation": -38549000.0,
        "Total Expenses": 477865000.0,
        "Total Operating Income As Reported": -38401000.0,
        "Diluted Average Shares": 336151610.0,
        "Basic Average Shares": 336151610.0,
        "Diluted EPS": -0.11,
        "Basic EPS": -0.11,
        "Diluted NI Availto Com Stockholders": -38549000.0,
        "Net Income Common Stockholders": -38549000.0,
        "Net Income": -38549000.0,
        "Minority Interests": 2383000.0,
        "Net Income Including Noncontrolling Interests": -40932000.0,
        "Net Income Discontinuous Operations": 0.0,
        "Net Income Continuous Operations": -40932000.0,
        "Tax Provision": 252000.0,
        "Pretax Income": -40680000.0,
        "Other Income Expense": -3097000.0,
        "Other Non Operating Income Expenses": 716000.0,
        "Special Income Charges": -3813000.0,
        "Other Special Charges": 0.0,
        "Net Non Operating Interest Income Expense": -2995000.0,
        "Interest Expense Non Operating": 4756000.0,
        "Interest Income Non Operating": 1761000.0,
        "Operating Income": -34588000.0,
        "Operating Expense": 107404000.0,
        "Depreciation Amortization Depletion Income Statement": 9952000.0,
        "Depreciation And Amortization In Income Statement": 9952000.0,
        "Research And Development": 19433000.0,
        "Selling General And Administration": 78019000.0,
        "Selling And Marketing Expense": 68200000.0,
        "General And Administrative Expense": 9819000.0,
        "Other Gand A": 9819000.0,
        "Gross Profit": 72816000.0,
        "Cost Of Revenue": 370461000.0,
        "Total Revenue": 443277000.0,
        "Operating Revenue": 441268000.0
    },
    "2025-03-31": {
        "Tax Effect Of Unusual Items": 5294649.5,
        "Tax Rate For Calcs": 0.0241,
        "Normalized EBITDA": -10954000.0,
        "Total Unusual Items": 219695000.0,
        "Total Unusual Items Excluding Goodwill": 219695000.0,
        "Net Income From Continuing Operation Net Minority Interest": 188493000.0,
        "Reconciled Depreciation": 10859000.0,
        "Reconciled Cost Of Revenue": 346104000.0,
        "EBITDA": 208741000.0,
        "EBIT": 197882000.0,
        "Net Interest Income": -957000.0,
        "Interest Expense": 4746000.0,
        "Interest Income": 3789000.0,
        "Normalized Income": -25907350.5,
        "Net Income From Continuing And Discontinued Operation": 188493000.0,
        "Total Expenses": 441707000.0,
        "Total Operating Income As Reported": -25421000.0,
        "Diluted Average Shares": 341564506.0,
        "Basic Average Shares": 341059213.0,
        "Diluted EPS": 0.55,
        "Basic EPS": 0.55,
        "Diluted NI Availto Com Stockholders": 188493000.0,
        "Net Income Common Stockholders": 188493000.0,
        "Net Income": 188493000.0,
        "Minority Interests": 5000.0,
        "Net Income Including Noncontrolling Interests": 188488000.0,
        "Net Income Discontinuous Operations": 0.0,
        "Net Income Continuous Operations": 188488000.0,
        "Tax Provision": 4648000.0,
        "Pretax Income": 193136000.0,
        "Other Income Expense": 219514000.0,
        "Other Non Operating Income Expenses": -181000.0,
        "Special Income Charges": 219695000.0,
        "Other Special Charges": -219695000.0,
        "Net Non Operating Interest Income Expense": -957000.0,
        "Interest Expense Non Operating": 4746000.0,
        "Interest Income Non Operating": 3789000.0,
        "Operating Income": -25421000.0,
        "Operating Expense": 94652000.0,
        "Depreciation Amortization Depletion Income Statement": 9908000.0,
        "Depreciation And Amortization In Income Statement": 9908000.0,
        "Research And Development": 20145000.0,
        "Selling General And Administration": 64599000.0,
        "Selling And Marketing Expense": 36803000.0,
        "General And Administrative Expense": 27796000.0,
        "Other Gand A": 27796000.0,
        "Gross Profit": 69231000.0,
        "Cost Of Revenue": 347055000.0,
        "Total Revenue": 416286000.0,
        "Operating Revenue": 414313000.0
    },
    "2025-06-30": {
        "Tax Effect Of Unusual Items": -32130.0,
        "Tax Rate For Calcs": 0.21,
        "Normalized EBITDA": 8079000.0,
        "Total Unusual Items": -153000.0,
        "Total Unusual Items Excluding Goodwill": -153000.0,
        "Net Income From Continuing Operation Net Minority Interest": -8030000.0,
        "Reconciled Depreciation": 11068000.0,
        "Reconciled Cost Of Revenue": 301349000.0,
        "EBITDA": 7926000.0,
        "EBIT": -3142000.0,
        "Net Interest Income": -1408000.0,
        "Interest Expense": 4732000.0,
        "Interest Income": 3324000.0,
        "Normalized Income": -7909130.0,
        "Net Income From Continuing And Discontinued Operation": -8030000.0,
        "Total Expenses": 385967000.0,
        "Total Operating Income As Reported": -5999000.0,
        "Diluted Average Shares": 341683408.0,
        "Basic Average Shares": 341683408.0,
        "Diluted EPS": -0.02,
        "Basic EPS": -0.02,
        "Diluted NI Availto Com Stockholders": -8030000.0,
        "Net Income Common Stockholders": -8030000.0,
        "Net Income": -8030000.0,
        "Minority Interests": -4000.0,
        "Net Income Including Noncontrolling Interests": -8026000.0,
        "Net Income Discontinuous Operations": 0.0,
        "Net Income Continuous Operations": -8026000.0,
        "Tax Provision": 152000.0,
        "Pretax Income": -7874000.0,
        "Other Income Expense": -467000.0,
        "Other Non Operating Income Expenses": -314000.0,
        "Special Income Charges": -153000.0,
        "Other Special Charges": 153000.0,
        "Net Non Operating Interest Income Expense": -1408000.0,
        "Interest Expense Non Operating": 4732000.0,
        "Interest Income Non Operating": 3324000.0,
        "Operating Income": -5999000.0,
        "Operating Expense": 83688000.0,
        "Depreciation Amortization Depletion Income Statement": 10138000.0,
        "Depreciation And Amortization In Income Statement": 10138000.0,
        "Research And Development": 19259000.0,
        "Selling General And Administration": 54291000.0,
        "Selling And Marketing Expense": 29957000.0,
        "General And Administrative Expense": 24334000.0,
        "Other Gand A": 24334000.0,
        "Gross Profit": 77689000.0,
        "Cost Of Revenue": 302279000.0,
        "Total Revenue": 379968000.0,
        "Operating Revenue": 378524000.0
    },
    "2025-09-30": {
        "Tax Effect Of Unusual Items": -434.4,
        "Tax Rate For Calcs": 0.1448,
        "Normalized EBITDA": -5679000.0,
        "Total Unusual Items": -3000.0,
        "Total Unusual Items Excluding Goodwill": -3000.0,
        "Net Income From Continuing Operation Net Minority Interest": -18866000.0,
        "Reconciled Depreciation": 11632000.0,
        "Reconciled Cost Of Revenue": 297491000.0,
        "EBITDA": -5682000.0,
        "EBIT": -17314000.0,
        "Net Interest Income": -1895000.0,
        "Interest Expense": 4747000.0,
        "Interest Income": 2852000.0,
        "Normalized Income": -18863434.4,
        "Net Income From Continuing And Discontinued Operation": -18866000.0,
        "Total Expenses": 397345000.0,
        "Total Operating Income As Reported": -20150000.0,
        "Diluted Average Shares": 342504107.0,
        "Basic Average Shares": 342504107.0,
        "Diluted EPS": -0.06,
        "Basic EPS": -0.06,
        "Diluted NI Availto Com Stockholders": -18866000.0,
        "Net Income Common Stockholders": -18866000.0,
        "Net Income": -18866000.0,
        "Minority Interests": 0.0,
        "Net Income Including Noncontrolling Interests": -18866000.0,
        "Net Income Discontinuous Operations": 0.0,
        "Net Income Continuous Operations": -18866000.0,
        "Tax Provision": -3195000.0,
        "Pretax Income": -22061000.0,
        "Other Income Expense": -16000.0,
        "Other Non Operating Income Expenses": -13000.0,
        "Special Income Charges": -3000.0,
        "Other Special Charges": 3000.0,
        "Net Non Operating Interest Income Expense": -1895000.0,
        "Interest Expense Non Operating": 4747000.0,
        "Interest Income Non Operating": 2852000.0,
        "Operating Income": -20150000.0,
        "Operating Expense": 98531000.0,
        "Depreciation Amortization Depletion Income Statement": 10309000.0,
        "Depreciation And Amortization In Income Statement": 10309000.0,
        "Research And Development": 19475000.0,
        "Selling General And Administration": 68747000.0,
        "Selling And Marketing Expense": 42007000.0,
        "General And Administrative Expense": 26740000.0,
        "Other Gand A": 26740000.0,
        "Gross Profit": 78381000.0,
        "Cost Of Revenue": 298814000.0,
        "Total Revenue": 377195000.0,
        "Operating Revenue": 375724000.0
    },
    "2025-12-31": {
        "Tax Effect Of Unusual Items": 0.0,
        "Tax Rate For Calcs": 0.21,
        "Normalized EBITDA": 7495000.0,
        "Total Unusual Items": NaN,
        "Total Unusual Items Excluding Goodwill": NaN,
        "Net Income From Continuing Operation Net Minority Interest": -5976000.0,
        "Reconciled Depreciation": 24749000.0,
        "Reconciled Cost Of Revenue": 1436124000.0,
        "EBITDA": 7495000.0,
        "EBIT": -17254000.0,
        "Net Interest Income": 1619000.0,
        "Interest Expense": 1443000.0,
        "Interest Income": 3062000.0,
        "Normalized Income": -5976000.0,
        "Net Income From Continuing And Discontinued Operation": -5976000.0,
        "Total Expenses": 1569031000.0,
        "Total Operating Income As Reported": -20343000.0,
        "Diluted Average Shares": 349096793.0,
        "Basic Average Shares": 349096793.0,
        "Diluted EPS": -0.02,
        "Basic EPS": -0.02,
        "Diluted NI Availto Com Stockholders": -5976000.0,
        "Net Income Common Stockholders": -5976000.0,
        "Net Income": -5976000.0,
        "Minority Interests": 13088000.0,
        "Net Income Including Noncontrolling Interests": -19064000.0,
        "Net Income Discontinuous Operations": NaN,
        "Net Income Continuous Operations": -19064000.0,
        "Tax Provision": 367000.0,
        "Pretax Income": -18697000.0,
        "Other Income Expense": 27000.0,
        "Other Non Operating Income Expenses": 27000.0,
        "Special Income Charges": NaN,
        "Other Special Charges": NaN,
        "Net Non Operating Interest Income Expense": 1619000.0,
        "Interest Expense Non Operating": 1443000.0,
        "Interest Income Non Operating": 3062000.0,
        "Operating Income": -20343000.0,
        "Operating Expense": 132388000.0,
        "Depreciation Amortization Depletion Income Statement": 24230000.0,
        "Depreciation And Amortization In Income Statement": 24230000.0,
        "Research And Development": 13617000.0,
        "Selling General And Administration": 94541000.0,
        "Selling And Marketing Expense": 59250000.0,
        "General And Administrative Expense": 35291000.0,
        "Other Gand A": 35291000.0,
        "Gross Profit": 112045000.0,
        "Cost Of Revenue": 1436643000.0,
        "Total Revenue": 1548688000.0,
        "Operating Revenue": 1544190000.0
    }
}