{
    "2024-06-30": {
        "Tax Effect Of Unusual Items": 849330.357143,
        "Tax Rate For Calcs": 0.085852,
        "Normalized EBITDA": -6909000.0,
        "Total Unusual Items": 9893000.0,
        "Total Unusual Items Excluding Goodwill": 9893000.0,
        "Net Income From Continuing Operation Net Minority Interest": 1331000.0,
        "Reconciled Cost Of Revenue": 118409000.0,
        "EBITDA": 2984000.0,
        "EBIT": 2984000.0,
        "Net Interest Income": -753000.0,
        "Interest Expense": 1528000.0,
        "Interest Income": 775000.0,
        "Normalized Income": -7712669.642857,
        "Net Income From Continuing And Discontinued Operation": 1331000.0,
        "Total Expenses": 120729000.0,
        "Total Operating Income As Reported": 2224000.0,
        "Diluted Average Shares": 162902268.0,
        "Basic Average Shares": 162902268.0,
        "Diluted EPS": 0.01,
        "Basic EPS": 0.01,
        "Diluted NI Availto Com Stockholders": 1331000.0,
        "Net Income Common Stockholders": 1331000.0,
        "Net Income": 1331000.0,
        "Minority Interests": 0.0,
        "Net Income Including Noncontrolling Interests": 1331000.0,
        "Net Income Continuous Operations": 1331000.0,
        "Tax Provision": 125000.0,
        "Pretax Income": 1456000.0,
        "Other Income Expense": -6483000.0,
        "Other Non Operating Income Expenses": -16376000.0,
        "Special Income Charges": 9893000.0,
        "Gain On Sale Of Ppe": 9893000.0,
        "Impairment Of Capital Assets": 0.0,
        "Gain On Sale Of Security": NaN,
        "Net Non Operating Interest Income Expense": -753000.0,
        "Interest Expense Non Operating": 1528000.0,
        "Interest Income Non Operating": 775000.0,
        "Operating Income": 8692000.0,
        "Operating Expense": 2320000.0,
        "Research And Development": 343000.0,
        "Selling General And Administration": 1977000.0,
        "Selling And Marketing Expense": 585000.0,
        "General And Administrative Expense": 1392000.0,
        "Other Gand A": 1392000.0,
        "Gross Profit": 11012000.0,
        "Cost Of Revenue": 118409000.0,
        "Total Revenue": 129421000.0,
        "Operating Revenue": 129421000.0
    },
    "2024-03-31": {
        "Tax Effect Of Unusual Items": NaN,
        "Tax Rate For Calcs": NaN,
        "Normalized EBITDA": NaN,
        "Total Unusual Items": NaN,
        "Total Unusual Items Excluding Goodwill": NaN,
        "Net Income From Continuing Operation Net Minority Interest": NaN,
        "Reconciled Cost Of Revenue": NaN,
        "EBITDA": NaN,
        "EBIT": NaN,
        "Net Interest Income": NaN,
        "Interest Expense": NaN,
        "Interest Income": NaN,
        "Normalized Income": NaN,
        "Net Income From Continuing And Discontinued Operation": NaN,
        "Total Expenses": NaN,
        "Total Operating Income As Reported": NaN,
        "Diluted Average Shares": 158035068.0,
        "Basic Average Shares": 154395278.0,
        "Diluted EPS": 0.22,
        "Basic EPS": 0.23,
        "Diluted NI Availto Com Stockholders": NaN,
        "Net Income Common Stockholders": NaN,
        "Net Income": NaN,
        "Minority Interests": 0.0,
        "Net Income Including Noncontrolling Interests": NaN,
        "Net Income Continuous Operations": NaN,
        "Tax Provision": NaN,
        "Pretax Income": NaN,
        "Other Income Expense": NaN,
        "Other Non Operating Income Expenses": NaN,
        "Special Income Charges": NaN,
        "Gain On Sale Of Ppe": NaN,
        "Impairment Of Capital Assets": 0.0,
        "Gain On Sale Of Security": NaN,
        "Net Non Operating Interest Income Expense": NaN,
        "Interest Expense Non Operating": NaN,
        "Interest Income Non Operating": NaN,
        "Operating Income": NaN,
        "Operating Expense": NaN,
        "Research And Development": NaN,
        "Selling General And Administration": NaN,
        "Selling And Marketing Expense": NaN,
        "General And Administrative Expense": NaN,
        "Other Gand A": NaN,
        "Gross Profit": NaN,
        "Cost Of Revenue": NaN,
        "Total Revenue": NaN,
        "Operating Revenue": NaN
    },
    "2023-06-30": {
        "Tax Effect Of Unusual Items": NaN,
        "Tax Rate For Calcs": NaN,
        "Normalized EBITDA": NaN,
        "Total Unusual Items": NaN,
        "Total Unusual Items Excluding Goodwill": NaN,
        "Net Income From Continuing Operation Net Minority Interest": NaN,
        "Reconciled Cost Of Revenue": NaN,
        "EBITDA": NaN,
        "EBIT": NaN,
        "Net Interest Income": NaN,
        "Interest Expense": NaN,
        "Interest Income": NaN,
        "Normalized Income": NaN,
        "Net Income From Continuing And Discontinued Operation": NaN,
        "Total Expenses": NaN,
        "Total Operating Income As Reported": NaN,
        "Diluted Average Shares": 162902267.0,
        "Basic Average Shares": 162902267.0,
        "Diluted EPS": 0.031547,
        "Basic EPS": 0.031547,
        "Diluted NI Availto Com Stockholders": NaN,
        "Net Income Common Stockholders": NaN,
        "Net Income": NaN,
        "Net Income Including Noncontrolling Interests": NaN,
        "Net Income Continuous Operations": NaN,
        "Tax Provision": NaN,
        "Pretax Income": NaN,
        "Other Income Expense": NaN,
        "Other Non Operating Income Expenses": 3000.0,
        "Special Income Charges": NaN,
        "Gain On Sale Of Ppe": NaN,
        "Impairment Of Capital Assets": NaN,
        "Net Non Operating Interest Income Expense": NaN,
        "Interest Expense Non Operating": NaN,
        "Interest Income Non Operating": NaN,
        "Operating Income": NaN,
        "Operating Expense": NaN,
        "Research And Development": NaN,
        "Selling General And Administration": NaN,
        "Selling And Marketing Expense": NaN,
        "General And Administrative Expense": NaN,
        "Other Gand A": NaN,
        "Gross Profit": NaN,
        "Cost Of Revenue": NaN,
        "Total Revenue": NaN,
        "Operating Revenue": NaN
    },
    "2023-03-31": {
        "Tax Effect Of Unusual Items": 305668.548655,
        "Tax Rate For Calcs": 0.108934,
        "Normalized EBITDA": 1012000.0,
        "Total Unusual Items": 2806000.0,
        "Total Unusual Items Excluding Goodwill": 2806000.0,
        "Net Income From Continuing Operation Net Minority Interest": 2683000.0,
        "Reconciled Cost Of Revenue": 55574000.0,
        "EBITDA": 3818000.0,
        "EBIT": 3818000.0,
        "Net Interest Income": -397000.0,
        "Interest Expense": 807000.0,
        "Interest Income": 410000.0,
        "Normalized Income": 182668.548655,
        "Net Income From Continuing And Discontinued Operation": 2683000.0,
        "Total Expenses": 57371000.0,
        "Total Operating Income As Reported": 3404000.0,
        "Diluted Average Shares": 162902267.0,
        "Basic Average Shares": 162902267.0,
        "Diluted EPS": 0.01647,
        "Basic EPS": 0.01647,
        "Diluted NI Availto Com Stockholders": 2683000.0,
        "Net Income Common Stockholders": 2683000.0,
        "Net Income": 2683000.0,
        "Net Income Including Noncontrolling Interests": 2683000.0,
        "Net Income Continuous Operations": 2683000.0,
        "Tax Provision": 328000.0,
        "Pretax Income": 3011000.0,
        "Other Income Expense": 2810000.0,
        "Other Non Operating Income Expenses": 4000.0,
        "Special Income Charges": 2806000.0,
        "Gain On Sale Of Ppe": 4525000.0,
        "Impairment Of Capital Assets": 1719000.0,
        "Net Non Operating Interest Income Expense": -397000.0,
        "Interest Expense Non Operating": 807000.0,
        "Interest Income Non Operating": 410000.0,
        "Operating Income": 598000.0,
        "Operating Expense": 1797000.0,
        "Research And Development": 483000.0,
        "Selling General And Administration": 1314000.0,
        "Selling And Marketing Expense": 423000.0,
        "General And Administrative Expense": 891000.0,
        "Other Gand A": 891000.0,
        "Gross Profit": 2395000.0,
        "Cost Of Revenue": 55574000.0,
        "Total Revenue": 57969000.0,
        "Operating Revenue": 57969000.0
    },
    "2024-09-30": {
        "Tax Effect Of Unusual Items": 353676.985195,
        "Tax Rate For Calcs": 0.15747,
        "Normalized EBITDA": -6645000.0,
        "Total Unusual Items": 2246000.0,
        "Total Unusual Items Excluding Goodwill": 2246000.0,
        "Net Income From Continuing Operation Net Minority Interest": -5008000.0,
        "Reconciled Cost Of Revenue": 89391000.0,
        "EBITDA": -4399000.0,
        "EBIT": -4399000.0,
        "Net Interest Income": -1288000.0,
        "Interest Expense": 1545000.0,
        "Interest Income": 257000.0,
        "Normalized Income": -6900323.014805,
        "Net Income From Continuing And Discontinued Operation": -5008000.0,
        "Total Expenses": 95916000.0,
        "Total Operating Income As Reported": -3952000.0,
        "Diluted Average Shares": 162902268.0,
        "Basic Average Shares": 162902268.0,
        "Diluted EPS": -0.03,
        "Basic EPS": -0.03,
        "Diluted NI Availto Com Stockholders": -5008000.0,
        "Net Income Common Stockholders": -5008000.0,
        "Net Income": -5008000.0,
        "Minority Interests": NaN,
        "Net Income Including Noncontrolling Interests": -5008000.0,
        "Net Income Continuous Operations": -5008000.0,
        "Tax Provision": -936000.0,
        "Pretax Income": -5944000.0,
        "Other Income Expense": 923000.0,
        "Other Non Operating Income Expenses": -1323000.0,
        "Special Income Charges": 2246000.0,
        "Gain On Sale Of Ppe": 2246000.0,
        "Impairment Of Capital Assets": 0.0,
        "Gain On Sale Of Security": NaN,
        "Net Non Operating Interest Income Expense": -1288000.0,
        "Interest Expense Non Operating": 1545000.0,
        "Interest Income Non Operating": 257000.0,
        "Operating Income": -5579000.0,
        "Operating Expense": 6525000.0,
        "Research And Development": 2602000.0,
        "Selling General And Administration": 3923000.0,
        "Selling And Marketing Expense": 1489000.0,
        "General And Administrative Expense": 2434000.0,
        "Other Gand A": 2434000.0,
        "Gross Profit": 946000.0,
        "Cost Of Revenue": 89391000.0,
        "Total Revenue": 90337000.0,
        "Operating Revenue": 90337000.0
    },
    "2023-12-31": {
        "Tax Effect Of Unusual Items": NaN,
        "Tax Rate For Calcs": NaN,
        "Normalized EBITDA": NaN,
        "Total Unusual Items": NaN,
        "Total Unusual Items Excluding Goodwill": NaN,
        "Net Income From Continuing Operation Net Minority Interest": NaN,
        "Reconciled Cost Of Revenue": NaN,
        "EBITDA": NaN,
        "EBIT": NaN,
        "Net Interest Income": NaN,
        "Interest Expense": NaN,
        "Interest Income": NaN,
        "Normalized Income": NaN,
        "Net Income From Continuing And Discontinued Operation": NaN,
        "Total Expenses": NaN,
        "Total Operating Income As Reported": NaN,
        "Diluted Average Shares": NaN,
        "Basic Average Shares": NaN,
        "Diluted EPS": NaN,
        "Basic EPS": NaN,
        "Diluted NI Availto Com Stockholders": NaN,
        "Net Income Common Stockholders": NaN,
        "Net Income": NaN,
        "Minority Interests": NaN,
        "Net Income Including Noncontrolling Interests": NaN,
        "Net Income Continuous Operations": NaN,
        "Tax Provision": NaN,
        "Pretax Income": NaN,
        "Other Income Expense": NaN,
        "Other Non Operating Income Expenses": NaN,
        "Special Income Charges": NaN,
        "Gain On Sale Of Ppe": NaN,
        "Impairment Of Capital Assets": 1162921.0,
        "Gain On Sale Of Security": NaN,
        "Net Non Operating Interest Income Expense": NaN,
        "Interest Expense Non Operating": NaN,
        "Interest Income Non Operating": NaN,
        "Operating Income": NaN,
        "Operating Expense": NaN,
        "Research And Development": NaN,
        "Selling General And Administration": NaN,
        "Selling And Marketing Expense": NaN,
        "General And Administrative Expense": NaN,
        "Other Gand A": NaN,
        "Gross Profit": NaN,
        "Cost Of Revenue": NaN,
        "Total Revenue": NaN,
        "Operating Revenue": NaN
    },
    "2023-09-30": {
        "Tax Effect Of Unusual Items": NaN,
        "Tax Rate For Calcs": NaN,
        "Normalized EBITDA": NaN,
        "Total Unusual Items": NaN,
        "Total Unusual Items Excluding Goodwill": NaN,
        "Net Income From Continuing Operation Net Minority Interest": NaN,
        "Reconciled Cost Of Revenue": NaN,
        "EBITDA": NaN,
        "EBIT": NaN,
        "Net Interest Income": NaN,
        "Interest Expense": NaN,
        "Interest Income": NaN,
        "Normalized Income": NaN,
        "Net Income From Continuing And Discontinued Operation": NaN,
        "Total Expenses": NaN,
        "Total Operating Income As Reported": NaN,
        "Diluted Average Shares": 162902267.0,
        "Basic Average Shares": 162902267.0,
        "Diluted EPS": -0.016519,
        "Basic EPS": -0.016519,
        "Diluted NI Availto Com Stockholders": NaN,
        "Net Income Common Stockholders": NaN,
        "Net Income": NaN,
        "Minority Interests": NaN,
        "Net Income Including Noncontrolling Interests": NaN,
        "Net Income Continuous Operations": NaN,
        "Tax Provision": NaN,
        "Pretax Income": NaN,
        "Other Income Expense": NaN,
        "Other Non Operating Income Expenses": NaN,
        "Special Income Charges": NaN,
        "Gain On Sale Of Ppe": NaN,
        "Impairment Of Capital Assets": NaN,
        "Gain On Sale Of Security": NaN,
        "Net Non Operating Interest Income Expense": NaN,
        "Interest Expense Non Operating": NaN,
        "Interest Income Non Operating": NaN,
        "Operating Income": NaN,
        "Operating Expense": NaN,
        "Research And Development": NaN,
        "Selling General And Administration": NaN,
        "Selling And Marketing Expense": NaN,
        "General And Administrative Expense": NaN,
        "Other Gand A": NaN,
        "Gross Profit": NaN,
        "Cost Of Revenue": NaN,
        "Total Revenue": NaN,
        "Operating Revenue": NaN
    },
    "2024-12-31": {
        "Tax Effect Of Unusual Items": 679802.315189,
        "Tax Rate For Calcs": 0.049581,
        "Normalized EBITDA": 11513000.0,
        "Total Unusual Items": 13711000.0,
        "Total Unusual Items Excluding Goodwill": 13711000.0,
        "Net Income From Continuing Operation Net Minority Interest": 22332000.0,
        "Reconciled Cost Of Revenue": 103065000.0,
        "EBITDA": 25224000.0,
        "EBIT": 25224000.0,
        "Net Interest Income": -1478000.0,
        "Interest Expense": 1727000.0,
        "Interest Income": 249000.0,
        "Normalized Income": 9300802.315189,
        "Net Income From Continuing And Discontinued Operation": 22332000.0,
        "Total Expenses": 129845000.0,
        "Total Operating Income As Reported": 24117000.0,
        "Diluted Average Shares": NaN,
        "Basic Average Shares": NaN,
        "Diluted EPS": NaN,
        "Basic EPS": NaN,
        "Diluted NI Availto Com Stockholders": 22332000.0,
        "Net Income Common Stockholders": 22332000.0,
        "Net Income": 22332000.0,
        "Minority Interests": NaN,
        "Net Income Including Noncontrolling Interests": 22332000.0,
        "Net Income Continuous Operations": 22332000.0,
        "Tax Provision": 1165000.0,
        "Pretax Income": 23497000.0,
        "Other Income Expense": 55659000.0,
        "Other Non Operating Income Expenses": 41948000.0,
        "Special Income Charges": 13295000.0,
        "Gain On Sale Of Ppe": 21371000.0,
        "Impairment Of Capital Assets": 8076000.0,
        "Gain On Sale Of Security": NaN,
        "Net Non Operating Interest Income Expense": -1478000.0,
        "Interest Expense Non Operating": 1727000.0,
        "Interest Income Non Operating": 249000.0,
        "Operating Income": -30684000.0,
        "Operating Expense": 26780000.0,
        "Research And Development": 2264000.0,
        "Selling General And Administration": 24516000.0,
        "Selling And Marketing Expense": 5005000.0,
        "General And Administrative Expense": 19511000.0,
        "Other Gand A": 19511000.0,
        "Gross Profit": -3904000.0,
        "Cost Of Revenue": 103065000.0,
        "Total Revenue": 99161000.0,
        "Operating Revenue": 99161000.0
    },
    "2025-03-31": {
        "Tax Effect Of Unusual Items": -118880.789714,
        "Tax Rate For Calcs": 0.095487,
        "Normalized EBITDA": -15231000.0,
        "Total Unusual Items": -1245000.0,
        "Total Unusual Items Excluding Goodwill": -1245000.0,
        "Net Income From Continuing Operation Net Minority Interest": -16872000.0,
        "Reconciled Cost Of Revenue": 71584000.0,
        "EBITDA": -16476000.0,
        "EBIT": -16476000.0,
        "Net Interest Income": -1618000.0,
        "Interest Expense": 2113000.0,
        "Interest Income": 495000.0,
        "Normalized Income": -15745880.789714,
        "Net Income From Continuing And Discontinued Operation": -16872000.0,
        "Total Expenses": 74413000.0,
        "Total Operating Income As Reported": -17107000.0,
        "Diluted Average Shares": 168488907.0,
        "Basic Average Shares": 163106615.0,
        "Diluted EPS": -0.1,
        "Basic EPS": -0.1,
        "Diluted NI Availto Com Stockholders": -16872000.0,
        "Net Income Common Stockholders": -16872000.0,
        "Net Income": -16872000.0,
        "Minority Interests": -58000.0,
        "Net Income Including Noncontrolling Interests": -16814000.0,
        "Net Income Continuous Operations": -16814000.0,
        "Tax Provision": -1775000.0,
        "Pretax Income": -18589000.0,
        "Other Income Expense": -20602000.0,
        "Other Non Operating Income Expenses": -19357000.0,
        "Special Income Charges": -1381000.0,
        "Gain On Sale Of Ppe": -1381000.0,
        "Impairment Of Capital Assets": NaN,
        "Gain On Sale Of Security": 136000.0,
        "Net Non Operating Interest Income Expense": -1618000.0,
        "Interest Expense Non Operating": 2113000.0,
        "Interest Income Non Operating": 495000.0,
        "Operating Income": 3631000.0,
        "Operating Expense": 2829000.0,
        "Research And Development": 364000.0,
        "Selling General And Administration": 2465000.0,
        "Selling And Marketing Expense": 460000.0,
        "General And Administrative Expense": 2005000.0,
        "Other Gand A": 2005000.0,
        "Gross Profit": 6460000.0,
        "Cost Of Revenue": 71584000.0,
        "Total Revenue": 78044000.0,
        "Operating Revenue": 78044000.0
    },
    "2025-06-30": {
        "Tax Effect Of Unusual Items": 334383.634741,
        "Tax Rate For Calcs": 0.08528,
        "Normalized EBITDA": 49785000.0,
        "Total Unusual Items": 3921000.0,
        "Total Unusual Items Excluding Goodwill": 3921000.0,
        "Net Income From Continuing Operation Net Minority Interest": 47125000.0,
        "Reconciled Cost Of Revenue": 102543000.0,
        "EBITDA": 53706000.0,
        "EBIT": 53706000.0,
        "Net Interest Income": -1573000.0,
        "Interest Expense": 2170000.0,
        "Interest Income": 597000.0,
        "Normalized Income": 43538383.634741,
        "Net Income From Continuing And Discontinued Operation": 47125000.0,
        "Total Expenses": 105665000.0,
        "Total Operating Income As Reported": 53138000.0,
        "Diluted Average Shares": 168647741.0,
        "Basic Average Shares": 163265449.0,
        "Diluted EPS": 0.28,
        "Basic EPS": 0.29,
        "Diluted NI Availto Com Stockholders": 47125000.0,
        "Net Income Common Stockholders": 47125000.0,
        "Net Income": 47125000.0,
        "Minority Interests": -16000.0,
        "Net Income Including Noncontrolling Interests": 47141000.0,
        "Net Income Continuous Operations": 47141000.0,
        "Tax Provision": 4395000.0,
        "Pretax Income": 51536000.0,
        "Other Income Expense": 43379000.0,
        "Other Non Operating Income Expenses": 39458000.0,
        "Special Income Charges": 3807000.0,
        "Gain On Sale Of Ppe": 3807000.0,
        "Impairment Of Capital Assets": NaN,
        "Gain On Sale Of Security": 114000.0,
        "Net Non Operating Interest Income Expense": -1573000.0,
        "Interest Expense Non Operating": 2170000.0,
        "Interest Income Non Operating": 597000.0,
        "Operating Income": 9730000.0,
        "Operating Expense": 3122000.0,
        "Research And Development": 387000.0,
        "Selling General And Administration": 2735000.0,
        "Selling And Marketing Expense": 647000.0,
        "General And Administrative Expense": 2088000.0,
        "Other Gand A": 2088000.0,
        "Gross Profit": 12852000.0,
        "Cost Of Revenue": 102543000.0,
        "Total Revenue": 115395000.0,
        "Operating Revenue": 115395000.0
    }
}