{
    "2023-03-31": {
        "Tax Effect Of Unusual Items": 0.0,
        "Tax Rate For Calcs": 0.0,
        "Normalized EBITDA": -27374000.0,
        "Total Unusual Items": NaN,
        "Total Unusual Items Excluding Goodwill": NaN,
        "Net Income From Continuing Operation Net Minority Interest": -24779000.0,
        "Reconciled Depreciation": 566000.0,
        "EBITDA": -27374000.0,
        "EBIT": -27940000.0,
        "Normalized Income": -24779000.0,
        "Net Income From Continuing And Discontinued Operation": -24779000.0,
        "Total Expenses": 28235000.0,
        "Total Operating Income As Reported": -27940000.0,
        "Diluted Average Shares": 59722000.0,
        "Basic Average Shares": 59722000.0,
        "Diluted EPS": -0.41,
        "Basic EPS": -0.41,
        "Diluted NI Availto Com Stockholders": -24779000.0,
        "Net Income Common Stockholders": -24779000.0,
        "Net Income": -24779000.0,
        "Net Income Including Noncontrolling Interests": -24779000.0,
        "Net Income Continuous Operations": -24779000.0,
        "Pretax Income": -24779000.0,
        "Other Income Expense": 3161000.0,
        "Other Non Operating Income Expenses": 3161000.0,
        "Special Income Charges": NaN,
        "Restructuring And Mergern Acquisition": NaN,
        "Operating Income": -27940000.0,
        "Operating Expense": 28235000.0,
        "Research And Development": 16715000.0,
        "Selling General And Administration": 11520000.0,
        "General And Administrative Expense": 11520000.0,
        "Other Gand A": 4253000.0,
        "Salaries And Wages": 7267000.0,
        "Total Revenue": 295000.0,
        "Operating Revenue": 295000.0
    },
    "2022-12-31": {
        "Tax Effect Of Unusual Items": NaN,
        "Tax Rate For Calcs": NaN,
        "Normalized EBITDA": NaN,
        "Total Unusual Items": 38000.0,
        "Total Unusual Items Excluding Goodwill": 38000.0,
        "Net Income From Continuing Operation Net Minority Interest": NaN,
        "Reconciled Depreciation": NaN,
        "EBITDA": NaN,
        "EBIT": NaN,
        "Normalized Income": NaN,
        "Net Income From Continuing And Discontinued Operation": NaN,
        "Total Expenses": NaN,
        "Total Operating Income As Reported": NaN,
        "Diluted Average Shares": NaN,
        "Basic Average Shares": NaN,
        "Diluted EPS": NaN,
        "Basic EPS": NaN,
        "Diluted NI Availto Com Stockholders": NaN,
        "Net Income Common Stockholders": NaN,
        "Net Income": NaN,
        "Net Income Including Noncontrolling Interests": NaN,
        "Net Income Continuous Operations": NaN,
        "Pretax Income": NaN,
        "Other Income Expense": NaN,
        "Other Non Operating Income Expenses": NaN,
        "Special Income Charges": 38000.0,
        "Restructuring And Mergern Acquisition": -38000.0,
        "Operating Income": NaN,
        "Operating Expense": NaN,
        "Research And Development": NaN,
        "Selling General And Administration": NaN,
        "General And Administrative Expense": NaN,
        "Other Gand A": NaN,
        "Salaries And Wages": NaN,
        "Total Revenue": NaN,
        "Operating Revenue": NaN
    },
    "2022-09-30": {
        "Tax Effect Of Unusual Items": NaN,
        "Tax Rate For Calcs": NaN,
        "Normalized EBITDA": NaN,
        "Total Unusual Items": -465000.0,
        "Total Unusual Items Excluding Goodwill": -465000.0,
        "Net Income From Continuing Operation Net Minority Interest": NaN,
        "Reconciled Depreciation": NaN,
        "EBITDA": NaN,
        "EBIT": NaN,
        "Normalized Income": NaN,
        "Net Income From Continuing And Discontinued Operation": NaN,
        "Total Expenses": NaN,
        "Total Operating Income As Reported": NaN,
        "Diluted Average Shares": NaN,
        "Basic Average Shares": NaN,
        "Diluted EPS": NaN,
        "Basic EPS": NaN,
        "Diluted NI Availto Com Stockholders": NaN,
        "Net Income Common Stockholders": NaN,
        "Net Income": NaN,
        "Net Income Including Noncontrolling Interests": NaN,
        "Net Income Continuous Operations": NaN,
        "Pretax Income": NaN,
        "Other Income Expense": NaN,
        "Other Non Operating Income Expenses": NaN,
        "Special Income Charges": -465000.0,
        "Restructuring And Mergern Acquisition": 465000.0,
        "Operating Income": NaN,
        "Operating Expense": NaN,
        "Research And Development": NaN,
        "Selling General And Administration": NaN,
        "General And Administrative Expense": NaN,
        "Other Gand A": NaN,
        "Salaries And Wages": NaN,
        "Total Revenue": NaN,
        "Operating Revenue": NaN
    },
    "2022-06-30": {
        "Tax Effect Of Unusual Items": 0.0,
        "Tax Rate For Calcs": 0.0,
        "Normalized EBITDA": -33559000.0,
        "Total Unusual Items": NaN,
        "Total Unusual Items Excluding Goodwill": NaN,
        "Net Income From Continuing Operation Net Minority Interest": -34070000.0,
        "Reconciled Depreciation": 676000.0,
        "EBITDA": -33559000.0,
        "EBIT": -34235000.0,
        "Normalized Income": -34070000.0,
        "Net Income From Continuing And Discontinued Operation": -34070000.0,
        "Total Expenses": 36117000.0,
        "Total Operating Income As Reported": -34235000.0,
        "Diluted Average Shares": 40890000.0,
        "Basic Average Shares": 40890000.0,
        "Diluted EPS": -0.83,
        "Basic EPS": -0.83,
        "Diluted NI Availto Com Stockholders": -34070000.0,
        "Net Income Common Stockholders": -34070000.0,
        "Net Income": -34070000.0,
        "Net Income Including Noncontrolling Interests": -34070000.0,
        "Net Income Continuous Operations": -34070000.0,
        "Pretax Income": -34070000.0,
        "Other Income Expense": 165000.0,
        "Other Non Operating Income Expenses": 165000.0,
        "Special Income Charges": NaN,
        "Restructuring And Mergern Acquisition": NaN,
        "Operating Income": -34235000.0,
        "Operating Expense": 36117000.0,
        "Research And Development": 25019000.0,
        "Selling General And Administration": 11098000.0,
        "General And Administrative Expense": 11098000.0,
        "Other Gand A": 5408000.0,
        "Salaries And Wages": 5690000.0,
        "Total Revenue": 1882000.0,
        "Operating Revenue": 1882000.0
    },
    "2022-03-31": {
        "Diluted EPS": -0.64,
        "Total Revenue": 3,
        "Gross Profit": 3,
        "Operating Income": -26,
        "EBIT": -25,
        "Net Income": -26
    },
    "2021-12-31": {
        "Diluted EPS": -0.58,
        "Total Revenue": 5,
        "Gross Profit": 5,
        "Operating Income": -24,
        "EBIT": -23,
        "Net Income": -23
    },
    "2021-09-30": {
        "Diluted EPS": -0.57,
        "Total Revenue": 5,
        "Gross Profit": 5,
        "Operating Income": -21,
        "EBIT": -20,
        "Net Income": -21
    },
    "2021-06-30": {
        "Diluted EPS": -0.6,
        "Total Revenue": 4,
        "Gross Profit": 4,
        "Operating Income": -20,
        "EBIT": -19,
        "Net Income": -20
    },
    "2021-03-31": {
        "Diluted EPS": -0.54,
        "Total Revenue": 5,
        "Gross Profit": 5,
        "Operating Income": -17,
        "EBIT": -16,
        "Net Income": -17
    },
    "2020-12-31": {
        "Diluted EPS": -0.62,
        "Total Revenue": 4,
        "Gross Profit": 4,
        "Operating Income": -18,
        "EBIT": -17,
        "Net Income": -18
    },
    "2020-09-30": {
        "Diluted EPS": -0.7,
        "Total Revenue": 2,
        "Gross Profit": 2,
        "Operating Income": -19,
        "EBIT": -19,
        "Net Income": -19
    },
    "2020-06-30": {
        "Diluted EPS": -0.66,
        "Total Revenue": 2,
        "Gross Profit": 2,
        "Operating Income": -16,
        "EBIT": -15,
        "Net Income": -16
    },
    "2020-03-31": {
        "Diluted EPS": -0.81,
        "Total Revenue": 1,
        "Gross Profit": 1,
        "Operating Income": -19,
        "EBIT": -18,
        "Net Income": -18
    },
    "2019-12-31": {
        "Diluted EPS": 26.34,
        "Total Revenue": NaN,
        "Gross Profit": NaN,
        "Operating Income": -16,
        "EBIT": -16,
        "Net Income": -19
    },
    "2019-09-30": {
        "Diluted EPS": -0.97,
        "Total Revenue": NaN,
        "Gross Profit": NaN,
        "Operating Income": -17,
        "EBIT": -16,
        "Net Income": -17
    },
    "2019-06-30": {
        "Diluted EPS": -9.21,
        "Total Revenue": NaN,
        "Gross Profit": NaN,
        "Operating Income": -13,
        "EBIT": -13,
        "Net Income": -16
    },
    "2019-03-31": {
        "Diluted EPS": -24.29,
        "Total Revenue": NaN,
        "Gross Profit": NaN,
        "Operating Income": -37,
        "EBIT": -37,
        "Net Income": -37
    },
    "2018-12-31": {
        "Diluted EPS": -7.94,
        "Total Revenue": NaN,
        "Gross Profit": NaN,
        "Operating Income": -9,
        "EBIT": -9,
        "Net Income": -9
    },
    "2018-09-30": {
        "Diluted EPS": -8.08,
        "Total Revenue": NaN,
        "Gross Profit": NaN,
        "Operating Income": -9,
        "EBIT": -9,
        "Net Income": -11
    },
    "2018-06-30": {
        "Diluted EPS": -7.5,
        "Total Revenue": NaN,
        "Gross Profit": NaN,
        "Operating Income": -8,
        "EBIT": -8,
        "Net Income": -9
    },
    "2018-03-31": {
        "Diluted EPS": -7.62,
        "Total Revenue": NaN,
        "Gross Profit": NaN,
        "Operating Income": -7,
        "EBIT": -7,
        "Net Income": -8
    },
    "2017-12-31": {
        "Diluted EPS": 0.0,
        "Total Revenue": NaN,
        "Gross Profit": NaN,
        "Operating Income": NaN,
        "EBIT": NaN,
        "Net Income": NaN
    },
    "2023-06-30": {
        "Tax Effect Of Unusual Items": 0.0,
        "Tax Rate For Calcs": 0.0,
        "Normalized EBITDA": -26725000.0,
        "Total Unusual Items": NaN,
        "Total Unusual Items Excluding Goodwill": NaN,
        "Net Income From Continuing Operation Net Minority Interest": -23783000.0,
        "Reconciled Depreciation": 567000.0,
        "EBITDA": -26725000.0,
        "EBIT": -27292000.0,
        "Normalized Income": -23783000.0,
        "Net Income From Continuing And Discontinued Operation": -23783000.0,
        "Total Expenses": 28172000.0,
        "Total Operating Income As Reported": -27292000.0,
        "Diluted Average Shares": 61794000.0,
        "Basic Average Shares": 61794000.0,
        "Diluted EPS": -0.38,
        "Basic EPS": -0.38,
        "Diluted NI Availto Com Stockholders": -23783000.0,
        "Net Income Common Stockholders": -23783000.0,
        "Net Income": -23783000.0,
        "Net Income Including Noncontrolling Interests": -23783000.0,
        "Net Income Continuous Operations": -23783000.0,
        "Pretax Income": -23783000.0,
        "Other Income Expense": 3509000.0,
        "Other Non Operating Income Expenses": 3509000.0,
        "Special Income Charges": NaN,
        "Restructuring And Mergern Acquisition": NaN,
        "Operating Income": -27292000.0,
        "Operating Expense": 28172000.0,
        "Research And Development": 17849000.0,
        "Selling General And Administration": 10323000.0,
        "General And Administrative Expense": 10323000.0,
        "Other Gand A": 4613000.0,
        "Salaries And Wages": 5710000.0,
        "Total Revenue": 880000.0,
        "Operating Revenue": 880000.0
    },
    "2023-09-30": {
        "Tax Effect Of Unusual Items": NaN,
        "Tax Rate For Calcs": NaN,
        "Normalized EBITDA": NaN,
        "Total Unusual Items": 0.0,
        "Total Unusual Items Excluding Goodwill": 0.0,
        "Net Income From Continuing Operation Net Minority Interest": NaN,
        "Reconciled Depreciation": NaN,
        "EBITDA": NaN,
        "EBIT": NaN,
        "Normalized Income": NaN,
        "Net Income From Continuing And Discontinued Operation": NaN,
        "Total Expenses": NaN,
        "Total Operating Income As Reported": NaN,
        "Diluted Average Shares": NaN,
        "Basic Average Shares": NaN,
        "Diluted EPS": NaN,
        "Basic EPS": NaN,
        "Diluted NI Availto Com Stockholders": NaN,
        "Net Income Common Stockholders": NaN,
        "Net Income": NaN,
        "Net Income Including Noncontrolling Interests": NaN,
        "Net Income Continuous Operations": NaN,
        "Pretax Income": NaN,
        "Other Income Expense": NaN,
        "Other Non Operating Income Expenses": NaN,
        "Special Income Charges": 0.0,
        "Restructuring And Mergern Acquisition": 0.0,
        "Operating Income": NaN,
        "Operating Expense": NaN,
        "Research And Development": NaN,
        "Selling General And Administration": NaN,
        "General And Administrative Expense": NaN,
        "Other Gand A": NaN,
        "Salaries And Wages": NaN,
        "Total Revenue": NaN,
        "Operating Revenue": NaN
    },
    "2023-12-31": {
        "Tax Effect Of Unusual Items": NaN,
        "Tax Rate For Calcs": NaN,
        "Normalized EBITDA": NaN,
        "Total Unusual Items": 0.0,
        "Total Unusual Items Excluding Goodwill": 0.0,
        "Net Income From Continuing Operation Net Minority Interest": NaN,
        "Reconciled Depreciation": NaN,
        "EBITDA": NaN,
        "EBIT": NaN,
        "Normalized Income": NaN,
        "Net Income From Continuing And Discontinued Operation": NaN,
        "Total Expenses": NaN,
        "Total Operating Income As Reported": NaN,
        "Diluted Average Shares": NaN,
        "Basic Average Shares": NaN,
        "Diluted EPS": NaN,
        "Basic EPS": NaN,
        "Diluted NI Availto Com Stockholders": NaN,
        "Net Income Common Stockholders": NaN,
        "Net Income": NaN,
        "Net Income Including Noncontrolling Interests": NaN,
        "Net Income Continuous Operations": NaN,
        "Pretax Income": NaN,
        "Other Income Expense": NaN,
        "Other Non Operating Income Expenses": NaN,
        "Special Income Charges": 0.0,
        "Restructuring And Mergern Acquisition": 0.0,
        "Operating Income": NaN,
        "Operating Expense": NaN,
        "Research And Development": NaN,
        "Selling General And Administration": NaN,
        "General And Administrative Expense": NaN,
        "Other Gand A": NaN,
        "Salaries And Wages": NaN,
        "Total Revenue": NaN,
        "Operating Revenue": NaN
    },
    "2024-03-31": {
        "Tax Effect Of Unusual Items": 0.0,
        "Tax Rate For Calcs": 0.0,
        "Normalized EBITDA": -29355000.0,
        "Total Unusual Items": NaN,
        "Total Unusual Items Excluding Goodwill": NaN,
        "Net Income From Continuing Operation Net Minority Interest": -26870000.0,
        "Reconciled Depreciation": 479000.0,
        "EBITDA": -29355000.0,
        "EBIT": -29834000.0,
        "Normalized Income": -26870000.0,
        "Net Income From Continuing And Discontinued Operation": -26870000.0,
        "Total Expenses": 29834000.0,
        "Total Operating Income As Reported": -29834000.0,
        "Diluted Average Shares": 61984000.0,
        "Basic Average Shares": 61984000.0,
        "Diluted EPS": -0.43,
        "Basic EPS": -0.43,
        "Diluted NI Availto Com Stockholders": -26870000.0,
        "Net Income Common Stockholders": -26870000.0,
        "Net Income": -26870000.0,
        "Net Income Including Noncontrolling Interests": -26870000.0,
        "Net Income Continuous Operations": -26870000.0,
        "Pretax Income": -26870000.0,
        "Other Income Expense": 2964000.0,
        "Other Non Operating Income Expenses": 2964000.0,
        "Special Income Charges": NaN,
        "Restructuring And Mergern Acquisition": NaN,
        "Operating Income": -29834000.0,
        "Operating Expense": 29834000.0,
        "Research And Development": 19773000.0,
        "Selling General And Administration": 10061000.0,
        "General And Administrative Expense": 10061000.0,
        "Other Gand A": 4399000.0,
        "Salaries And Wages": 5662000.0,
        "Total Revenue": 0.0,
        "Operating Revenue": 0.0
    },
    "2024-06-30": {
        "Tax Effect Of Unusual Items": 0.0,
        "Tax Rate For Calcs": 0.21,
        "Normalized EBITDA": 52868000.0,
        "Total Unusual Items": NaN,
        "Total Unusual Items Excluding Goodwill": NaN,
        "Net Income From Continuing Operation Net Minority Interest": 55409000.0,
        "Reconciled Depreciation": 376000.0,
        "EBITDA": 52868000.0,
        "EBIT": 52492000.0,
        "Normalized Income": 55409000.0,
        "Net Income From Continuing And Discontinued Operation": 55409000.0,
        "Total Expenses": 27508000.0,
        "Total Operating Income As Reported": 52492000.0,
        "Diluted Average Shares": 63587000.0,
        "Basic Average Shares": 62205000.0,
        "Diluted EPS": 0.87,
        "Basic EPS": 0.89,
        "Diluted NI Availto Com Stockholders": 55409000.0,
        "Net Income Common Stockholders": 55409000.0,
        "Net Income": 55409000.0,
        "Net Income Including Noncontrolling Interests": 55409000.0,
        "Net Income Continuous Operations": 55409000.0,
        "Pretax Income": 55409000.0,
        "Other Income Expense": 2917000.0,
        "Other Non Operating Income Expenses": 2917000.0,
        "Special Income Charges": NaN,
        "Restructuring And Mergern Acquisition": NaN,
        "Operating Income": 52492000.0,
        "Operating Expense": 27508000.0,
        "Research And Development": 17261000.0,
        "Selling General And Administration": 10247000.0,
        "General And Administrative Expense": 10247000.0,
        "Other Gand A": 4765000.0,
        "Salaries And Wages": 5482000.0,
        "Total Revenue": 80000000.0,
        "Operating Revenue": 80000000.0
    },
    "2024-09-30": {
        "Tax Effect Of Unusual Items": 0.0,
        "Tax Rate For Calcs": 0.0,
        "Normalized EBITDA": -20631000.0,
        "Total Unusual Items": -2063000.0,
        "Total Unusual Items Excluding Goodwill": -2063000.0,
        "Net Income From Continuing Operation Net Minority Interest": -21696000.0,
        "Reconciled Depreciation": 369000.0,
        "EBITDA": -22694000.0,
        "EBIT": -23063000.0,
        "Normalized Income": -19633000.0,
        "Net Income From Continuing And Discontinued Operation": -21696000.0,
        "Total Expenses": 23063000.0,
        "Total Operating Income As Reported": -25126000.0,
        "Diluted Average Shares": 62409000.0,
        "Basic Average Shares": 62409000.0,
        "Diluted EPS": -0.35,
        "Basic EPS": -0.35,
        "Diluted NI Availto Com Stockholders": -21696000.0,
        "Net Income Common Stockholders": -21696000.0,
        "Net Income": -21696000.0,
        "Net Income Including Noncontrolling Interests": -21696000.0,
        "Net Income Continuous Operations": -21696000.0,
        "Pretax Income": -21696000.0,
        "Other Income Expense": 1367000.0,
        "Other Non Operating Income Expenses": 3430000.0,
        "Special Income Charges": -2063000.0,
        "Restructuring And Mergern Acquisition": 2063000.0,
        "Operating Income": -23063000.0,
        "Operating Expense": 23063000.0,
        "Research And Development": 14639000.0,
        "Selling General And Administration": 8424000.0,
        "General And Administrative Expense": 8424000.0,
        "Other Gand A": 4027000.0,
        "Salaries And Wages": 4397000.0,
        "Total Revenue": 0.0,
        "Operating Revenue": 0.0
    },
    "2024-12-31": {
        "Tax Effect Of Unusual Items": 0.0,
        "Tax Rate For Calcs": 0.0,
        "Normalized EBITDA": -19060000.0,
        "Total Unusual Items": 0.0,
        "Total Unusual Items Excluding Goodwill": 0.0,
        "Net Income From Continuing Operation Net Minority Interest": -16568000.0,
        "Reconciled Depreciation": 369000.0,
        "EBITDA": -19060000.0,
        "EBIT": -19429000.0,
        "Normalized Income": -16568000.0,
        "Net Income From Continuing And Discontinued Operation": -16568000.0,
        "Total Expenses": 19429000.0,
        "Total Operating Income As Reported": -19429000.0,
        "Diluted Average Shares": 53954000.0,
        "Basic Average Shares": 53954000.0,
        "Diluted EPS": -0.31,
        "Basic EPS": -0.31,
        "Diluted NI Availto Com Stockholders": -16568000.0,
        "Net Income Common Stockholders": -16568000.0,
        "Net Income": -16568000.0,
        "Net Income Including Noncontrolling Interests": -16568000.0,
        "Net Income Continuous Operations": -16568000.0,
        "Pretax Income": -16568000.0,
        "Other Income Expense": 2861000.0,
        "Other Non Operating Income Expenses": 2861000.0,
        "Special Income Charges": 0.0,
        "Restructuring And Mergern Acquisition": 0.0,
        "Operating Income": -19429000.0,
        "Operating Expense": 19429000.0,
        "Research And Development": 11713000.0,
        "Selling General And Administration": 7716000.0,
        "General And Administrative Expense": 7716000.0,
        "Other Gand A": 3503000.0,
        "Salaries And Wages": 4213000.0,
        "Total Revenue": 0.0,
        "Operating Revenue": 0.0
    },
    "2025-03-31": {
        "Tax Effect Of Unusual Items": 0.0,
        "Tax Rate For Calcs": 0.0,
        "Normalized EBITDA": -20050000.0,
        "Total Unusual Items": NaN,
        "Total Unusual Items Excluding Goodwill": NaN,
        "Net Income From Continuing Operation Net Minority Interest": -17655000.0,
        "Reconciled Depreciation": 353000.0,
        "EBITDA": -20050000.0,
        "EBIT": -20403000.0,
        "Normalized Income": -17655000.0,
        "Net Income From Continuing And Discontinued Operation": -17655000.0,
        "Total Expenses": 20403000.0,
        "Total Operating Income As Reported": -20403000.0,
        "Diluted Average Shares": 62479000.0,
        "Basic Average Shares": 62479000.0,
        "Diluted EPS": -0.28,
        "Basic EPS": -0.28,
        "Diluted NI Availto Com Stockholders": -17655000.0,
        "Net Income Common Stockholders": -17655000.0,
        "Net Income": -17655000.0,
        "Net Income Including Noncontrolling Interests": -17655000.0,
        "Net Income Continuous Operations": -17655000.0,
        "Pretax Income": -17655000.0,
        "Other Income Expense": 2748000.0,
        "Other Non Operating Income Expenses": 2748000.0,
        "Special Income Charges": NaN,
        "Restructuring And Mergern Acquisition": NaN,
        "Operating Income": -20403000.0,
        "Operating Expense": 20403000.0,
        "Research And Development": 13404000.0,
        "Selling General And Administration": 6999000.0,
        "General And Administrative Expense": 6999000.0,
        "Other Gand A": 2782000.0,
        "Salaries And Wages": 4217000.0,
        "Total Revenue": 0.0,
        "Operating Revenue": 0.0
    },
    "2025-06-30": {
        "Tax Effect Of Unusual Items": 0.0,
        "Tax Rate For Calcs": 0.0,
        "Normalized EBITDA": -19471000.0,
        "Total Unusual Items": NaN,
        "Total Unusual Items Excluding Goodwill": NaN,
        "Net Income From Continuing Operation Net Minority Interest": -17296000.0,
        "Reconciled Depreciation": 344000.0,
        "EBITDA": -19471000.0,
        "EBIT": -19815000.0,
        "Normalized Income": -17296000.0,
        "Net Income From Continuing And Discontinued Operation": -17296000.0,
        "Total Expenses": 19815000.0,
        "Total Operating Income As Reported": -19815000.0,
        "Diluted Average Shares": 62544000.0,
        "Basic Average Shares": 62544000.0,
        "Diluted EPS": -0.28,
        "Basic EPS": -0.28,
        "Diluted NI Availto Com Stockholders": -17296000.0,
        "Net Income Common Stockholders": -17296000.0,
        "Net Income": -17296000.0,
        "Net Income Including Noncontrolling Interests": -17296000.0,
        "Net Income Continuous Operations": -17296000.0,
        "Pretax Income": -17296000.0,
        "Other Income Expense": 2519000.0,
        "Other Non Operating Income Expenses": 2519000.0,
        "Special Income Charges": NaN,
        "Restructuring And Mergern Acquisition": NaN,
        "Operating Income": -19815000.0,
        "Operating Expense": 19815000.0,
        "Research And Development": 12987000.0,
        "Selling General And Administration": 6828000.0,
        "General And Administrative Expense": 6828000.0,
        "Other Gand A": 2560000.0,
        "Salaries And Wages": 4268000.0,
        "Total Revenue": 0.0,
        "Operating Revenue": 0.0
    }
}