{
    "2024-06-30": {
        "Tax Effect Of Unusual Items": NaN,
        "Tax Rate For Calcs": NaN,
        "Normalized EBITDA": NaN,
        "Total Unusual Items": NaN,
        "Total Unusual Items Excluding Goodwill": NaN,
        "Net Income From Continuing Operation Net Minority Interest": NaN,
        "Reconciled Depreciation": NaN,
        "Reconciled Cost Of Revenue": NaN,
        "EBITDA": NaN,
        "EBIT": NaN,
        "Net Interest Income": NaN,
        "Interest Expense": NaN,
        "Normalized Income": NaN,
        "Net Income From Continuing And Discontinued Operation": NaN,
        "Total Expenses": NaN,
        "Total Operating Income As Reported": NaN,
        "Diluted Average Shares": 238000000.0,
        "Basic Average Shares": 235000000.0,
        "Diluted EPS": 0.1,
        "Basic EPS": 0.1,
        "Diluted NI Availto Com Stockholders": NaN,
        "Average Dilution Earnings": 0.0,
        "Net Income Common Stockholders": NaN,
        "Net Income": NaN,
        "Minority Interests": NaN,
        "Net Income Including Noncontrolling Interests": NaN,
        "Net Income Discontinuous Operations": 0.0,
        "Net Income Continuous Operations": NaN,
        "Tax Provision": NaN,
        "Pretax Income": NaN,
        "Other Income Expense": NaN,
        "Other Non Operating Income Expenses": NaN,
        "Special Income Charges": NaN,
        "Write Off": 11000000.0,
        "Restructuring And Mergern Acquisition": 11000000.0,
        "Earnings From Equity Interest": NaN,
        "Gain On Sale Of Security": NaN,
        "Net Non Operating Interest Income Expense": NaN,
        "Interest Expense Non Operating": NaN,
        "Operating Income": NaN,
        "Operating Expense": NaN,
        "Other Operating Expenses": 5000000.0,
        "Depreciation Amortization Depletion Income Statement": NaN,
        "Depreciation And Amortization In Income Statement": NaN,
        "Selling General And Administration": NaN,
        "Gross Profit": NaN,
        "Cost Of Revenue": NaN,
        "Total Revenue": NaN,
        "Operating Revenue": NaN
    },
    "2024-03-31": {
        "Tax Effect Of Unusual Items": NaN,
        "Tax Rate For Calcs": NaN,
        "Normalized EBITDA": NaN,
        "Total Unusual Items": NaN,
        "Total Unusual Items Excluding Goodwill": NaN,
        "Net Income From Continuing Operation Net Minority Interest": NaN,
        "Reconciled Depreciation": NaN,
        "Reconciled Cost Of Revenue": NaN,
        "EBITDA": NaN,
        "EBIT": NaN,
        "Net Interest Income": NaN,
        "Interest Expense": NaN,
        "Normalized Income": NaN,
        "Net Income From Continuing And Discontinued Operation": NaN,
        "Total Expenses": NaN,
        "Total Operating Income As Reported": NaN,
        "Diluted Average Shares": NaN,
        "Basic Average Shares": NaN,
        "Diluted EPS": NaN,
        "Basic EPS": NaN,
        "Diluted NI Availto Com Stockholders": NaN,
        "Average Dilution Earnings": 0.0,
        "Net Income Common Stockholders": NaN,
        "Net Income": NaN,
        "Minority Interests": NaN,
        "Net Income Including Noncontrolling Interests": NaN,
        "Net Income Discontinuous Operations": NaN,
        "Net Income Continuous Operations": NaN,
        "Tax Provision": NaN,
        "Pretax Income": NaN,
        "Other Income Expense": NaN,
        "Other Non Operating Income Expenses": NaN,
        "Special Income Charges": NaN,
        "Write Off": 9000000.0,
        "Restructuring And Mergern Acquisition": 9000000.0,
        "Earnings From Equity Interest": NaN,
        "Gain On Sale Of Security": NaN,
        "Net Non Operating Interest Income Expense": NaN,
        "Interest Expense Non Operating": NaN,
        "Operating Income": NaN,
        "Operating Expense": NaN,
        "Other Operating Expenses": 1000000.0,
        "Depreciation Amortization Depletion Income Statement": NaN,
        "Depreciation And Amortization In Income Statement": NaN,
        "Selling General And Administration": NaN,
        "Gross Profit": NaN,
        "Cost Of Revenue": NaN,
        "Total Revenue": NaN,
        "Operating Revenue": NaN
    },
    "2023-12-31": {
        "Tax Effect Of Unusual Items": NaN,
        "Tax Rate For Calcs": NaN,
        "Normalized EBITDA": NaN,
        "Total Unusual Items": NaN,
        "Total Unusual Items Excluding Goodwill": NaN,
        "Net Income From Continuing Operation Net Minority Interest": NaN,
        "Reconciled Depreciation": NaN,
        "Reconciled Cost Of Revenue": NaN,
        "EBITDA": NaN,
        "EBIT": NaN,
        "Net Interest Income": NaN,
        "Interest Expense": NaN,
        "Normalized Income": NaN,
        "Net Income From Continuing And Discontinued Operation": NaN,
        "Total Expenses": NaN,
        "Total Operating Income As Reported": NaN,
        "Diluted Average Shares": NaN,
        "Basic Average Shares": NaN,
        "Diluted EPS": NaN,
        "Basic EPS": NaN,
        "Diluted NI Availto Com Stockholders": NaN,
        "Average Dilution Earnings": 0.0,
        "Net Income Common Stockholders": NaN,
        "Net Income": NaN,
        "Minority Interests": NaN,
        "Net Income Including Noncontrolling Interests": NaN,
        "Net Income Discontinuous Operations": NaN,
        "Net Income Continuous Operations": NaN,
        "Tax Provision": NaN,
        "Pretax Income": NaN,
        "Other Income Expense": NaN,
        "Other Non Operating Income Expenses": NaN,
        "Special Income Charges": NaN,
        "Write Off": 0.0,
        "Restructuring And Mergern Acquisition": NaN,
        "Earnings From Equity Interest": NaN,
        "Gain On Sale Of Security": NaN,
        "Net Non Operating Interest Income Expense": NaN,
        "Interest Expense Non Operating": NaN,
        "Operating Income": NaN,
        "Operating Expense": NaN,
        "Other Operating Expenses": NaN,
        "Depreciation Amortization Depletion Income Statement": NaN,
        "Depreciation And Amortization In Income Statement": NaN,
        "Selling General And Administration": NaN,
        "Gross Profit": NaN,
        "Cost Of Revenue": NaN,
        "Total Revenue": NaN,
        "Operating Revenue": NaN
    },
    "2023-09-30": {
        "Tax Effect Of Unusual Items": NaN,
        "Tax Rate For Calcs": NaN,
        "Normalized EBITDA": NaN,
        "Total Unusual Items": NaN,
        "Total Unusual Items Excluding Goodwill": NaN,
        "Net Income From Continuing Operation Net Minority Interest": NaN,
        "Reconciled Depreciation": NaN,
        "Reconciled Cost Of Revenue": NaN,
        "EBITDA": NaN,
        "EBIT": NaN,
        "Net Interest Income": NaN,
        "Interest Expense": NaN,
        "Normalized Income": NaN,
        "Net Income From Continuing And Discontinued Operation": NaN,
        "Total Expenses": NaN,
        "Total Operating Income As Reported": NaN,
        "Diluted Average Shares": 244000000.0,
        "Basic Average Shares": 235000000.0,
        "Diluted EPS": 0.39,
        "Basic EPS": 0.5,
        "Diluted NI Availto Com Stockholders": NaN,
        "Average Dilution Earnings": NaN,
        "Net Income Common Stockholders": NaN,
        "Net Income": NaN,
        "Minority Interests": NaN,
        "Net Income Including Noncontrolling Interests": NaN,
        "Net Income Discontinuous Operations": 0.0,
        "Net Income Continuous Operations": NaN,
        "Tax Provision": NaN,
        "Pretax Income": NaN,
        "Other Income Expense": NaN,
        "Other Non Operating Income Expenses": NaN,
        "Special Income Charges": NaN,
        "Write Off": NaN,
        "Restructuring And Mergern Acquisition": NaN,
        "Earnings From Equity Interest": NaN,
        "Gain On Sale Of Security": NaN,
        "Net Non Operating Interest Income Expense": NaN,
        "Interest Expense Non Operating": NaN,
        "Operating Income": NaN,
        "Operating Expense": NaN,
        "Other Operating Expenses": NaN,
        "Depreciation Amortization Depletion Income Statement": NaN,
        "Depreciation And Amortization In Income Statement": NaN,
        "Selling General And Administration": NaN,
        "Gross Profit": NaN,
        "Cost Of Revenue": NaN,
        "Total Revenue": NaN,
        "Operating Revenue": NaN
    },
    "2023-06-30": {
        "Tax Effect Of Unusual Items": NaN,
        "Tax Rate For Calcs": NaN,
        "Normalized EBITDA": NaN,
        "Total Unusual Items": NaN,
        "Total Unusual Items Excluding Goodwill": NaN,
        "Net Income From Continuing Operation Net Minority Interest": NaN,
        "Reconciled Depreciation": NaN,
        "Reconciled Cost Of Revenue": NaN,
        "EBITDA": NaN,
        "EBIT": NaN,
        "Net Interest Income": NaN,
        "Interest Expense": NaN,
        "Normalized Income": NaN,
        "Net Income From Continuing And Discontinued Operation": NaN,
        "Total Expenses": NaN,
        "Total Operating Income As Reported": NaN,
        "Diluted Average Shares": 244000000.0,
        "Basic Average Shares": 234000000.0,
        "Diluted EPS": 0.41,
        "Basic EPS": 0.5,
        "Diluted NI Availto Com Stockholders": NaN,
        "Average Dilution Earnings": NaN,
        "Net Income Common Stockholders": NaN,
        "Net Income": NaN,
        "Minority Interests": NaN,
        "Net Income Including Noncontrolling Interests": NaN,
        "Net Income Discontinuous Operations": NaN,
        "Net Income Continuous Operations": NaN,
        "Tax Provision": NaN,
        "Pretax Income": NaN,
        "Other Income Expense": NaN,
        "Other Non Operating Income Expenses": NaN,
        "Special Income Charges": NaN,
        "Write Off": NaN,
        "Earnings From Equity Interest": NaN,
        "Gain On Sale Of Security": NaN,
        "Net Non Operating Interest Income Expense": NaN,
        "Interest Expense Non Operating": NaN,
        "Operating Income": NaN,
        "Operating Expense": NaN,
        "Other Operating Expenses": NaN,
        "Depreciation Amortization Depletion Income Statement": NaN,
        "Depreciation And Amortization In Income Statement": NaN,
        "Selling General And Administration": NaN,
        "Gross Profit": NaN,
        "Cost Of Revenue": NaN,
        "Total Revenue": NaN,
        "Operating Revenue": NaN
    },
    "2023-03-31": {
        "Tax Effect Of Unusual Items": NaN,
        "Tax Rate For Calcs": NaN,
        "Normalized EBITDA": NaN,
        "Total Unusual Items": NaN,
        "Total Unusual Items Excluding Goodwill": NaN,
        "Net Income From Continuing Operation Net Minority Interest": NaN,
        "Reconciled Depreciation": NaN,
        "Reconciled Cost Of Revenue": NaN,
        "EBITDA": NaN,
        "EBIT": NaN,
        "Net Interest Income": NaN,
        "Interest Expense": NaN,
        "Normalized Income": NaN,
        "Net Income From Continuing And Discontinued Operation": NaN,
        "Total Expenses": NaN,
        "Total Operating Income As Reported": NaN,
        "Diluted Average Shares": NaN,
        "Basic Average Shares": NaN,
        "Diluted EPS": NaN,
        "Basic EPS": NaN,
        "Diluted NI Availto Com Stockholders": NaN,
        "Average Dilution Earnings": NaN,
        "Net Income Common Stockholders": NaN,
        "Net Income": NaN,
        "Minority Interests": NaN,
        "Net Income Including Noncontrolling Interests": NaN,
        "Net Income Discontinuous Operations": NaN,
        "Net Income Continuous Operations": NaN,
        "Tax Provision": NaN,
        "Pretax Income": NaN,
        "Other Income Expense": NaN,
        "Other Non Operating Income Expenses": NaN,
        "Special Income Charges": NaN,
        "Write Off": NaN,
        "Restructuring And Mergern Acquisition": 32000000.0,
        "Earnings From Equity Interest": NaN,
        "Gain On Sale Of Security": NaN,
        "Net Non Operating Interest Income Expense": NaN,
        "Interest Expense Non Operating": NaN,
        "Operating Income": NaN,
        "Operating Expense": NaN,
        "Other Operating Expenses": 79000000.0,
        "Depreciation Amortization Depletion Income Statement": NaN,
        "Depreciation And Amortization In Income Statement": NaN,
        "Selling General And Administration": NaN,
        "Gross Profit": NaN,
        "Cost Of Revenue": NaN,
        "Total Revenue": NaN,
        "Operating Revenue": NaN
    },
    "2024-09-30": {
        "Tax Effect Of Unusual Items": 720000.0,
        "Tax Rate For Calcs": 0.02,
        "Normalized EBITDA": 221000000.0,
        "Total Unusual Items": 36000000.0,
        "Total Unusual Items Excluding Goodwill": 36000000.0,
        "Net Income From Continuing Operation Net Minority Interest": 117000000.0,
        "Reconciled Depreciation": 88000000.0,
        "Reconciled Cost Of Revenue": 595000000.0,
        "EBITDA": 257000000.0,
        "EBIT": 169000000.0,
        "Net Interest Income": -54000000.0,
        "Interest Expense": 54000000.0,
        "Normalized Income": 81720000.0,
        "Net Income From Continuing And Discontinued Operation": 117000000.0,
        "Total Expenses": 798000000.0,
        "Total Operating Income As Reported": 110000000.0,
        "Diluted Average Shares": 261000000.0,
        "Basic Average Shares": 261000000.0,
        "Diluted EPS": 1.79,
        "Basic EPS": 1.88,
        "Diluted NI Availto Com Stockholders": 117000000.0,
        "Average Dilution Earnings": 0.0,
        "Net Income Common Stockholders": 117000000.0,
        "Net Income": 117000000.0,
        "Minority Interests": 0.0,
        "Net Income Including Noncontrolling Interests": 117000000.0,
        "Net Income Discontinuous Operations": 0.0,
        "Net Income Continuous Operations": 117000000.0,
        "Tax Provision": -2000000.0,
        "Pretax Income": 115000000.0,
        "Other Income Expense": 56000000.0,
        "Other Non Operating Income Expenses": 21000000.0,
        "Special Income Charges": -3000000.0,
        "Write Off": 3000000.0,
        "Restructuring And Mergern Acquisition": NaN,
        "Earnings From Equity Interest": -1000000.0,
        "Gain On Sale Of Security": 39000000.0,
        "Net Non Operating Interest Income Expense": -54000000.0,
        "Interest Expense Non Operating": 54000000.0,
        "Operating Income": 113000000.0,
        "Operating Expense": 203000000.0,
        "Other Operating Expenses": 2000000.0,
        "Depreciation Amortization Depletion Income Statement": 88000000.0,
        "Depreciation And Amortization In Income Statement": 88000000.0,
        "Selling General And Administration": 115000000.0,
        "Gross Profit": 316000000.0,
        "Cost Of Revenue": 595000000.0,
        "Total Revenue": 911000000.0,
        "Operating Revenue": 848000000.0
    },
    "2024-12-31": {
        "Tax Effect Of Unusual Items": -60480000.0,
        "Tax Rate For Calcs": 0.21,
        "Normalized EBITDA": 202000000.0,
        "Total Unusual Items": -288000000.0,
        "Total Unusual Items Excluding Goodwill": -288000000.0,
        "Net Income From Continuing Operation Net Minority Interest": -248000000.0,
        "Reconciled Depreciation": 89000000.0,
        "Reconciled Cost Of Revenue": 855000000.0,
        "EBITDA": -86000000.0,
        "EBIT": -175000000.0,
        "Net Interest Income": -46000000.0,
        "Interest Expense": 46000000.0,
        "Normalized Income": -20480000.0,
        "Net Income From Continuing And Discontinued Operation": -248000000.0,
        "Total Expenses": 1062000000.0,
        "Total Operating Income As Reported": 23000000.0,
        "Diluted Average Shares": NaN,
        "Basic Average Shares": NaN,
        "Diluted EPS": NaN,
        "Basic EPS": NaN,
        "Diluted NI Availto Com Stockholders": -248000000.0,
        "Average Dilution Earnings": 0.0,
        "Net Income Common Stockholders": -248000000.0,
        "Net Income": -248000000.0,
        "Minority Interests": 0.0,
        "Net Income Including Noncontrolling Interests": -248000000.0,
        "Net Income Discontinuous Operations": 0.0,
        "Net Income Continuous Operations": -248000000.0,
        "Tax Provision": 27000000.0,
        "Pretax Income": -221000000.0,
        "Other Income Expense": -280000000.0,
        "Other Non Operating Income Expenses": 12000000.0,
        "Special Income Charges": -82000000.0,
        "Write Off": 82000000.0,
        "Restructuring And Mergern Acquisition": NaN,
        "Earnings From Equity Interest": -4000000.0,
        "Gain On Sale Of Security": -206000000.0,
        "Net Non Operating Interest Income Expense": -46000000.0,
        "Interest Expense Non Operating": 46000000.0,
        "Operating Income": 105000000.0,
        "Operating Expense": 207000000.0,
        "Other Operating Expenses": 5000000.0,
        "Depreciation Amortization Depletion Income Statement": 89000000.0,
        "Depreciation And Amortization In Income Statement": 89000000.0,
        "Selling General And Administration": 113000000.0,
        "Gross Profit": 312000000.0,
        "Cost Of Revenue": 855000000.0,
        "Total Revenue": 1167000000.0,
        "Operating Revenue": 1067000000.0
    },
    "2025-03-31": {
        "Tax Effect Of Unusual Items": 11340000.0,
        "Tax Rate For Calcs": 0.21,
        "Normalized EBITDA": 54000000.0,
        "Total Unusual Items": 54000000.0,
        "Total Unusual Items Excluding Goodwill": 54000000.0,
        "Net Income From Continuing Operation Net Minority Interest": 5000000.0,
        "Reconciled Depreciation": 77000000.0,
        "Reconciled Cost Of Revenue": 325000000.0,
        "EBITDA": 108000000.0,
        "EBIT": 31000000.0,
        "Net Interest Income": -55000000.0,
        "Interest Expense": 55000000.0,
        "Normalized Income": -37660000.0,
        "Net Income From Continuing And Discontinued Operation": 5000000.0,
        "Total Expenses": 507000000.0,
        "Total Operating Income As Reported": -71000000.0,
        "Diluted Average Shares": 257000000.0,
        "Basic Average Shares": 249000000.0,
        "Diluted EPS": 0.05,
        "Basic EPS": 0.09,
        "Diluted NI Availto Com Stockholders": 5000000.0,
        "Average Dilution Earnings": NaN,
        "Net Income Common Stockholders": 5000000.0,
        "Net Income": 5000000.0,
        "Minority Interests": 0.0,
        "Net Income Including Noncontrolling Interests": 5000000.0,
        "Net Income Discontinuous Operations": 0.0,
        "Net Income Continuous Operations": 5000000.0,
        "Tax Provision": -29000000.0,
        "Pretax Income": -24000000.0,
        "Other Income Expense": 91000000.0,
        "Other Non Operating Income Expenses": 36000000.0,
        "Special Income Charges": -11000000.0,
        "Write Off": NaN,
        "Restructuring And Mergern Acquisition": 11000000.0,
        "Earnings From Equity Interest": 1000000.0,
        "Gain On Sale Of Security": 65000000.0,
        "Net Non Operating Interest Income Expense": -55000000.0,
        "Interest Expense Non Operating": 55000000.0,
        "Operating Income": -60000000.0,
        "Operating Expense": 182000000.0,
        "Other Operating Expenses": 1000000.0,
        "Depreciation Amortization Depletion Income Statement": 77000000.0,
        "Depreciation And Amortization In Income Statement": 77000000.0,
        "Selling General And Administration": 104000000.0,
        "Gross Profit": 122000000.0,
        "Cost Of Revenue": 325000000.0,
        "Total Revenue": 447000000.0,
        "Operating Revenue": 400000000.0
    },
    "2025-06-30": {
        "Tax Effect Of Unusual Items": 25189010.989011,
        "Tax Rate For Calcs": 0.16044,
        "Normalized EBITDA": 427000000.0,
        "Total Unusual Items": 157000000.0,
        "Total Unusual Items Excluding Goodwill": 157000000.0,
        "Net Income From Continuing Operation Net Minority Interest": 382000000.0,
        "Reconciled Depreciation": 80000000.0,
        "Reconciled Cost Of Revenue": 867000000.0,
        "EBITDA": 584000000.0,
        "EBIT": 504000000.0,
        "Net Interest Income": -49000000.0,
        "Interest Expense": 49000000.0,
        "Normalized Income": 250189010.989011,
        "Net Income From Continuing And Discontinued Operation": 382000000.0,
        "Total Expenses": 1058000000.0,
        "Total Operating Income As Reported": 280000000.0,
        "Diluted Average Shares": 252000000.0,
        "Basic Average Shares": 250000000.0,
        "Diluted EPS": 1.52,
        "Basic EPS": 1.53,
        "Diluted NI Availto Com Stockholders": 382000000.0,
        "Average Dilution Earnings": NaN,
        "Net Income Common Stockholders": 382000000.0,
        "Net Income": 382000000.0,
        "Minority Interests": 0.0,
        "Net Income Including Noncontrolling Interests": 382000000.0,
        "Net Income Discontinuous Operations": NaN,
        "Net Income Continuous Operations": 382000000.0,
        "Tax Provision": 73000000.0,
        "Pretax Income": 455000000.0,
        "Other Income Expense": 221000000.0,
        "Other Non Operating Income Expenses": 66000000.0,
        "Special Income Charges": -3000000.0,
        "Write Off": NaN,
        "Restructuring And Mergern Acquisition": 3000000.0,
        "Earnings From Equity Interest": -2000000.0,
        "Gain On Sale Of Security": 160000000.0,
        "Net Non Operating Interest Income Expense": -49000000.0,
        "Interest Expense Non Operating": 49000000.0,
        "Operating Income": 283000000.0,
        "Operating Expense": 191000000.0,
        "Other Operating Expenses": NaN,
        "Depreciation Amortization Depletion Income Statement": 80000000.0,
        "Depreciation And Amortization In Income Statement": 80000000.0,
        "Selling General And Administration": 111000000.0,
        "Gross Profit": 474000000.0,
        "Cost Of Revenue": 867000000.0,
        "Total Revenue": 1341000000.0,
        "Operating Revenue": 1203000000.0
    },
    "2025-09-30": {
        "Tax Effect Of Unusual Items": 775280.898876,
        "Tax Rate For Calcs": 0.258427,
        "Normalized EBITDA": 283000000.0,
        "Total Unusual Items": 3000000.0,
        "Total Unusual Items Excluding Goodwill": 3000000.0,
        "Net Income From Continuing Operation Net Minority Interest": 66000000.0,
        "Reconciled Depreciation": 118000000.0,
        "Reconciled Cost Of Revenue": 664000000.0,
        "EBITDA": 286000000.0,
        "EBIT": 168000000.0,
        "Net Interest Income": -79000000.0,
        "Interest Expense": 79000000.0,
        "Normalized Income": 63775280.898876,
        "Net Income From Continuing And Discontinued Operation": 66000000.0,
        "Total Expenses": 913000000.0,
        "Total Operating Income As Reported": 158000000.0,
        "Diluted Average Shares": 261000000.0,
        "Basic Average Shares": 250000000.0,
        "Diluted EPS": 0.24,
        "Basic EPS": 0.26,
        "Diluted NI Availto Com Stockholders": 66000000.0,
        "Average Dilution Earnings": NaN,
        "Net Income Common Stockholders": 66000000.0,
        "Net Income": 66000000.0,
        "Minority Interests": 0.0,
        "Net Income Including Noncontrolling Interests": 66000000.0,
        "Net Income Discontinuous Operations": 0.0,
        "Net Income Continuous Operations": 66000000.0,
        "Tax Provision": 23000000.0,
        "Pretax Income": 89000000.0,
        "Other Income Expense": -4000000.0,
        "Other Non Operating Income Expenses": -4000000.0,
        "Special Income Charges": -14000000.0,
        "Write Off": NaN,
        "Restructuring And Mergern Acquisition": 14000000.0,
        "Earnings From Equity Interest": -3000000.0,
        "Gain On Sale Of Security": 17000000.0,
        "Net Non Operating Interest Income Expense": -79000000.0,
        "Interest Expense Non Operating": 79000000.0,
        "Operating Income": 172000000.0,
        "Operating Expense": 249000000.0,
        "Other Operating Expenses": NaN,
        "Depreciation Amortization Depletion Income Statement": 118000000.0,
        "Depreciation And Amortization In Income Statement": 118000000.0,
        "Selling General And Administration": 131000000.0,
        "Gross Profit": 421000000.0,
        "Cost Of Revenue": 664000000.0,
        "Total Revenue": 1085000000.0,
        "Operating Revenue": 1024000000.0
    }
}