{
    "2023-03-31": {
        "Tax Effect Of Unusual Items": NaN,
        "Tax Rate For Calcs": NaN,
        "Normalized EBITDA": NaN,
        "Total Unusual Items": NaN,
        "Total Unusual Items Excluding Goodwill": NaN,
        "Net Income From Continuing Operation Net Minority Interest": NaN,
        "Reconciled Depreciation": NaN,
        "Reconciled Cost Of Revenue": NaN,
        "EBITDA": NaN,
        "EBIT": NaN,
        "Net Interest Income": NaN,
        "Interest Expense": NaN,
        "Interest Income": NaN,
        "Normalized Income": NaN,
        "Net Income From Continuing And Discontinued Operation": NaN,
        "Total Expenses": NaN,
        "Total Operating Income As Reported": NaN,
        "Diluted Average Shares": NaN,
        "Basic Average Shares": NaN,
        "Diluted EPS": NaN,
        "Basic EPS": NaN,
        "Diluted NI Availto Com Stockholders": NaN,
        "Net Income Common Stockholders": NaN,
        "Net Income": NaN,
        "Net Income Including Noncontrolling Interests": NaN,
        "Net Income Continuous Operations": NaN,
        "Tax Provision": NaN,
        "Pretax Income": NaN,
        "Other Income Expense": NaN,
        "Other Non Operating Income Expenses": NaN,
        "Special Income Charges": NaN,
        "Gain On Sale Of Business": NaN,
        "Other Special Charges": NaN,
        "Impairment Of Capital Assets": 802000.0,
        "Gain On Sale Of Security": NaN,
        "Net Non Operating Interest Income Expense": NaN,
        "Interest Expense Non Operating": NaN,
        "Interest Income Non Operating": NaN,
        "Operating Income": NaN,
        "Operating Expense": NaN,
        "Other Operating Expenses": NaN,
        "Depreciation Amortization Depletion Income Statement": NaN,
        "Depreciation And Amortization In Income Statement": NaN,
        "Amortization": NaN,
        "Amortization Of Intangibles Income Statement": NaN,
        "Selling General And Administration": NaN,
        "Gross Profit": NaN,
        "Cost Of Revenue": NaN,
        "Total Revenue": NaN,
        "Operating Revenue": NaN
    },
    "2022-12-31": {
        "Tax Effect Of Unusual Items": NaN,
        "Tax Rate For Calcs": NaN,
        "Normalized EBITDA": NaN,
        "Total Unusual Items": NaN,
        "Total Unusual Items Excluding Goodwill": NaN,
        "Net Income From Continuing Operation Net Minority Interest": NaN,
        "Reconciled Depreciation": NaN,
        "Reconciled Cost Of Revenue": NaN,
        "EBITDA": NaN,
        "EBIT": NaN,
        "Net Interest Income": NaN,
        "Interest Expense": NaN,
        "Interest Income": NaN,
        "Normalized Income": NaN,
        "Net Income From Continuing And Discontinued Operation": NaN,
        "Total Expenses": NaN,
        "Total Operating Income As Reported": NaN,
        "Diluted Average Shares": NaN,
        "Basic Average Shares": NaN,
        "Diluted EPS": NaN,
        "Basic EPS": NaN,
        "Diluted NI Availto Com Stockholders": NaN,
        "Net Income Common Stockholders": NaN,
        "Net Income": NaN,
        "Net Income Including Noncontrolling Interests": NaN,
        "Net Income Continuous Operations": NaN,
        "Tax Provision": NaN,
        "Pretax Income": NaN,
        "Other Income Expense": NaN,
        "Other Non Operating Income Expenses": NaN,
        "Special Income Charges": NaN,
        "Gain On Sale Of Business": NaN,
        "Other Special Charges": NaN,
        "Impairment Of Capital Assets": -21426000.0,
        "Gain On Sale Of Security": NaN,
        "Net Non Operating Interest Income Expense": NaN,
        "Interest Expense Non Operating": NaN,
        "Interest Income Non Operating": NaN,
        "Operating Income": NaN,
        "Operating Expense": NaN,
        "Other Operating Expenses": NaN,
        "Depreciation Amortization Depletion Income Statement": NaN,
        "Depreciation And Amortization In Income Statement": NaN,
        "Amortization": NaN,
        "Amortization Of Intangibles Income Statement": NaN,
        "Selling General And Administration": NaN,
        "Gross Profit": NaN,
        "Cost Of Revenue": NaN,
        "Total Revenue": NaN,
        "Operating Revenue": NaN
    },
    "2022-09-30": {
        "Tax Effect Of Unusual Items": -3037707.0,
        "Tax Rate For Calcs": 0.173,
        "Normalized EBITDA": 184376000.0,
        "Total Unusual Items": -17559000.0,
        "Total Unusual Items Excluding Goodwill": -17559000.0,
        "Net Income From Continuing Operation Net Minority Interest": 95843000.0,
        "Reconciled Depreciation": 30904000.0,
        "Reconciled Cost Of Revenue": 696919000.0,
        "EBITDA": 166817000.0,
        "EBIT": 135913000.0,
        "Net Interest Income": -13399000.0,
        "Interest Expense": 14839000.0,
        "Interest Income": 1440000.0,
        "Normalized Income": 110364293.0,
        "Net Income From Continuing And Discontinued Operation": 95843000.0,
        "Total Expenses": 958770000.0,
        "Total Operating Income As Reported": 130841000.0,
        "Diluted Average Shares": 187399204.0,
        "Basic Average Shares": 183312013.0,
        "Diluted EPS": 0.51,
        "Basic EPS": 0.52,
        "Diluted NI Availto Com Stockholders": 95843000.0,
        "Net Income Common Stockholders": 95843000.0,
        "Net Income": 95843000.0,
        "Net Income Including Noncontrolling Interests": 95843000.0,
        "Net Income Continuous Operations": 95843000.0,
        "Tax Provision": 25231000.0,
        "Pretax Income": 121074000.0,
        "Other Income Expense": -17794000.0,
        "Other Non Operating Income Expenses": -235000.0,
        "Special Income Charges": -21426000.0,
        "Gain On Sale Of Business": NaN,
        "Other Special Charges": NaN,
        "Impairment Of Capital Assets": 21426000.0,
        "Gain On Sale Of Security": 3867000.0,
        "Net Non Operating Interest Income Expense": -13399000.0,
        "Total Other Finance Cost": NaN,
        "Interest Expense Non Operating": 14839000.0,
        "Interest Income Non Operating": 1440000.0,
        "Operating Income": 152267000.0,
        "Operating Expense": 241551000.0,
        "Other Operating Expenses": -489000.0,
        "Depreciation Amortization Depletion Income Statement": 10604000.0,
        "Depreciation And Amortization In Income Statement": 10604000.0,
        "Amortization": 10604000.0,
        "Amortization Of Intangibles Income Statement": 10604000.0,
        "Selling General And Administration": 231436000.0,
        "Gross Profit": 393818000.0,
        "Cost Of Revenue": 717219000.0,
        "Total Revenue": 1111037000.0,
        "Operating Revenue": 1111037000.0
    },
    "2022-06-30": {
        "Tax Effect Of Unusual Items": 283730.650252,
        "Tax Rate For Calcs": 0.248451,
        "Normalized EBITDA": 142458000.0,
        "Total Unusual Items": 1142000.0,
        "Total Unusual Items Excluding Goodwill": 1142000.0,
        "Net Income From Continuing Operation Net Minority Interest": 71670000.0,
        "Reconciled Depreciation": 33917000.0,
        "Reconciled Cost Of Revenue": 691234000.0,
        "EBITDA": 143600000.0,
        "EBIT": 109683000.0,
        "Net Interest Income": -11204000.0,
        "Interest Expense": 11888000.0,
        "Interest Income": 684000.0,
        "Normalized Income": 70811730.650252,
        "Net Income From Continuing And Discontinued Operation": 71670000.0,
        "Total Expenses": 979464000.0,
        "Total Operating Income As Reported": 109683000.0,
        "Diluted Average Shares": 187865653.0,
        "Basic Average Shares": 184418350.0,
        "Diluted EPS": 0.38,
        "Basic EPS": 0.39,
        "Diluted NI Availto Com Stockholders": 71670000.0,
        "Net Income Common Stockholders": 71670000.0,
        "Net Income": 71670000.0,
        "Net Income Including Noncontrolling Interests": 71670000.0,
        "Net Income Continuous Operations": 71670000.0,
        "Tax Provision": 23693000.0,
        "Pretax Income": 95363000.0,
        "Other Income Expense": -3116000.0,
        "Other Non Operating Income Expenses": -4258000.0,
        "Special Income Charges": -21684000.0,
        "Gain On Sale Of Business": NaN,
        "Other Special Charges": NaN,
        "Impairment Of Capital Assets": 21684000.0,
        "Gain On Sale Of Security": 1142000.0,
        "Net Non Operating Interest Income Expense": -11204000.0,
        "Total Other Finance Cost": 11204000.0,
        "Interest Expense Non Operating": 11888000.0,
        "Interest Income Non Operating": 684000.0,
        "Operating Income": 109683000.0,
        "Operating Expense": 265208000.0,
        "Other Operating Expenses": 21217000.0,
        "Depreciation Amortization Depletion Income Statement": 10895000.0,
        "Depreciation And Amortization In Income Statement": 10895000.0,
        "Amortization": 10895000.0,
        "Amortization Of Intangibles Income Statement": 10895000.0,
        "Selling General And Administration": 233096000.0,
        "Gross Profit": 374891000.0,
        "Cost Of Revenue": 714256000.0,
        "Total Revenue": 1089147000.0,
        "Operating Revenue": 1089147000.0
    },
    "2023-06-30": {
        "Tax Effect Of Unusual Items": NaN,
        "Tax Rate For Calcs": NaN,
        "Normalized EBITDA": NaN,
        "Total Unusual Items": NaN,
        "Total Unusual Items Excluding Goodwill": NaN,
        "Net Income From Continuing Operation Net Minority Interest": NaN,
        "Reconciled Depreciation": NaN,
        "Reconciled Cost Of Revenue": NaN,
        "EBITDA": NaN,
        "EBIT": NaN,
        "Net Interest Income": NaN,
        "Interest Expense": NaN,
        "Interest Income": NaN,
        "Normalized Income": NaN,
        "Net Income From Continuing And Discontinued Operation": NaN,
        "Total Expenses": NaN,
        "Total Operating Income As Reported": NaN,
        "Diluted Average Shares": NaN,
        "Basic Average Shares": NaN,
        "Diluted EPS": NaN,
        "Basic EPS": NaN,
        "Diluted NI Availto Com Stockholders": NaN,
        "Net Income Common Stockholders": NaN,
        "Net Income": NaN,
        "Net Income Including Noncontrolling Interests": NaN,
        "Net Income Continuous Operations": NaN,
        "Tax Provision": NaN,
        "Pretax Income": NaN,
        "Other Income Expense": NaN,
        "Other Non Operating Income Expenses": NaN,
        "Special Income Charges": NaN,
        "Gain On Sale Of Business": NaN,
        "Other Special Charges": -4874000.0,
        "Impairment Of Capital Assets": 0.0,
        "Gain On Sale Of Security": NaN,
        "Net Non Operating Interest Income Expense": NaN,
        "Interest Expense Non Operating": NaN,
        "Interest Income Non Operating": NaN,
        "Operating Income": NaN,
        "Operating Expense": NaN,
        "Other Operating Expenses": NaN,
        "Depreciation Amortization Depletion Income Statement": NaN,
        "Depreciation And Amortization In Income Statement": NaN,
        "Amortization": NaN,
        "Amortization Of Intangibles Income Statement": NaN,
        "Selling General And Administration": NaN,
        "Gross Profit": NaN,
        "Cost Of Revenue": NaN,
        "Total Revenue": NaN,
        "Operating Revenue": NaN
    },
    "2023-09-30": {
        "Tax Effect Of Unusual Items": NaN,
        "Tax Rate For Calcs": NaN,
        "Normalized EBITDA": NaN,
        "Total Unusual Items": NaN,
        "Total Unusual Items Excluding Goodwill": NaN,
        "Net Income From Continuing Operation Net Minority Interest": NaN,
        "Reconciled Depreciation": NaN,
        "Reconciled Cost Of Revenue": NaN,
        "EBITDA": NaN,
        "EBIT": NaN,
        "Net Interest Income": NaN,
        "Interest Expense": NaN,
        "Interest Income": NaN,
        "Normalized Income": NaN,
        "Net Income From Continuing And Discontinued Operation": NaN,
        "Total Expenses": NaN,
        "Total Operating Income As Reported": NaN,
        "Diluted Average Shares": NaN,
        "Basic Average Shares": NaN,
        "Diluted EPS": NaN,
        "Basic EPS": NaN,
        "Diluted NI Availto Com Stockholders": NaN,
        "Net Income Common Stockholders": NaN,
        "Net Income": NaN,
        "Net Income Including Noncontrolling Interests": NaN,
        "Net Income Continuous Operations": NaN,
        "Tax Provision": NaN,
        "Pretax Income": NaN,
        "Other Income Expense": NaN,
        "Other Non Operating Income Expenses": NaN,
        "Special Income Charges": NaN,
        "Gain On Sale Of Business": NaN,
        "Other Special Charges": NaN,
        "Impairment Of Capital Assets": 0.0,
        "Gain On Sale Of Security": NaN,
        "Net Non Operating Interest Income Expense": NaN,
        "Interest Expense Non Operating": NaN,
        "Interest Income Non Operating": NaN,
        "Operating Income": NaN,
        "Operating Expense": NaN,
        "Other Operating Expenses": NaN,
        "Depreciation Amortization Depletion Income Statement": NaN,
        "Depreciation And Amortization In Income Statement": NaN,
        "Amortization": NaN,
        "Amortization Of Intangibles Income Statement": NaN,
        "Selling General And Administration": NaN,
        "Gross Profit": NaN,
        "Cost Of Revenue": NaN,
        "Total Revenue": NaN,
        "Operating Revenue": NaN
    },
    "2023-12-31": {
        "Tax Effect Of Unusual Items": NaN,
        "Tax Rate For Calcs": NaN,
        "Normalized EBITDA": NaN,
        "Total Unusual Items": NaN,
        "Total Unusual Items Excluding Goodwill": NaN,
        "Net Income From Continuing Operation Net Minority Interest": NaN,
        "Reconciled Depreciation": NaN,
        "Reconciled Cost Of Revenue": NaN,
        "EBITDA": NaN,
        "EBIT": NaN,
        "Net Interest Income": NaN,
        "Interest Expense": NaN,
        "Interest Income": NaN,
        "Normalized Income": NaN,
        "Net Income From Continuing And Discontinued Operation": NaN,
        "Total Expenses": NaN,
        "Total Operating Income As Reported": NaN,
        "Diluted Average Shares": NaN,
        "Basic Average Shares": NaN,
        "Diluted EPS": NaN,
        "Basic EPS": NaN,
        "Diluted NI Availto Com Stockholders": NaN,
        "Net Income Common Stockholders": NaN,
        "Net Income": NaN,
        "Net Income Including Noncontrolling Interests": NaN,
        "Net Income Continuous Operations": NaN,
        "Tax Provision": NaN,
        "Pretax Income": NaN,
        "Other Income Expense": NaN,
        "Other Non Operating Income Expenses": NaN,
        "Special Income Charges": 118000.0,
        "Gain On Sale Of Business": 0.0,
        "Other Special Charges": 0.0,
        "Impairment Of Capital Assets": 0.0,
        "Gain On Sale Of Security": NaN,
        "Net Non Operating Interest Income Expense": NaN,
        "Interest Expense Non Operating": NaN,
        "Interest Income Non Operating": NaN,
        "Operating Income": NaN,
        "Operating Expense": NaN,
        "Other Operating Expenses": NaN,
        "Depreciation Amortization Depletion Income Statement": NaN,
        "Depreciation And Amortization In Income Statement": NaN,
        "Amortization": NaN,
        "Amortization Of Intangibles Income Statement": NaN,
        "Selling General And Administration": NaN,
        "Gross Profit": NaN,
        "Cost Of Revenue": NaN,
        "Total Revenue": NaN,
        "Operating Revenue": NaN
    },
    "2024-03-31": {
        "Tax Effect Of Unusual Items": NaN,
        "Tax Rate For Calcs": NaN,
        "Normalized EBITDA": NaN,
        "Total Unusual Items": NaN,
        "Total Unusual Items Excluding Goodwill": NaN,
        "Net Income From Continuing Operation Net Minority Interest": NaN,
        "Reconciled Depreciation": NaN,
        "Reconciled Cost Of Revenue": NaN,
        "EBITDA": NaN,
        "EBIT": NaN,
        "Net Interest Income": NaN,
        "Interest Expense": NaN,
        "Interest Income": NaN,
        "Normalized Income": NaN,
        "Net Income From Continuing And Discontinued Operation": NaN,
        "Total Expenses": NaN,
        "Total Operating Income As Reported": NaN,
        "Diluted Average Shares": NaN,
        "Basic Average Shares": NaN,
        "Diluted EPS": NaN,
        "Basic EPS": NaN,
        "Diluted NI Availto Com Stockholders": NaN,
        "Net Income Common Stockholders": NaN,
        "Net Income": NaN,
        "Net Income Including Noncontrolling Interests": NaN,
        "Net Income Continuous Operations": NaN,
        "Tax Provision": NaN,
        "Pretax Income": NaN,
        "Other Income Expense": NaN,
        "Other Non Operating Income Expenses": NaN,
        "Special Income Charges": 0.0,
        "Gain On Sale Of Business": 0.0,
        "Impairment Of Capital Assets": NaN,
        "Gain On Sale Of Security": NaN,
        "Net Non Operating Interest Income Expense": NaN,
        "Interest Expense Non Operating": NaN,
        "Interest Income Non Operating": NaN,
        "Operating Income": NaN,
        "Operating Expense": NaN,
        "Other Operating Expenses": NaN,
        "Depreciation Amortization Depletion Income Statement": NaN,
        "Depreciation And Amortization In Income Statement": NaN,
        "Amortization": NaN,
        "Amortization Of Intangibles Income Statement": NaN,
        "Selling General And Administration": NaN,
        "Gross Profit": NaN,
        "Cost Of Revenue": NaN,
        "Total Revenue": NaN,
        "Operating Revenue": NaN
    },
    "2024-06-30": {
        "Tax Effect Of Unusual Items": NaN,
        "Tax Rate For Calcs": NaN,
        "Normalized EBITDA": NaN,
        "Total Unusual Items": NaN,
        "Total Unusual Items Excluding Goodwill": NaN,
        "Net Income From Continuing Operation Net Minority Interest": NaN,
        "Reconciled Depreciation": NaN,
        "Reconciled Cost Of Revenue": NaN,
        "EBITDA": NaN,
        "EBIT": NaN,
        "Net Interest Income": NaN,
        "Interest Expense": NaN,
        "Interest Income": NaN,
        "Normalized Income": NaN,
        "Net Income From Continuing And Discontinued Operation": NaN,
        "Total Expenses": NaN,
        "Total Operating Income As Reported": NaN,
        "Diluted Average Shares": NaN,
        "Basic Average Shares": NaN,
        "Diluted EPS": NaN,
        "Basic EPS": NaN,
        "Diluted NI Availto Com Stockholders": NaN,
        "Net Income Common Stockholders": NaN,
        "Net Income": NaN,
        "Net Income Including Noncontrolling Interests": NaN,
        "Net Income Continuous Operations": NaN,
        "Tax Provision": NaN,
        "Pretax Income": NaN,
        "Other Income Expense": NaN,
        "Other Non Operating Income Expenses": NaN,
        "Special Income Charges": 0.0,
        "Gain On Sale Of Business": 0.0,
        "Impairment Of Capital Assets": NaN,
        "Gain On Sale Of Security": NaN,
        "Net Non Operating Interest Income Expense": NaN,
        "Interest Expense Non Operating": NaN,
        "Interest Income Non Operating": NaN,
        "Operating Income": NaN,
        "Operating Expense": NaN,
        "Other Operating Expenses": NaN,
        "Depreciation Amortization Depletion Income Statement": NaN,
        "Depreciation And Amortization In Income Statement": NaN,
        "Amortization": NaN,
        "Amortization Of Intangibles Income Statement": NaN,
        "Selling General And Administration": NaN,
        "Gross Profit": NaN,
        "Cost Of Revenue": NaN,
        "Total Revenue": NaN,
        "Operating Revenue": NaN
    },
    "2024-09-30": {
        "Tax Effect Of Unusual Items": 275319.0,
        "Tax Rate For Calcs": 0.243,
        "Normalized EBITDA": 220847000.0,
        "Total Unusual Items": 1133000.0,
        "Total Unusual Items Excluding Goodwill": 1133000.0,
        "Net Income From Continuing Operation Net Minority Interest": 132818000.0,
        "Reconciled Depreciation": 23783000.0,
        "Reconciled Cost Of Revenue": 762223000.0,
        "EBITDA": 221980000.0,
        "EBIT": 198197000.0,
        "Net Interest Income": -12387000.0,
        "Interest Expense": 22710000.0,
        "Interest Income": 10323000.0,
        "Normalized Income": 131960319.0,
        "Net Income From Continuing And Discontinued Operation": 132818000.0,
        "Total Expenses": 1029299000.0,
        "Total Operating Income As Reported": 181650000.0,
        "Diluted Average Shares": 179714223.0,
        "Basic Average Shares": 177595400.0,
        "Diluted EPS": 0.74,
        "Basic EPS": 0.75,
        "Diluted NI Availto Com Stockholders": 132818000.0,
        "Net Income Common Stockholders": 132818000.0,
        "Net Income": 132818000.0,
        "Net Income Including Noncontrolling Interests": 132818000.0,
        "Net Income Continuous Operations": 132818000.0,
        "Tax Provision": 42669000.0,
        "Pretax Income": 175487000.0,
        "Other Income Expense": 6224000.0,
        "Other Non Operating Income Expenses": 5091000.0,
        "Special Income Charges": 0.0,
        "Gain On Sale Of Business": 0.0,
        "Impairment Of Capital Assets": 0.0,
        "Gain On Sale Of Security": 1133000.0,
        "Net Non Operating Interest Income Expense": -12387000.0,
        "Interest Expense Non Operating": 22710000.0,
        "Interest Income Non Operating": 10323000.0,
        "Operating Income": 181650000.0,
        "Operating Expense": 249788000.0,
        "Other Operating Expenses": -22000.0,
        "Depreciation Amortization Depletion Income Statement": 6495000.0,
        "Depreciation And Amortization In Income Statement": 6495000.0,
        "Amortization": 6495000.0,
        "Amortization Of Intangibles Income Statement": 6495000.0,
        "Selling General And Administration": 243315000.0,
        "Gross Profit": 431438000.0,
        "Cost Of Revenue": 779511000.0,
        "Total Revenue": 1210949000.0,
        "Operating Revenue": 1210949000.0
    },
    "2024-12-31": {
        "Tax Effect Of Unusual Items": -330988.40305,
        "Tax Rate For Calcs": 0.222588,
        "Normalized EBITDA": 229101000.0,
        "Total Unusual Items": -1487000.0,
        "Total Unusual Items Excluding Goodwill": -1487000.0,
        "Net Income From Continuing Operation Net Minority Interest": 141915000.0,
        "Reconciled Depreciation": 24444000.0,
        "Reconciled Cost Of Revenue": 785021000.0,
        "EBITDA": 227614000.0,
        "EBIT": 203170000.0,
        "Net Interest Income": -11047000.0,
        "Interest Expense": 20622000.0,
        "Interest Income": 9575000.0,
        "Normalized Income": 143071011.59695,
        "Net Income From Continuing And Discontinued Operation": 141915000.0,
        "Total Expenses": 1058567000.0,
        "Total Operating Income As Reported": 190174000.0,
        "Diluted Average Shares": 179183557.0,
        "Basic Average Shares": 175880251.0,
        "Diluted EPS": 0.79,
        "Basic EPS": 0.81,
        "Diluted NI Availto Com Stockholders": 141915000.0,
        "Net Income Common Stockholders": 141915000.0,
        "Net Income": 141915000.0,
        "Net Income Including Noncontrolling Interests": 141915000.0,
        "Net Income Continuous Operations": 141915000.0,
        "Tax Provision": 40633000.0,
        "Pretax Income": 182548000.0,
        "Other Income Expense": 3421000.0,
        "Other Non Operating Income Expenses": 4908000.0,
        "Special Income Charges": 0.0,
        "Gain On Sale Of Business": 0.0,
        "Impairment Of Capital Assets": NaN,
        "Gain On Sale Of Security": -1487000.0,
        "Net Non Operating Interest Income Expense": -11047000.0,
        "Interest Expense Non Operating": 20622000.0,
        "Interest Income Non Operating": 9575000.0,
        "Operating Income": 190174000.0,
        "Operating Expense": 255598000.0,
        "Other Operating Expenses": -55000.0,
        "Depreciation Amortization Depletion Income Statement": 6496000.0,
        "Depreciation And Amortization In Income Statement": 6496000.0,
        "Amortization": 6496000.0,
        "Amortization Of Intangibles Income Statement": 6496000.0,
        "Selling General And Administration": 249157000.0,
        "Gross Profit": 445772000.0,
        "Cost Of Revenue": 802969000.0,
        "Total Revenue": 1248741000.0,
        "Operating Revenue": 1248741000.0
    },
    "2025-03-31": {
        "Tax Effect Of Unusual Items": 326117.0,
        "Tax Rate For Calcs": 0.253,
        "Normalized EBITDA": 212847000.0,
        "Total Unusual Items": 1289000.0,
        "Total Unusual Items Excluding Goodwill": 1289000.0,
        "Net Income From Continuing Operation Net Minority Interest": 130853000.0,
        "Reconciled Depreciation": 21212000.0,
        "Reconciled Cost Of Revenue": 769040000.0,
        "EBITDA": 214136000.0,
        "EBIT": 192924000.0,
        "Net Interest Income": -11446000.0,
        "Interest Expense": 17701000.0,
        "Interest Income": 6255000.0,
        "Normalized Income": 129890117.0,
        "Net Income From Continuing And Discontinued Operation": 130853000.0,
        "Total Expenses": 1031224000.0,
        "Total Operating Income As Reported": 183702000.0,
        "Diluted Average Shares": 178435142.0,
        "Basic Average Shares": 175528308.0,
        "Diluted EPS": 0.73,
        "Basic EPS": 0.75,
        "Diluted NI Availto Com Stockholders": 130853000.0,
        "Net Income Common Stockholders": 130853000.0,
        "Net Income": 130853000.0,
        "Net Income Including Noncontrolling Interests": 130853000.0,
        "Net Income Continuous Operations": 130853000.0,
        "Tax Provision": 44370000.0,
        "Pretax Income": 175223000.0,
        "Other Income Expense": 2967000.0,
        "Other Non Operating Income Expenses": 1678000.0,
        "Special Income Charges": NaN,
        "Gain On Sale Of Business": NaN,
        "Impairment Of Capital Assets": NaN,
        "Gain On Sale Of Security": 1289000.0,
        "Net Non Operating Interest Income Expense": -11446000.0,
        "Interest Expense Non Operating": 17701000.0,
        "Interest Income Non Operating": 6255000.0,
        "Operating Income": 183702000.0,
        "Operating Expense": 245292000.0,
        "Other Operating Expenses": -112000.0,
        "Depreciation Amortization Depletion Income Statement": 4320000.0,
        "Depreciation And Amortization In Income Statement": 4320000.0,
        "Amortization": 4320000.0,
        "Amortization Of Intangibles Income Statement": 4320000.0,
        "Selling General And Administration": 241084000.0,
        "Gross Profit": 428994000.0,
        "Cost Of Revenue": 785932000.0,
        "Total Revenue": 1214926000.0,
        "Operating Revenue": 1214926000.0
    },
    "2025-06-30": {
        "Tax Effect Of Unusual Items": 93624.0,
        "Tax Rate For Calcs": 0.249,
        "Normalized EBITDA": 215895000.0,
        "Total Unusual Items": 376000.0,
        "Total Unusual Items Excluding Goodwill": 376000.0,
        "Net Income From Continuing Operation Net Minority Interest": 132716000.0,
        "Reconciled Depreciation": 21514000.0,
        "Reconciled Cost Of Revenue": 787153000.0,
        "EBITDA": 216271000.0,
        "EBIT": 194757000.0,
        "Net Interest Income": -13485000.0,
        "Interest Expense": 18019000.0,
        "Interest Income": 4534000.0,
        "Normalized Income": 132433624.0,
        "Net Income From Continuing And Discontinued Operation": 132716000.0,
        "Total Expenses": 1075016000.0,
        "Total Operating Income As Reported": 179402000.0,
        "Diluted Average Shares": 177052346.0,
        "Basic Average Shares": 174611241.0,
        "Diluted EPS": 0.75,
        "Basic EPS": 0.76,
        "Diluted NI Availto Com Stockholders": 132716000.0,
        "Net Income Common Stockholders": 132716000.0,
        "Net Income": 132716000.0,
        "Net Income Including Noncontrolling Interests": 132716000.0,
        "Net Income Continuous Operations": 132716000.0,
        "Tax Provision": 44022000.0,
        "Pretax Income": 176738000.0,
        "Other Income Expense": 10821000.0,
        "Other Non Operating Income Expenses": 10445000.0,
        "Special Income Charges": NaN,
        "Gain On Sale Of Business": NaN,
        "Impairment Of Capital Assets": NaN,
        "Gain On Sale Of Security": 376000.0,
        "Net Non Operating Interest Income Expense": -13485000.0,
        "Interest Expense Non Operating": 18019000.0,
        "Interest Income Non Operating": 4534000.0,
        "Operating Income": 179402000.0,
        "Operating Expense": 270666000.0,
        "Other Operating Expenses": -44000.0,
        "Depreciation Amortization Depletion Income Statement": 4317000.0,
        "Depreciation And Amortization In Income Statement": 4317000.0,
        "Amortization": 4317000.0,
        "Amortization Of Intangibles Income Statement": 4317000.0,
        "Selling General And Administration": 266393000.0,
        "Gross Profit": 450068000.0,
        "Cost Of Revenue": 804350000.0,
        "Total Revenue": 1254418000.0,
        "Operating Revenue": 1254418000.0
    },
    "2025-09-30": {
        "Tax Effect Of Unusual Items": -932880.0,
        "Tax Rate For Calcs": 0.23,
        "Normalized EBITDA": 237533000.0,
        "Total Unusual Items": -4056000.0,
        "Total Unusual Items Excluding Goodwill": -4056000.0,
        "Net Income From Continuing Operation Net Minority Interest": 145831000.0,
        "Reconciled Depreciation": 26200000.0,
        "Reconciled Cost Of Revenue": 803686000.0,
        "EBITDA": 233477000.0,
        "EBIT": 207277000.0,
        "Net Interest Income": -12785000.0,
        "Interest Expense": 17925000.0,
        "Interest Income": 5140000.0,
        "Normalized Income": 148954120.0,
        "Net Income From Continuing And Discontinued Operation": 145831000.0,
        "Total Expenses": 1091881000.0,
        "Total Operating Income As Reported": 191642000.0,
        "Diluted Average Shares": 176104577.0,
        "Basic Average Shares": 173576957.0,
        "Diluted EPS": 0.83,
        "Basic EPS": 0.84,
        "Diluted NI Availto Com Stockholders": 145831000.0,
        "Net Income Common Stockholders": 145831000.0,
        "Net Income": 145831000.0,
        "Net Income Including Noncontrolling Interests": 145831000.0,
        "Net Income Continuous Operations": 145831000.0,
        "Tax Provision": 43521000.0,
        "Pretax Income": 189352000.0,
        "Other Income Expense": 2761000.0,
        "Other Non Operating Income Expenses": 6817000.0,
        "Special Income Charges": -7734000.0,
        "Gain On Sale Of Business": NaN,
        "Impairment Of Capital Assets": 7734000.0,
        "Gain On Sale Of Security": 3678000.0,
        "Net Non Operating Interest Income Expense": -12785000.0,
        "Interest Expense Non Operating": 17925000.0,
        "Interest Income Non Operating": 5140000.0,
        "Operating Income": 199376000.0,
        "Operating Expense": 270280000.0,
        "Other Operating Expenses": -110000.0,
        "Depreciation Amortization Depletion Income Statement": 8285000.0,
        "Depreciation And Amortization In Income Statement": 8285000.0,
        "Amortization": 8285000.0,
        "Amortization Of Intangibles Income Statement": 8285000.0,
        "Selling General And Administration": 262105000.0,
        "Gross Profit": 469656000.0,
        "Cost Of Revenue": 821601000.0,
        "Total Revenue": 1291257000.0,
        "Operating Revenue": 1291257000.0
    }
}