{
    "2023-03-31": {
        "Tax Effect Of Unusual Items": NaN,
        "Tax Rate For Calcs": NaN,
        "Normalized EBITDA": NaN,
        "Total Unusual Items": NaN,
        "Total Unusual Items Excluding Goodwill": NaN,
        "Net Income From Continuing Operation Net Minority Interest": NaN,
        "Reconciled Depreciation": NaN,
        "Reconciled Cost Of Revenue": NaN,
        "EBITDA": NaN,
        "EBIT": NaN,
        "Net Interest Income": NaN,
        "Interest Expense": NaN,
        "Interest Income": NaN,
        "Normalized Income": NaN,
        "Net Income From Continuing And Discontinued Operation": NaN,
        "Total Expenses": NaN,
        "Rent Expense Supplemental": NaN,
        "Total Operating Income As Reported": NaN,
        "Diluted Average Shares": NaN,
        "Basic Average Shares": NaN,
        "Diluted EPS": NaN,
        "Basic EPS": NaN,
        "Diluted NI Availto Com Stockholders": NaN,
        "Net Income Common Stockholders": NaN,
        "Net Income": NaN,
        "Net Income Including Noncontrolling Interests": NaN,
        "Net Income Continuous Operations": NaN,
        "Tax Provision": NaN,
        "Pretax Income": NaN,
        "Other Income Expense": NaN,
        "Special Income Charges": NaN,
        "Write Off": 649000.0,
        "Restructuring And Mergern Acquisition": NaN,
        "Gain On Sale Of Security": NaN,
        "Net Non Operating Interest Income Expense": NaN,
        "Total Other Finance Cost": NaN,
        "Interest Expense Non Operating": NaN,
        "Interest Income Non Operating": NaN,
        "Operating Income": NaN,
        "Operating Expense": NaN,
        "Other Operating Expenses": NaN,
        "Provision For Doubtful Accounts": NaN,
        "Depreciation Amortization Depletion Income Statement": NaN,
        "Depreciation And Amortization In Income Statement": NaN,
        "Amortization": NaN,
        "Amortization Of Intangibles Income Statement": NaN,
        "Depreciation Income Statement": NaN,
        "Research And Development": NaN,
        "Selling General And Administration": NaN,
        "Selling And Marketing Expense": NaN,
        "General And Administrative Expense": NaN,
        "Other Gand A": NaN,
        "Insurance And Claims": NaN,
        "Rent And Landing Fees": NaN,
        "Salaries And Wages": NaN,
        "Gross Profit": NaN,
        "Cost Of Revenue": NaN,
        "Total Revenue": NaN,
        "Operating Revenue": NaN
    },
    "2022-12-31": {
        "Tax Effect Of Unusual Items": NaN,
        "Tax Rate For Calcs": NaN,
        "Normalized EBITDA": NaN,
        "Total Unusual Items": NaN,
        "Total Unusual Items Excluding Goodwill": NaN,
        "Net Income From Continuing Operation Net Minority Interest": NaN,
        "Reconciled Depreciation": NaN,
        "Reconciled Cost Of Revenue": NaN,
        "EBITDA": NaN,
        "EBIT": NaN,
        "Net Interest Income": NaN,
        "Interest Expense": NaN,
        "Interest Income": NaN,
        "Normalized Income": NaN,
        "Net Income From Continuing And Discontinued Operation": NaN,
        "Total Expenses": NaN,
        "Rent Expense Supplemental": NaN,
        "Total Operating Income As Reported": NaN,
        "Diluted Average Shares": 36470341.0,
        "Basic Average Shares": 36470341.0,
        "Diluted EPS": -0.120893,
        "Basic EPS": -0.120893,
        "Diluted NI Availto Com Stockholders": NaN,
        "Net Income Common Stockholders": NaN,
        "Net Income": NaN,
        "Net Income Including Noncontrolling Interests": NaN,
        "Net Income Continuous Operations": NaN,
        "Tax Provision": NaN,
        "Pretax Income": NaN,
        "Other Income Expense": NaN,
        "Special Income Charges": NaN,
        "Write Off": NaN,
        "Restructuring And Mergern Acquisition": NaN,
        "Gain On Sale Of Security": NaN,
        "Net Non Operating Interest Income Expense": NaN,
        "Total Other Finance Cost": NaN,
        "Interest Expense Non Operating": NaN,
        "Interest Income Non Operating": NaN,
        "Operating Income": NaN,
        "Operating Expense": NaN,
        "Provision For Doubtful Accounts": NaN,
        "Depreciation Amortization Depletion Income Statement": NaN,
        "Depreciation And Amortization In Income Statement": NaN,
        "Amortization": NaN,
        "Amortization Of Intangibles Income Statement": NaN,
        "Depreciation Income Statement": NaN,
        "Research And Development": NaN,
        "Selling General And Administration": NaN,
        "Selling And Marketing Expense": NaN,
        "General And Administrative Expense": NaN,
        "Other Gand A": NaN,
        "Insurance And Claims": NaN,
        "Rent And Landing Fees": NaN,
        "Salaries And Wages": NaN,
        "Gross Profit": NaN,
        "Cost Of Revenue": NaN,
        "Total Revenue": NaN,
        "Operating Revenue": NaN
    },
    "2022-09-30": {
        "Tax Effect Of Unusual Items": NaN,
        "Tax Rate For Calcs": NaN,
        "Normalized EBITDA": NaN,
        "Total Unusual Items": NaN,
        "Total Unusual Items Excluding Goodwill": NaN,
        "Net Income From Continuing Operation Net Minority Interest": NaN,
        "Reconciled Depreciation": NaN,
        "Reconciled Cost Of Revenue": NaN,
        "EBITDA": NaN,
        "EBIT": NaN,
        "Net Interest Income": NaN,
        "Interest Expense": NaN,
        "Interest Income": NaN,
        "Normalized Income": NaN,
        "Net Income From Continuing And Discontinued Operation": NaN,
        "Total Expenses": NaN,
        "Rent Expense Supplemental": NaN,
        "Total Operating Income As Reported": NaN,
        "Diluted Average Shares": NaN,
        "Basic Average Shares": NaN,
        "Diluted EPS": NaN,
        "Basic EPS": NaN,
        "Diluted NI Availto Com Stockholders": NaN,
        "Net Income Common Stockholders": NaN,
        "Net Income": NaN,
        "Net Income Including Noncontrolling Interests": NaN,
        "Net Income Continuous Operations": NaN,
        "Tax Provision": NaN,
        "Pretax Income": NaN,
        "Other Income Expense": NaN,
        "Other Non Operating Income Expenses": -88000.0,
        "Special Income Charges": NaN,
        "Write Off": 299000.0,
        "Restructuring And Mergern Acquisition": NaN,
        "Gain On Sale Of Security": NaN,
        "Net Non Operating Interest Income Expense": NaN,
        "Total Other Finance Cost": NaN,
        "Interest Expense Non Operating": NaN,
        "Interest Income Non Operating": NaN,
        "Operating Income": NaN,
        "Operating Expense": NaN,
        "Provision For Doubtful Accounts": NaN,
        "Depreciation Amortization Depletion Income Statement": NaN,
        "Depreciation And Amortization In Income Statement": NaN,
        "Amortization": NaN,
        "Amortization Of Intangibles Income Statement": NaN,
        "Depreciation Income Statement": NaN,
        "Research And Development": NaN,
        "Selling General And Administration": NaN,
        "Selling And Marketing Expense": NaN,
        "General And Administrative Expense": NaN,
        "Other Gand A": NaN,
        "Insurance And Claims": NaN,
        "Rent And Landing Fees": NaN,
        "Salaries And Wages": NaN,
        "Gross Profit": NaN,
        "Cost Of Revenue": NaN,
        "Total Revenue": NaN,
        "Operating Revenue": NaN
    },
    "2022-06-30": {
        "Tax Effect Of Unusual Items": -1139600.0,
        "Tax Rate For Calcs": 0.4,
        "Normalized EBITDA": 6043000.0,
        "Total Unusual Items": -2849000.0,
        "Total Unusual Items Excluding Goodwill": -2849000.0,
        "Net Income From Continuing Operation Net Minority Interest": 56000.0,
        "Reconciled Depreciation": 1952000.0,
        "Reconciled Cost Of Revenue": 495000.0,
        "EBITDA": 3194000.0,
        "EBIT": 1242000.0,
        "Net Interest Income": 2435000.0,
        "Interest Expense": 1056000.0,
        "Interest Income": 3491000.0,
        "Normalized Income": 1765400.0,
        "Net Income From Continuing And Discontinued Operation": 56000.0,
        "Total Expenses": 15324000.0,
        "Rent Expense Supplemental": 203000.0,
        "Total Operating Income As Reported": -2249000.0,
        "Diluted Average Shares": 36444877.0,
        "Basic Average Shares": 36444877.0,
        "Diluted EPS": 0.001537,
        "Basic EPS": 0.001537,
        "Diluted NI Availto Com Stockholders": 56000.0,
        "Net Income Common Stockholders": 56000.0,
        "Net Income": 56000.0,
        "Net Income Including Noncontrolling Interests": 56000.0,
        "Net Income Continuous Operations": 56000.0,
        "Tax Provision": 130000.0,
        "Pretax Income": 186000.0,
        "Other Income Expense": -2849000.0,
        "Other Non Operating Income Expenses": NaN,
        "Special Income Charges": -2849000.0,
        "Write Off": NaN,
        "Restructuring And Mergern Acquisition": 2849000.0,
        "Gain On Sale Of Security": -658000.0,
        "Net Non Operating Interest Income Expense": 2435000.0,
        "Total Other Finance Cost": 53000.0,
        "Interest Expense Non Operating": 1056000.0,
        "Interest Income Non Operating": 3491000.0,
        "Operating Income": 600000.0,
        "Operating Expense": 14829000.0,
        "Provision For Doubtful Accounts": 72000.0,
        "Depreciation Amortization Depletion Income Statement": 1852000.0,
        "Depreciation And Amortization In Income Statement": 1852000.0,
        "Amortization": 1707000.0,
        "Amortization Of Intangibles Income Statement": 1707000.0,
        "Depreciation Income Statement": 145000.0,
        "Research And Development": 1499000.0,
        "Selling General And Administration": 13258000.0,
        "Selling And Marketing Expense": 8454000.0,
        "General And Administrative Expense": 4804000.0,
        "Other Gand A": 4804000.0,
        "Insurance And Claims": 170000.0,
        "Rent And Landing Fees": 203000.0,
        "Salaries And Wages": 7015000.0,
        "Gross Profit": 15429000.0,
        "Cost Of Revenue": 495000.0,
        "Total Revenue": 15924000.0,
        "Operating Revenue": 15924000.0
    },
    "2022-03-31": {
        "Diluted EPS": 0.12,
        "Total Revenue": 20,
        "Gross Profit": 18,
        "Operating Income": 4,
        "EBIT": 6,
        "Net Income": 4
    },
    "2021-12-31": {
        "Diluted EPS": 0.02,
        "Total Revenue": 10,
        "Gross Profit": 10,
        "Operating Income": 1,
        "EBIT": 1,
        "Net Income": 1
    },
    "2021-09-30": {
        "Diluted EPS": 0.13,
        "Total Revenue": 10,
        "Gross Profit": 10,
        "Operating Income": 2,
        "EBIT": 3,
        "Net Income": 5
    },
    "2021-06-30": {
        "Diluted EPS": 0.08,
        "Total Revenue": 10,
        "Gross Profit": 10,
        "Operating Income": 3,
        "EBIT": 4,
        "Net Income": 2
    },
    "2021-03-31": {
        "Diluted EPS": 0.14,
        "Total Revenue": 12,
        "Gross Profit": 12,
        "Operating Income": 5,
        "EBIT": 6,
        "Net Income": 4
    },
    "2020-12-31": {
        "Diluted EPS": 0.28,
        "Total Revenue": 10,
        "Gross Profit": 10,
        "Operating Income": 4,
        "EBIT": 5,
        "Net Income": 9
    },
    "2020-09-30": {
        "Diluted EPS": 0.08,
        "Total Revenue": 7,
        "Gross Profit": 7,
        "Operating Income": 3,
        "EBIT": 4,
        "Net Income": 2
    },
    "2020-06-30": {
        "Diluted EPS": -0.02,
        "Total Revenue": 6,
        "Gross Profit": 6,
        "Operating Income": 3,
        "EBIT": 4,
        "Net Income": 0
    },
    "2020-03-31": {
        "Diluted EPS": 0.15,
        "Total Revenue": 4,
        "Gross Profit": 4,
        "Operating Income": 0,
        "EBIT": 1,
        "Net Income": 5
    },
    "2019-12-31": {
        "Diluted EPS": 0.0,
        "Total Revenue": NaN,
        "Gross Profit": NaN,
        "Operating Income": NaN,
        "EBIT": NaN,
        "Net Income": NaN
    },
    "2023-06-30": {
        "Tax Effect Of Unusual Items": NaN,
        "Tax Rate For Calcs": NaN,
        "Normalized EBITDA": NaN,
        "Total Unusual Items": NaN,
        "Total Unusual Items Excluding Goodwill": NaN,
        "Net Income From Continuing Operation Net Minority Interest": NaN,
        "Reconciled Depreciation": NaN,
        "Reconciled Cost Of Revenue": NaN,
        "EBITDA": NaN,
        "EBIT": NaN,
        "Net Interest Income": NaN,
        "Interest Expense": NaN,
        "Interest Income": NaN,
        "Normalized Income": NaN,
        "Net Income From Continuing And Discontinued Operation": NaN,
        "Total Expenses": NaN,
        "Rent Expense Supplemental": NaN,
        "Total Operating Income As Reported": NaN,
        "Diluted Average Shares": NaN,
        "Basic Average Shares": NaN,
        "Diluted EPS": NaN,
        "Basic EPS": NaN,
        "Diluted NI Availto Com Stockholders": NaN,
        "Net Income Common Stockholders": NaN,
        "Net Income": NaN,
        "Net Income Including Noncontrolling Interests": NaN,
        "Net Income Continuous Operations": NaN,
        "Tax Provision": NaN,
        "Pretax Income": NaN,
        "Other Income Expense": NaN,
        "Special Income Charges": NaN,
        "Restructuring And Mergern Acquisition": NaN,
        "Gain On Sale Of Security": NaN,
        "Net Non Operating Interest Income Expense": NaN,
        "Total Other Finance Cost": NaN,
        "Interest Expense Non Operating": NaN,
        "Interest Income Non Operating": NaN,
        "Operating Income": NaN,
        "Operating Expense": NaN,
        "Other Operating Expenses": NaN,
        "Provision For Doubtful Accounts": NaN,
        "Depreciation Amortization Depletion Income Statement": NaN,
        "Depreciation And Amortization In Income Statement": NaN,
        "Amortization": NaN,
        "Amortization Of Intangibles Income Statement": NaN,
        "Depreciation Income Statement": NaN,
        "Research And Development": 2464000.0,
        "Selling General And Administration": NaN,
        "Selling And Marketing Expense": NaN,
        "General And Administrative Expense": NaN,
        "Other Gand A": NaN,
        "Insurance And Claims": NaN,
        "Rent And Landing Fees": NaN,
        "Salaries And Wages": NaN,
        "Gross Profit": NaN,
        "Cost Of Revenue": NaN,
        "Total Revenue": NaN,
        "Operating Revenue": NaN
    },
    "2023-09-30": {
        "Tax Effect Of Unusual Items": NaN,
        "Tax Rate For Calcs": NaN,
        "Normalized EBITDA": NaN,
        "Total Unusual Items": NaN,
        "Total Unusual Items Excluding Goodwill": NaN,
        "Net Income From Continuing Operation Net Minority Interest": NaN,
        "Reconciled Depreciation": NaN,
        "Reconciled Cost Of Revenue": NaN,
        "EBITDA": NaN,
        "EBIT": NaN,
        "Net Interest Income": NaN,
        "Interest Expense": NaN,
        "Interest Income": NaN,
        "Normalized Income": NaN,
        "Net Income From Continuing And Discontinued Operation": NaN,
        "Total Expenses": NaN,
        "Rent Expense Supplemental": 156000.0,
        "Total Operating Income As Reported": NaN,
        "Diluted Average Shares": NaN,
        "Basic Average Shares": NaN,
        "Diluted EPS": NaN,
        "Basic EPS": NaN,
        "Diluted NI Availto Com Stockholders": NaN,
        "Net Income Common Stockholders": NaN,
        "Net Income": NaN,
        "Net Income Including Noncontrolling Interests": NaN,
        "Net Income Continuous Operations": NaN,
        "Tax Provision": NaN,
        "Pretax Income": NaN,
        "Other Income Expense": NaN,
        "Special Income Charges": NaN,
        "Write Off": NaN,
        "Restructuring And Mergern Acquisition": NaN,
        "Gain On Sale Of Security": 878000.0,
        "Net Non Operating Interest Income Expense": NaN,
        "Total Other Finance Cost": 17000.0,
        "Interest Expense Non Operating": NaN,
        "Interest Income Non Operating": NaN,
        "Operating Income": NaN,
        "Operating Expense": NaN,
        "Other Operating Expenses": NaN,
        "Provision For Doubtful Accounts": NaN,
        "Depreciation Amortization Depletion Income Statement": 495000.0,
        "Depreciation And Amortization In Income Statement": 495000.0,
        "Amortization": 321000.0,
        "Amortization Of Intangibles Income Statement": 321000.0,
        "Depreciation Income Statement": 174000.0,
        "Research And Development": 2525000.0,
        "Selling General And Administration": NaN,
        "Selling And Marketing Expense": NaN,
        "General And Administrative Expense": NaN,
        "Other Gand A": NaN,
        "Insurance And Claims": 149000.0,
        "Rent And Landing Fees": 156000.0,
        "Salaries And Wages": 10250000.0,
        "Gross Profit": NaN,
        "Cost Of Revenue": NaN,
        "Total Revenue": NaN,
        "Operating Revenue": NaN
    },
    "2023-12-31": {
        "Tax Effect Of Unusual Items": NaN,
        "Tax Rate For Calcs": NaN,
        "Normalized EBITDA": NaN,
        "Total Unusual Items": NaN,
        "Total Unusual Items Excluding Goodwill": NaN,
        "Net Income From Continuing Operation Net Minority Interest": NaN,
        "Reconciled Depreciation": NaN,
        "Reconciled Cost Of Revenue": NaN,
        "EBITDA": NaN,
        "EBIT": NaN,
        "Net Interest Income": NaN,
        "Interest Expense": NaN,
        "Interest Income": NaN,
        "Normalized Income": NaN,
        "Net Income From Continuing And Discontinued Operation": NaN,
        "Total Expenses": NaN,
        "Rent Expense Supplemental": NaN,
        "Total Operating Income As Reported": NaN,
        "Diluted Average Shares": NaN,
        "Basic Average Shares": NaN,
        "Diluted EPS": NaN,
        "Basic EPS": NaN,
        "Diluted NI Availto Com Stockholders": NaN,
        "Net Income Common Stockholders": NaN,
        "Net Income": NaN,
        "Net Income Including Noncontrolling Interests": NaN,
        "Net Income Continuous Operations": NaN,
        "Tax Provision": NaN,
        "Pretax Income": NaN,
        "Other Income Expense": NaN,
        "Special Income Charges": NaN,
        "Write Off": NaN,
        "Restructuring And Mergern Acquisition": NaN,
        "Gain On Sale Of Security": NaN,
        "Net Non Operating Interest Income Expense": NaN,
        "Total Other Finance Cost": NaN,
        "Interest Expense Non Operating": NaN,
        "Interest Income Non Operating": NaN,
        "Operating Income": NaN,
        "Operating Expense": NaN,
        "Other Operating Expenses": NaN,
        "Provision For Doubtful Accounts": NaN,
        "Depreciation Amortization Depletion Income Statement": NaN,
        "Depreciation And Amortization In Income Statement": NaN,
        "Amortization": NaN,
        "Amortization Of Intangibles Income Statement": NaN,
        "Depreciation Income Statement": NaN,
        "Research And Development": 3058000.0,
        "Selling General And Administration": NaN,
        "Selling And Marketing Expense": NaN,
        "General And Administrative Expense": NaN,
        "Other Gand A": NaN,
        "Insurance And Claims": NaN,
        "Rent And Landing Fees": NaN,
        "Salaries And Wages": NaN,
        "Gross Profit": NaN,
        "Cost Of Revenue": NaN,
        "Total Revenue": NaN,
        "Operating Revenue": NaN
    },
    "2024-03-31": {
        "Tax Effect Of Unusual Items": NaN,
        "Tax Rate For Calcs": NaN,
        "Normalized EBITDA": NaN,
        "Total Unusual Items": NaN,
        "Total Unusual Items Excluding Goodwill": NaN,
        "Net Income From Continuing Operation Net Minority Interest": NaN,
        "Reconciled Depreciation": NaN,
        "Reconciled Cost Of Revenue": NaN,
        "EBITDA": NaN,
        "EBIT": NaN,
        "Net Interest Income": NaN,
        "Interest Expense": NaN,
        "Interest Income": NaN,
        "Normalized Income": NaN,
        "Net Income From Continuing And Discontinued Operation": NaN,
        "Total Expenses": NaN,
        "Rent Expense Supplemental": NaN,
        "Total Operating Income As Reported": NaN,
        "Diluted Average Shares": NaN,
        "Basic Average Shares": NaN,
        "Diluted EPS": NaN,
        "Basic EPS": NaN,
        "Diluted NI Availto Com Stockholders": NaN,
        "Net Income Common Stockholders": NaN,
        "Net Income": NaN,
        "Net Income Including Noncontrolling Interests": NaN,
        "Net Income Continuous Operations": NaN,
        "Tax Provision": NaN,
        "Pretax Income": NaN,
        "Other Income Expense": NaN,
        "Special Income Charges": NaN,
        "Write Off": -40000.0,
        "Restructuring And Mergern Acquisition": NaN,
        "Gain On Sale Of Security": NaN,
        "Net Non Operating Interest Income Expense": NaN,
        "Total Other Finance Cost": NaN,
        "Interest Expense Non Operating": NaN,
        "Interest Income Non Operating": NaN,
        "Operating Income": NaN,
        "Operating Expense": NaN,
        "Other Operating Expenses": NaN,
        "Provision For Doubtful Accounts": NaN,
        "Depreciation Amortization Depletion Income Statement": NaN,
        "Depreciation And Amortization In Income Statement": NaN,
        "Amortization": NaN,
        "Amortization Of Intangibles Income Statement": NaN,
        "Depreciation Income Statement": NaN,
        "Research And Development": 3215000.0,
        "Selling General And Administration": NaN,
        "Selling And Marketing Expense": NaN,
        "General And Administrative Expense": NaN,
        "Other Gand A": NaN,
        "Insurance And Claims": NaN,
        "Rent And Landing Fees": NaN,
        "Salaries And Wages": NaN,
        "Gross Profit": NaN,
        "Cost Of Revenue": NaN,
        "Total Revenue": NaN,
        "Operating Revenue": NaN
    },
    "2024-06-30": {
        "Tax Effect Of Unusual Items": NaN,
        "Tax Rate For Calcs": NaN,
        "Normalized EBITDA": NaN,
        "Total Unusual Items": NaN,
        "Total Unusual Items Excluding Goodwill": NaN,
        "Net Income From Continuing Operation Net Minority Interest": NaN,
        "Reconciled Depreciation": NaN,
        "Reconciled Cost Of Revenue": NaN,
        "EBITDA": NaN,
        "EBIT": NaN,
        "Net Interest Income": NaN,
        "Interest Expense": NaN,
        "Interest Income": NaN,
        "Normalized Income": NaN,
        "Net Income From Continuing And Discontinued Operation": NaN,
        "Total Expenses": NaN,
        "Rent Expense Supplemental": 126000.0,
        "Total Operating Income As Reported": NaN,
        "Diluted Average Shares": NaN,
        "Basic Average Shares": NaN,
        "Diluted EPS": NaN,
        "Basic EPS": NaN,
        "Diluted NI Availto Com Stockholders": NaN,
        "Net Income Common Stockholders": NaN,
        "Net Income": NaN,
        "Net Income Including Noncontrolling Interests": NaN,
        "Net Income Continuous Operations": NaN,
        "Tax Provision": NaN,
        "Pretax Income": NaN,
        "Other Income Expense": NaN,
        "Special Income Charges": NaN,
        "Write Off": NaN,
        "Restructuring And Mergern Acquisition": NaN,
        "Gain On Sale Of Security": 198000.0,
        "Net Non Operating Interest Income Expense": NaN,
        "Total Other Finance Cost": 24000.0,
        "Interest Expense Non Operating": NaN,
        "Interest Income Non Operating": NaN,
        "Operating Income": NaN,
        "Operating Expense": NaN,
        "Other Operating Expenses": NaN,
        "Provision For Doubtful Accounts": NaN,
        "Depreciation Amortization Depletion Income Statement": 1314000.0,
        "Depreciation And Amortization In Income Statement": 1314000.0,
        "Amortization": 1057000.0,
        "Amortization Of Intangibles Income Statement": 1057000.0,
        "Depreciation Income Statement": 257000.0,
        "Research And Development": 3094000.0,
        "Selling General And Administration": NaN,
        "Selling And Marketing Expense": NaN,
        "General And Administrative Expense": NaN,
        "Other Gand A": NaN,
        "Insurance And Claims": 96000.0,
        "Rent And Landing Fees": 126000.0,
        "Salaries And Wages": 11429000.0,
        "Gross Profit": NaN,
        "Cost Of Revenue": NaN,
        "Total Revenue": NaN,
        "Operating Revenue": NaN
    },
    "2024-09-30": {
        "Tax Effect Of Unusual Items": 0.0,
        "Tax Rate For Calcs": 0.065151,
        "Normalized EBITDA": 11955000.0,
        "Total Unusual Items": 0.0,
        "Total Unusual Items Excluding Goodwill": 0.0,
        "Net Income From Continuing Operation Net Minority Interest": 8509000.0,
        "Reconciled Depreciation": 1801000.0,
        "Reconciled Cost Of Revenue": 1683000.0,
        "EBITDA": 11955000.0,
        "EBIT": 10154000.0,
        "Net Interest Income": -501000.0,
        "Interest Expense": 1052000.0,
        "Interest Income": 551000.0,
        "Normalized Income": 8509000.0,
        "Net Income From Continuing And Discontinued Operation": 8509000.0,
        "Total Expenses": 22515000.0,
        "Rent Expense Supplemental": 18000.0,
        "Total Operating Income As Reported": 9603000.0,
        "Diluted Average Shares": 35833767.0,
        "Basic Average Shares": 35592252.0,
        "Diluted EPS": 0.24,
        "Basic EPS": 0.24,
        "Diluted NI Availto Com Stockholders": 8509000.0,
        "Net Income Common Stockholders": 8509000.0,
        "Net Income": 8509000.0,
        "Net Income Including Noncontrolling Interests": 8509000.0,
        "Net Income Continuous Operations": 8509000.0,
        "Tax Provision": 593000.0,
        "Pretax Income": 9102000.0,
        "Other Income Expense": 385000.0,
        "Special Income Charges": 0.0,
        "Write Off": NaN,
        "Restructuring And Mergern Acquisition": 0.0,
        "Gain On Sale Of Security": 385000.0,
        "Net Non Operating Interest Income Expense": -501000.0,
        "Total Other Finance Cost": 54000.0,
        "Interest Expense Non Operating": 1052000.0,
        "Interest Income Non Operating": 551000.0,
        "Operating Income": 9603000.0,
        "Operating Expense": 20832000.0,
        "Other Operating Expenses": 3616000.0,
        "Provision For Doubtful Accounts": 360000.0,
        "Depreciation Amortization Depletion Income Statement": 1801000.0,
        "Depreciation And Amortization In Income Statement": 1801000.0,
        "Amortization": 1404000.0,
        "Amortization Of Intangibles Income Statement": 1404000.0,
        "Depreciation Income Statement": 397000.0,
        "Research And Development": NaN,
        "Selling General And Administration": 16856000.0,
        "Selling And Marketing Expense": 10815000.0,
        "General And Administrative Expense": 6041000.0,
        "Other Gand A": 6041000.0,
        "Insurance And Claims": 107000.0,
        "Rent And Landing Fees": 18000.0,
        "Salaries And Wages": 13006000.0,
        "Gross Profit": 30435000.0,
        "Cost Of Revenue": 1683000.0,
        "Total Revenue": 32118000.0,
        "Operating Revenue": 32118000.0
    },
    "2024-12-31": {
        "Tax Effect Of Unusual Items": -212789.029536,
        "Tax Rate For Calcs": 0.119143,
        "Normalized EBITDA": 13342000.0,
        "Total Unusual Items": -1786000.0,
        "Total Unusual Items Excluding Goodwill": -1786000.0,
        "Net Income From Continuing Operation Net Minority Interest": 7933000.0,
        "Reconciled Depreciation": 1756000.0,
        "Reconciled Cost Of Revenue": 2185000.0,
        "EBITDA": 11556000.0,
        "EBIT": 9800000.0,
        "Net Interest Income": -862000.0,
        "Interest Expense": 794000.0,
        "Interest Income": 19000.0,
        "Normalized Income": 9506210.970464,
        "Net Income From Continuing And Discontinued Operation": 7933000.0,
        "Total Expenses": 23654000.0,
        "Rent Expense Supplemental": 19000.0,
        "Total Operating Income As Reported": 9860000.0,
        "Diluted Average Shares": 35188864.0,
        "Basic Average Shares": 34747779.0,
        "Diluted EPS": 0.23,
        "Basic EPS": 0.23,
        "Diluted NI Availto Com Stockholders": 7933000.0,
        "Net Income Common Stockholders": 7933000.0,
        "Net Income": 7933000.0,
        "Net Income Including Noncontrolling Interests": 7933000.0,
        "Net Income Continuous Operations": 7933000.0,
        "Tax Provision": 1073000.0,
        "Pretax Income": 9006000.0,
        "Other Income Expense": -1786000.0,
        "Special Income Charges": -1794000.0,
        "Write Off": NaN,
        "Restructuring And Mergern Acquisition": 1794000.0,
        "Gain On Sale Of Security": 8000.0,
        "Net Non Operating Interest Income Expense": -862000.0,
        "Total Other Finance Cost": 87000.0,
        "Interest Expense Non Operating": 794000.0,
        "Interest Income Non Operating": 19000.0,
        "Operating Income": 11654000.0,
        "Operating Expense": 21469000.0,
        "Other Operating Expenses": 966000.0,
        "Provision For Doubtful Accounts": -581000.0,
        "Depreciation Amortization Depletion Income Statement": 1756000.0,
        "Depreciation And Amortization In Income Statement": 1756000.0,
        "Amortization": 1356000.0,
        "Amortization Of Intangibles Income Statement": 1356000.0,
        "Depreciation Income Statement": 400000.0,
        "Research And Development": NaN,
        "Selling General And Administration": 19328000.0,
        "Selling And Marketing Expense": 3124000.0,
        "General And Administrative Expense": 16204000.0,
        "Other Gand A": 1898000.0,
        "Insurance And Claims": 105000.0,
        "Rent And Landing Fees": 19000.0,
        "Salaries And Wages": 14182000.0,
        "Gross Profit": 33123000.0,
        "Cost Of Revenue": 2185000.0,
        "Total Revenue": 35308000.0,
        "Operating Revenue": 35308000.0
    },
    "2025-03-31": {
        "Tax Effect Of Unusual Items": 723030.0,
        "Tax Rate For Calcs": 0.21,
        "Normalized EBITDA": 14044000.0,
        "Total Unusual Items": 3443000.0,
        "Total Unusual Items Excluding Goodwill": 3443000.0,
        "Net Income From Continuing Operation Net Minority Interest": 11236000.0,
        "Reconciled Depreciation": 3776000.0,
        "Reconciled Cost Of Revenue": 2246000.0,
        "EBITDA": 17487000.0,
        "EBIT": 13711000.0,
        "Net Interest Income": -2848000.0,
        "Interest Expense": 2762000.0,
        "Interest Income": 36000.0,
        "Normalized Income": 8516030.0,
        "Net Income From Continuing And Discontinued Operation": 11236000.0,
        "Total Expenses": 30281000.0,
        "Rent Expense Supplemental": 39000.0,
        "Total Operating Income As Reported": 10029000.0,
        "Diluted Average Shares": 36219725.0,
        "Basic Average Shares": 35572365.0,
        "Diluted EPS": 0.31,
        "Basic EPS": 0.32,
        "Diluted NI Availto Com Stockholders": 11236000.0,
        "Net Income Common Stockholders": 11236000.0,
        "Net Income": 11236000.0,
        "Net Income Including Noncontrolling Interests": 11236000.0,
        "Net Income Continuous Operations": 11236000.0,
        "Tax Provision": -287000.0,
        "Pretax Income": 10949000.0,
        "Other Income Expense": 3443000.0,
        "Special Income Charges": -325000.0,
        "Write Off": 329000.0,
        "Restructuring And Mergern Acquisition": 325000.0,
        "Gain On Sale Of Security": 3768000.0,
        "Net Non Operating Interest Income Expense": -2848000.0,
        "Total Other Finance Cost": 122000.0,
        "Interest Expense Non Operating": 2762000.0,
        "Interest Income Non Operating": 36000.0,
        "Operating Income": 10354000.0,
        "Operating Expense": 28035000.0,
        "Other Operating Expenses": 1025000.0,
        "Provision For Doubtful Accounts": 329000.0,
        "Depreciation Amortization Depletion Income Statement": 3776000.0,
        "Depreciation And Amortization In Income Statement": 3776000.0,
        "Amortization": 3379000.0,
        "Amortization Of Intangibles Income Statement": 3379000.0,
        "Depreciation Income Statement": 397000.0,
        "Research And Development": NaN,
        "Selling General And Administration": 22905000.0,
        "Selling And Marketing Expense": 4223000.0,
        "General And Administrative Expense": 18682000.0,
        "Other Gand A": 2421000.0,
        "Insurance And Claims": 109000.0,
        "Rent And Landing Fees": 39000.0,
        "Salaries And Wages": 16113000.0,
        "Gross Profit": 38389000.0,
        "Cost Of Revenue": 2246000.0,
        "Total Revenue": 40635000.0,
        "Operating Revenue": 40635000.0
    },
    "2025-06-30": {
        "Tax Effect Of Unusual Items": -3678570.0,
        "Tax Rate For Calcs": 0.21,
        "Normalized EBITDA": 10396000.0,
        "Total Unusual Items": -17517000.0,
        "Total Unusual Items Excluding Goodwill": -17517000.0,
        "Net Income From Continuing Operation Net Minority Interest": -13415000.0,
        "Reconciled Depreciation": 3373000.0,
        "Reconciled Cost Of Revenue": 1449000.0,
        "EBITDA": -7121000.0,
        "EBIT": -10494000.0,
        "Net Interest Income": -1908000.0,
        "Interest Expense": 1763000.0,
        "Interest Income": 54000.0,
        "Normalized Income": 423430.0,
        "Net Income From Continuing And Discontinued Operation": -13415000.0,
        "Total Expenses": 32426000.0,
        "Rent Expense Supplemental": 10000.0,
        "Total Operating Income As Reported": -14369000.0,
        "Diluted Average Shares": 35679467.0,
        "Basic Average Shares": 35679467.0,
        "Diluted EPS": -0.38,
        "Basic EPS": -0.38,
        "Diluted NI Availto Com Stockholders": -13415000.0,
        "Net Income Common Stockholders": -13415000.0,
        "Net Income": -13415000.0,
        "Net Income Including Noncontrolling Interests": -13415000.0,
        "Net Income Continuous Operations": -13415000.0,
        "Tax Provision": 1158000.0,
        "Pretax Income": -12257000.0,
        "Other Income Expense": -17517000.0,
        "Special Income Charges": -21537000.0,
        "Write Off": NaN,
        "Restructuring And Mergern Acquisition": 21537000.0,
        "Gain On Sale Of Security": 4020000.0,
        "Net Non Operating Interest Income Expense": -1908000.0,
        "Total Other Finance Cost": 199000.0,
        "Interest Expense Non Operating": 1763000.0,
        "Interest Income Non Operating": 54000.0,
        "Operating Income": 7168000.0,
        "Operating Expense": 29713000.0,
        "Other Operating Expenses": 6141000.0,
        "Provision For Doubtful Accounts": 142000.0,
        "Depreciation Amortization Depletion Income Statement": 2109000.0,
        "Depreciation And Amortization In Income Statement": 2109000.0,
        "Amortization": 1653000.0,
        "Amortization Of Intangibles Income Statement": 1653000.0,
        "Depreciation Income Statement": 456000.0,
        "Research And Development": NaN,
        "Selling General And Administration": 21321000.0,
        "Selling And Marketing Expense": 4476000.0,
        "General And Administrative Expense": 16845000.0,
        "Other Gand A": 2044000.0,
        "Insurance And Claims": 106000.0,
        "Rent And Landing Fees": 10000.0,
        "Salaries And Wages": 14685000.0,
        "Gross Profit": 36881000.0,
        "Cost Of Revenue": 2713000.0,
        "Total Revenue": 39594000.0,
        "Operating Revenue": 39594000.0
    },
    "2025-09-30": {
        "Tax Effect Of Unusual Items": -1581510.0,
        "Tax Rate For Calcs": 0.21,
        "Normalized EBITDA": 10176000.0,
        "Total Unusual Items": -7531000.0,
        "Total Unusual Items Excluding Goodwill": -7531000.0,
        "Net Income From Continuing Operation Net Minority Interest": -3860000.0,
        "Reconciled Depreciation": 3577000.0,
        "Reconciled Cost Of Revenue": 3410000.0,
        "EBITDA": 2645000.0,
        "EBIT": -932000.0,
        "Net Interest Income": -2017000.0,
        "Interest Expense": 2529000.0,
        "Interest Income": 512000.0,
        "Normalized Income": 2089490.0,
        "Net Income From Continuing And Discontinued Operation": -3860000.0,
        "Total Expenses": 32895000.0,
        "Rent Expense Supplemental": NaN,
        "Total Operating Income As Reported": -1444000.0,
        "Diluted Average Shares": 35582412.0,
        "Basic Average Shares": 35582412.0,
        "Diluted EPS": -0.11,
        "Basic EPS": -0.11,
        "Diluted NI Availto Com Stockholders": -3860000.0,
        "Net Income Common Stockholders": -3860000.0,
        "Net Income": -3860000.0,
        "Net Income Including Noncontrolling Interests": -3860000.0,
        "Net Income Continuous Operations": -3860000.0,
        "Tax Provision": 399000.0,
        "Pretax Income": -3461000.0,
        "Other Income Expense": -7531000.0,
        "Special Income Charges": -7531000.0,
        "Write Off": NaN,
        "Restructuring And Mergern Acquisition": 7531000.0,
        "Gain On Sale Of Security": NaN,
        "Net Non Operating Interest Income Expense": -2017000.0,
        "Total Other Finance Cost": NaN,
        "Interest Expense Non Operating": 2529000.0,
        "Interest Income Non Operating": 512000.0,
        "Operating Income": 6087000.0,
        "Operating Expense": 29485000.0,
        "Other Operating Expenses": 6049000.0,
        "Provision For Doubtful Accounts": -124000.0,
        "Depreciation Amortization Depletion Income Statement": NaN,
        "Depreciation And Amortization In Income Statement": NaN,
        "Amortization": NaN,
        "Amortization Of Intangibles Income Statement": NaN,
        "Depreciation Income Statement": NaN,
        "Research And Development": NaN,
        "Selling General And Administration": 23560000.0,
        "Selling And Marketing Expense": 15905000.0,
        "General And Administrative Expense": 7655000.0,
        "Other Gand A": 7655000.0,
        "Insurance And Claims": NaN,
        "Rent And Landing Fees": NaN,
        "Salaries And Wages": NaN,
        "Gross Profit": 35572000.0,
        "Cost Of Revenue": 3410000.0,
        "Total Revenue": 38982000.0,
        "Operating Revenue": 38982000.0
    }
}