{
    "2024-03-31": {
        "Tax Effect Of Unusual Items": 0.0,
        "Tax Rate For Calcs": 0.0,
        "Normalized EBITDA": 8016000.0,
        "Total Unusual Items": -7632000.0,
        "Total Unusual Items Excluding Goodwill": -7632000.0,
        "Net Income From Continuing Operation Net Minority Interest": -3208000.0,
        "Reconciled Depreciation": 3171000.0,
        "Reconciled Cost Of Revenue": 22361000.0,
        "EBITDA": 384000.0,
        "EBIT": -2787000.0,
        "Net Interest Income": 2044000.0,
        "Interest Expense": 421000.0,
        "Interest Income": 2506000.0,
        "Normalized Income": 4424000.0,
        "Net Income From Continuing And Discontinued Operation": -3208000.0,
        "Total Expenses": 34021000.0,
        "Rent Expense Supplemental": 299000.0,
        "Total Operating Income As Reported": NaN,
        "Diluted Average Shares": 233510750.0,
        "Basic Average Shares": 233510750.0,
        "Diluted EPS": -0.01,
        "Basic EPS": -0.01,
        "Diluted NI Availto Com Stockholders": -3208000.0,
        "Net Income Common Stockholders": -3208000.0,
        "Net Income": -3208000.0,
        "Minority Interests": 0.0,
        "Net Income Including Noncontrolling Interests": -3208000.0,
        "Net Income Continuous Operations": -3208000.0,
        "Pretax Income": -3208000.0,
        "Other Income Expense": -2926000.0,
        "Special Income Charges": -3094000.0,
        "Gain On Sale Of Business": NaN,
        "Restructuring And Mergern Acquisition": 3094000.0,
        "Earnings From Equity Interest": 4706000.0,
        "Gain On Sale Of Security": -4538000.0,
        "Net Non Operating Interest Income Expense": 2044000.0,
        "Total Other Finance Cost": 41000.0,
        "Interest Expense Non Operating": 421000.0,
        "Interest Income Non Operating": 2506000.0,
        "Operating Income": -2326000.0,
        "Operating Expense": 8523000.0,
        "Other Operating Expenses": 830000.0,
        "Other Taxes": NaN,
        "Depreciation Amortization Depletion Income Statement": 34000.0,
        "Depreciation And Amortization In Income Statement": 34000.0,
        "Depreciation Income Statement": 34000.0,
        "Selling General And Administration": 7659000.0,
        "Selling And Marketing Expense": 272000.0,
        "General And Administrative Expense": 7387000.0,
        "Other Gand A": 315000.0,
        "Rent And Landing Fees": 299000.0,
        "Salaries And Wages": 6773000.0,
        "Gross Profit": 6197000.0,
        "Cost Of Revenue": 25498000.0,
        "Total Revenue": 31695000.0,
        "Operating Revenue": 31695000.0
    },
    "2023-12-31": {
        "Tax Effect Of Unusual Items": NaN,
        "Tax Rate For Calcs": NaN,
        "Normalized EBITDA": NaN,
        "Total Unusual Items": NaN,
        "Total Unusual Items Excluding Goodwill": NaN,
        "Net Income From Continuing Operation Net Minority Interest": NaN,
        "Reconciled Depreciation": NaN,
        "Reconciled Cost Of Revenue": NaN,
        "EBITDA": NaN,
        "EBIT": NaN,
        "Net Interest Income": NaN,
        "Interest Expense": NaN,
        "Interest Income": NaN,
        "Normalized Income": NaN,
        "Net Income From Continuing And Discontinued Operation": NaN,
        "Total Expenses": NaN,
        "Rent Expense Supplemental": NaN,
        "Total Operating Income As Reported": -2271000.0,
        "Diluted Average Shares": NaN,
        "Basic Average Shares": NaN,
        "Diluted EPS": NaN,
        "Basic EPS": NaN,
        "Diluted NI Availto Com Stockholders": NaN,
        "Net Income Common Stockholders": NaN,
        "Net Income": NaN,
        "Minority Interests": NaN,
        "Net Income Including Noncontrolling Interests": NaN,
        "Net Income Continuous Operations": NaN,
        "Pretax Income": NaN,
        "Other Income Expense": NaN,
        "Special Income Charges": NaN,
        "Gain On Sale Of Business": NaN,
        "Restructuring And Mergern Acquisition": NaN,
        "Earnings From Equity Interest": NaN,
        "Gain On Sale Of Security": NaN,
        "Net Non Operating Interest Income Expense": NaN,
        "Total Other Finance Cost": NaN,
        "Interest Expense Non Operating": NaN,
        "Interest Income Non Operating": NaN,
        "Operating Income": NaN,
        "Operating Expense": NaN,
        "Other Operating Expenses": NaN,
        "Other Taxes": NaN,
        "Depreciation Amortization Depletion Income Statement": NaN,
        "Depreciation And Amortization In Income Statement": NaN,
        "Depreciation Income Statement": NaN,
        "Selling General And Administration": NaN,
        "Selling And Marketing Expense": NaN,
        "General And Administrative Expense": NaN,
        "Other Gand A": NaN,
        "Rent And Landing Fees": NaN,
        "Salaries And Wages": NaN,
        "Gross Profit": NaN,
        "Cost Of Revenue": NaN,
        "Total Revenue": NaN,
        "Operating Revenue": NaN
    },
    "2023-09-30": {
        "Tax Effect Of Unusual Items": NaN,
        "Tax Rate For Calcs": NaN,
        "Normalized EBITDA": NaN,
        "Total Unusual Items": NaN,
        "Total Unusual Items Excluding Goodwill": NaN,
        "Net Income From Continuing Operation Net Minority Interest": NaN,
        "Reconciled Depreciation": NaN,
        "Reconciled Cost Of Revenue": NaN,
        "EBITDA": NaN,
        "EBIT": NaN,
        "Net Interest Income": NaN,
        "Interest Expense": NaN,
        "Interest Income": NaN,
        "Normalized Income": NaN,
        "Net Income From Continuing And Discontinued Operation": NaN,
        "Total Expenses": NaN,
        "Rent Expense Supplemental": NaN,
        "Total Operating Income As Reported": 8126000.0,
        "Diluted Average Shares": 225400119.0,
        "Basic Average Shares": 224943453.0,
        "Diluted EPS": 0.05,
        "Basic EPS": 0.05,
        "Diluted NI Availto Com Stockholders": NaN,
        "Net Income Common Stockholders": NaN,
        "Net Income": NaN,
        "Minority Interests": NaN,
        "Net Income Including Noncontrolling Interests": NaN,
        "Net Income Continuous Operations": NaN,
        "Pretax Income": NaN,
        "Other Income Expense": NaN,
        "Special Income Charges": NaN,
        "Gain On Sale Of Business": 0.0,
        "Restructuring And Mergern Acquisition": NaN,
        "Earnings From Equity Interest": NaN,
        "Gain On Sale Of Security": NaN,
        "Net Non Operating Interest Income Expense": NaN,
        "Total Other Finance Cost": NaN,
        "Interest Expense Non Operating": NaN,
        "Interest Income Non Operating": NaN,
        "Operating Income": NaN,
        "Operating Expense": NaN,
        "Other Operating Expenses": NaN,
        "Other Taxes": NaN,
        "Depreciation Amortization Depletion Income Statement": NaN,
        "Depreciation And Amortization In Income Statement": NaN,
        "Depreciation Income Statement": NaN,
        "Selling General And Administration": NaN,
        "Selling And Marketing Expense": NaN,
        "General And Administrative Expense": NaN,
        "Other Gand A": NaN,
        "Rent And Landing Fees": NaN,
        "Salaries And Wages": NaN,
        "Gross Profit": NaN,
        "Cost Of Revenue": NaN,
        "Total Revenue": NaN,
        "Operating Revenue": NaN
    },
    "2023-06-30": {
        "Tax Effect Of Unusual Items": NaN,
        "Tax Rate For Calcs": NaN,
        "Normalized EBITDA": NaN,
        "Total Unusual Items": NaN,
        "Total Unusual Items Excluding Goodwill": NaN,
        "Net Income From Continuing Operation Net Minority Interest": NaN,
        "Reconciled Depreciation": NaN,
        "Reconciled Cost Of Revenue": NaN,
        "EBITDA": NaN,
        "EBIT": NaN,
        "Net Interest Income": NaN,
        "Interest Expense": NaN,
        "Interest Income": NaN,
        "Normalized Income": NaN,
        "Net Income From Continuing And Discontinued Operation": NaN,
        "Total Expenses": NaN,
        "Rent Expense Supplemental": NaN,
        "Total Operating Income As Reported": 8805000.0,
        "Diluted Average Shares": 225292468.0,
        "Basic Average Shares": 224943453.0,
        "Diluted EPS": 0.05,
        "Basic EPS": 0.05,
        "Diluted NI Availto Com Stockholders": NaN,
        "Net Income Common Stockholders": NaN,
        "Net Income": NaN,
        "Minority Interests": NaN,
        "Net Income Including Noncontrolling Interests": NaN,
        "Net Income Continuous Operations": NaN,
        "Pretax Income": NaN,
        "Other Income Expense": NaN,
        "Special Income Charges": NaN,
        "Gain On Sale Of Business": 0.0,
        "Restructuring And Mergern Acquisition": NaN,
        "Earnings From Equity Interest": NaN,
        "Gain On Sale Of Security": NaN,
        "Net Non Operating Interest Income Expense": NaN,
        "Total Other Finance Cost": NaN,
        "Interest Expense Non Operating": NaN,
        "Interest Income Non Operating": NaN,
        "Operating Income": NaN,
        "Operating Expense": NaN,
        "Other Operating Expenses": NaN,
        "Depreciation Amortization Depletion Income Statement": NaN,
        "Depreciation And Amortization In Income Statement": NaN,
        "Depreciation Income Statement": NaN,
        "Selling General And Administration": NaN,
        "Selling And Marketing Expense": 294000.0,
        "General And Administrative Expense": NaN,
        "Other Gand A": NaN,
        "Rent And Landing Fees": NaN,
        "Salaries And Wages": NaN,
        "Gross Profit": NaN,
        "Cost Of Revenue": NaN,
        "Total Revenue": NaN,
        "Operating Revenue": NaN
    },
    "2023-03-31": {
        "Tax Effect Of Unusual Items": NaN,
        "Tax Rate For Calcs": NaN,
        "Normalized EBITDA": NaN,
        "Total Unusual Items": NaN,
        "Total Unusual Items Excluding Goodwill": NaN,
        "Net Income From Continuing Operation Net Minority Interest": NaN,
        "Reconciled Depreciation": NaN,
        "Reconciled Cost Of Revenue": NaN,
        "EBITDA": NaN,
        "EBIT": NaN,
        "Net Interest Income": NaN,
        "Interest Expense": NaN,
        "Interest Income": NaN,
        "Normalized Income": NaN,
        "Net Income From Continuing And Discontinued Operation": NaN,
        "Total Expenses": NaN,
        "Rent Expense Supplemental": NaN,
        "Total Operating Income As Reported": NaN,
        "Diluted Average Shares": NaN,
        "Basic Average Shares": NaN,
        "Diluted EPS": NaN,
        "Basic EPS": NaN,
        "Diluted NI Availto Com Stockholders": NaN,
        "Net Income Common Stockholders": NaN,
        "Net Income": NaN,
        "Minority Interests": NaN,
        "Net Income Including Noncontrolling Interests": NaN,
        "Net Income Continuous Operations": NaN,
        "Pretax Income": NaN,
        "Other Income Expense": NaN,
        "Special Income Charges": NaN,
        "Gain On Sale Of Business": NaN,
        "Restructuring And Mergern Acquisition": NaN,
        "Earnings From Equity Interest": NaN,
        "Gain On Sale Of Security": NaN,
        "Net Non Operating Interest Income Expense": NaN,
        "Total Other Finance Cost": NaN,
        "Interest Expense Non Operating": NaN,
        "Interest Income Non Operating": NaN,
        "Operating Income": NaN,
        "Operating Expense": NaN,
        "Other Operating Expenses": NaN,
        "Depreciation Amortization Depletion Income Statement": 36000.0,
        "Depreciation And Amortization In Income Statement": 36000.0,
        "Depreciation Income Statement": 36000.0,
        "Selling General And Administration": NaN,
        "Selling And Marketing Expense": 259000.0,
        "General And Administrative Expense": NaN,
        "Other Gand A": NaN,
        "Rent And Landing Fees": NaN,
        "Salaries And Wages": NaN,
        "Gross Profit": NaN,
        "Cost Of Revenue": NaN,
        "Total Revenue": NaN,
        "Operating Revenue": NaN
    },
    "2022-12-31": {
        "Tax Effect Of Unusual Items": NaN,
        "Tax Rate For Calcs": NaN,
        "Normalized EBITDA": NaN,
        "Total Unusual Items": 409000.0,
        "Total Unusual Items Excluding Goodwill": 409000.0,
        "Net Income From Continuing Operation Net Minority Interest": NaN,
        "Reconciled Depreciation": NaN,
        "Reconciled Cost Of Revenue": NaN,
        "EBITDA": NaN,
        "EBIT": NaN,
        "Net Interest Income": NaN,
        "Interest Expense": NaN,
        "Interest Income": NaN,
        "Normalized Income": NaN,
        "Net Income From Continuing And Discontinued Operation": NaN,
        "Total Expenses": NaN,
        "Rent Expense Supplemental": NaN,
        "Total Operating Income As Reported": NaN,
        "Diluted Average Shares": NaN,
        "Basic Average Shares": NaN,
        "Diluted EPS": NaN,
        "Basic EPS": NaN,
        "Diluted NI Availto Com Stockholders": NaN,
        "Net Income Common Stockholders": NaN,
        "Net Income": NaN,
        "Minority Interests": NaN,
        "Net Income Including Noncontrolling Interests": NaN,
        "Net Income Continuous Operations": NaN,
        "Pretax Income": NaN,
        "Other Income Expense": NaN,
        "Special Income Charges": NaN,
        "Restructuring And Mergern Acquisition": NaN,
        "Earnings From Equity Interest": NaN,
        "Gain On Sale Of Security": -5594000.0,
        "Net Non Operating Interest Income Expense": NaN,
        "Total Other Finance Cost": 16583000.0,
        "Interest Expense Non Operating": NaN,
        "Interest Income Non Operating": NaN,
        "Operating Income": NaN,
        "Operating Expense": NaN,
        "Other Operating Expenses": NaN,
        "Depreciation Amortization Depletion Income Statement": NaN,
        "Depreciation And Amortization In Income Statement": NaN,
        "Depreciation Income Statement": NaN,
        "Selling General And Administration": NaN,
        "Selling And Marketing Expense": NaN,
        "General And Administrative Expense": NaN,
        "Other Gand A": NaN,
        "Rent And Landing Fees": NaN,
        "Salaries And Wages": NaN,
        "Gross Profit": NaN,
        "Cost Of Revenue": NaN,
        "Total Revenue": NaN,
        "Operating Revenue": NaN
    },
    "2022-09-30": {
        "Tax Effect Of Unusual Items": NaN,
        "Tax Rate For Calcs": NaN,
        "Normalized EBITDA": NaN,
        "Total Unusual Items": NaN,
        "Total Unusual Items Excluding Goodwill": NaN,
        "Net Income From Continuing Operation Net Minority Interest": NaN,
        "Reconciled Depreciation": NaN,
        "Reconciled Cost Of Revenue": 36000.0,
        "EBITDA": NaN,
        "EBIT": NaN,
        "Net Interest Income": NaN,
        "Interest Expense": NaN,
        "Interest Income": NaN,
        "Normalized Income": NaN,
        "Net Income From Continuing And Discontinued Operation": NaN,
        "Total Expenses": NaN,
        "Rent Expense Supplemental": 379000.0,
        "Total Operating Income As Reported": -2390000.0,
        "Diluted Average Shares": 224943453.0,
        "Basic Average Shares": 224943453.0,
        "Diluted EPS": 0.01,
        "Basic EPS": 0.01,
        "Diluted NI Availto Com Stockholders": NaN,
        "Net Income Common Stockholders": NaN,
        "Net Income": NaN,
        "Minority Interests": NaN,
        "Net Income Including Noncontrolling Interests": NaN,
        "Net Income Continuous Operations": NaN,
        "Pretax Income": NaN,
        "Other Income Expense": NaN,
        "Special Income Charges": NaN,
        "Restructuring And Mergern Acquisition": NaN,
        "Earnings From Equity Interest": NaN,
        "Gain On Sale Of Security": NaN,
        "Net Non Operating Interest Income Expense": NaN,
        "Total Other Finance Cost": NaN,
        "Interest Expense Non Operating": NaN,
        "Interest Income Non Operating": NaN,
        "Operating Income": NaN,
        "Operating Expense": NaN,
        "Other Operating Expenses": NaN,
        "Depreciation Amortization Depletion Income Statement": NaN,
        "Depreciation And Amortization In Income Statement": NaN,
        "Depreciation Income Statement": NaN,
        "Selling General And Administration": NaN,
        "Selling And Marketing Expense": NaN,
        "General And Administrative Expense": NaN,
        "Other Gand A": NaN,
        "Rent And Landing Fees": 379000.0,
        "Salaries And Wages": NaN,
        "Gross Profit": -36000.0,
        "Cost Of Revenue": 36000.0,
        "Total Revenue": NaN,
        "Operating Revenue": NaN
    },
    "2024-06-30": {
        "Tax Effect Of Unusual Items": -785400.0,
        "Tax Rate For Calcs": 0.15,
        "Normalized EBITDA": 20213000.0,
        "Total Unusual Items": -5236000.0,
        "Total Unusual Items Excluding Goodwill": -5236000.0,
        "Net Income From Continuing Operation Net Minority Interest": 8831000.0,
        "Reconciled Depreciation": 4712000.0,
        "Reconciled Cost Of Revenue": 38865000.0,
        "EBITDA": 14977000.0,
        "EBIT": 10265000.0,
        "Net Interest Income": -1713000.0,
        "Interest Expense": 1434000.0,
        "Interest Income": 2000.0,
        "Normalized Income": 13281600.0,
        "Net Income From Continuing And Discontinued Operation": 8831000.0,
        "Total Expenses": 48183000.0,
        "Rent Expense Supplemental": 542000.0,
        "Total Operating Income As Reported": NaN,
        "Diluted Average Shares": 261481062.0,
        "Basic Average Shares": 254974179.0,
        "Diluted EPS": 0.03,
        "Basic EPS": 0.03,
        "Diluted NI Availto Com Stockholders": 8831000.0,
        "Net Income Common Stockholders": 8831000.0,
        "Net Income": 8831000.0,
        "Minority Interests": 0.0,
        "Net Income Including Noncontrolling Interests": 8831000.0,
        "Net Income Continuous Operations": 8831000.0,
        "Pretax Income": 8831000.0,
        "Other Income Expense": -5236000.0,
        "Special Income Charges": -1362000.0,
        "Gain On Sale Of Business": 118000.0,
        "Restructuring And Mergern Acquisition": 1480000.0,
        "Earnings From Equity Interest": 0.0,
        "Gain On Sale Of Security": -3874000.0,
        "Net Non Operating Interest Income Expense": -1713000.0,
        "Total Other Finance Cost": 281000.0,
        "Interest Expense Non Operating": 1434000.0,
        "Interest Income Non Operating": 2000.0,
        "Operating Income": 15780000.0,
        "Operating Expense": 9318000.0,
        "Other Operating Expenses": 2720000.0,
        "Other Taxes": NaN,
        "Depreciation Amortization Depletion Income Statement": NaN,
        "Depreciation And Amortization In Income Statement": NaN,
        "Depreciation Income Statement": NaN,
        "Selling General And Administration": 6598000.0,
        "Selling And Marketing Expense": 460000.0,
        "General And Administrative Expense": 6138000.0,
        "Other Gand A": 334000.0,
        "Rent And Landing Fees": 542000.0,
        "Salaries And Wages": 5262000.0,
        "Gross Profit": 25098000.0,
        "Cost Of Revenue": 38865000.0,
        "Total Revenue": 63963000.0,
        "Operating Revenue": 63963000.0
    },
    "2024-09-30": {
        "Tax Effect Of Unusual Items": -3126600.0,
        "Tax Rate For Calcs": 0.15,
        "Normalized EBITDA": 31992000.0,
        "Total Unusual Items": -20844000.0,
        "Total Unusual Items Excluding Goodwill": -20844000.0,
        "Net Income From Continuing Operation Net Minority Interest": 1100000.0,
        "Reconciled Depreciation": 8374000.0,
        "Reconciled Cost Of Revenue": 44719000.0,
        "EBITDA": 11148000.0,
        "EBIT": 2774000.0,
        "Net Interest Income": -372000.0,
        "Interest Expense": 1674000.0,
        "Interest Income": 1291000.0,
        "Normalized Income": 18817400.0,
        "Net Income From Continuing And Discontinued Operation": 1100000.0,
        "Total Expenses": 48814000.0,
        "Rent Expense Supplemental": 252000.0,
        "Total Operating Income As Reported": NaN,
        "Diluted Average Shares": 262052961.0,
        "Basic Average Shares": 256912077.0,
        "Diluted EPS": 0.004198,
        "Basic EPS": 0.004282,
        "Diluted NI Availto Com Stockholders": 1100000.0,
        "Net Income Common Stockholders": 1100000.0,
        "Net Income": 1100000.0,
        "Minority Interests": 0.0,
        "Net Income Including Noncontrolling Interests": 1100000.0,
        "Net Income Continuous Operations": 1100000.0,
        "Pretax Income": 1100000.0,
        "Other Income Expense": -20844000.0,
        "Special Income Charges": -1730000.0,
        "Gain On Sale Of Business": 0.0,
        "Restructuring And Mergern Acquisition": 1730000.0,
        "Earnings From Equity Interest": 0.0,
        "Gain On Sale Of Security": -19114000.0,
        "Net Non Operating Interest Income Expense": -372000.0,
        "Total Other Finance Cost": -11000.0,
        "Interest Expense Non Operating": 1674000.0,
        "Interest Income Non Operating": 1291000.0,
        "Operating Income": 22316000.0,
        "Operating Expense": 4095000.0,
        "Other Operating Expenses": 2397000.0,
        "Other Taxes": NaN,
        "Depreciation Amortization Depletion Income Statement": NaN,
        "Depreciation And Amortization In Income Statement": NaN,
        "Depreciation Income Statement": NaN,
        "Selling General And Administration": 1698000.0,
        "Selling And Marketing Expense": NaN,
        "General And Administrative Expense": 1698000.0,
        "Other Gand A": 365000.0,
        "Rent And Landing Fees": 252000.0,
        "Salaries And Wages": 1081000.0,
        "Gross Profit": 26411000.0,
        "Cost Of Revenue": 44719000.0,
        "Total Revenue": 71130000.0,
        "Operating Revenue": 71130000.0
    },
    "2024-12-31": {
        "Tax Effect Of Unusual Items": -1636800.0,
        "Tax Rate For Calcs": 0.15,
        "Normalized EBITDA": 23464000.0,
        "Total Unusual Items": -10912000.0,
        "Total Unusual Items Excluding Goodwill": -10912000.0,
        "Net Income From Continuing Operation Net Minority Interest": 946000.0,
        "Reconciled Depreciation": 7635000.0,
        "Reconciled Cost Of Revenue": 42796000.0,
        "EBITDA": 12552000.0,
        "EBIT": 4917000.0,
        "Net Interest Income": -1100000.0,
        "Interest Expense": 1548000.0,
        "Interest Income": 627000.0,
        "Normalized Income": 10221200.0,
        "Net Income From Continuing And Discontinued Operation": 946000.0,
        "Total Expenses": 49170000.0,
        "Rent Expense Supplemental": 338000.0,
        "Total Operating Income As Reported": NaN,
        "Diluted Average Shares": NaN,
        "Basic Average Shares": NaN,
        "Diluted EPS": NaN,
        "Basic EPS": NaN,
        "Diluted NI Availto Com Stockholders": 946000.0,
        "Net Income Common Stockholders": 946000.0,
        "Net Income": 946000.0,
        "Minority Interests": -2423000.0,
        "Net Income Including Noncontrolling Interests": 3369000.0,
        "Net Income Continuous Operations": 3369000.0,
        "Pretax Income": 3369000.0,
        "Other Income Expense": -10912000.0,
        "Special Income Charges": -16626000.0,
        "Gain On Sale Of Business": 0.0,
        "Restructuring And Mergern Acquisition": 3563000.0,
        "Earnings From Equity Interest": 0.0,
        "Gain On Sale Of Security": 5714000.0,
        "Net Non Operating Interest Income Expense": -1100000.0,
        "Total Other Finance Cost": 179000.0,
        "Interest Expense Non Operating": 1548000.0,
        "Interest Income Non Operating": 627000.0,
        "Operating Income": 15381000.0,
        "Operating Expense": 6374000.0,
        "Other Operating Expenses": 2441000.0,
        "Other Taxes": NaN,
        "Depreciation Amortization Depletion Income Statement": NaN,
        "Depreciation And Amortization In Income Statement": NaN,
        "Depreciation Income Statement": NaN,
        "Selling General And Administration": 2623000.0,
        "Selling And Marketing Expense": NaN,
        "General And Administrative Expense": 1679000.0,
        "Other Gand A": -421000.0,
        "Rent And Landing Fees": 338000.0,
        "Salaries And Wages": 1762000.0,
        "Gross Profit": 21755000.0,
        "Cost Of Revenue": 42796000.0,
        "Total Revenue": 64551000.0,
        "Operating Revenue": 64551000.0
    },
    "2025-03-31": {
        "Tax Effect Of Unusual Items": 0.0,
        "Tax Rate For Calcs": 0.0,
        "Normalized EBITDA": 23554000.0,
        "Total Unusual Items": -36958000.0,
        "Total Unusual Items Excluding Goodwill": -36958000.0,
        "Net Income From Continuing Operation Net Minority Interest": -26806000.0,
        "Reconciled Depreciation": 14425000.0,
        "Reconciled Cost Of Revenue": 46837000.0,
        "EBITDA": -13404000.0,
        "EBIT": -27829000.0,
        "Net Interest Income": -536000.0,
        "Interest Expense": 1563000.0,
        "Interest Income": 1126000.0,
        "Normalized Income": 10152000.0,
        "Net Income From Continuing And Discontinued Operation": -26806000.0,
        "Total Expenses": 68488000.0,
        "Rent Expense Supplemental": 351000.0,
        "Total Operating Income As Reported": NaN,
        "Diluted Average Shares": 257172124.0,
        "Basic Average Shares": 257172124.0,
        "Diluted EPS": -0.1,
        "Basic EPS": -0.1,
        "Diluted NI Availto Com Stockholders": -26806000.0,
        "Net Income Common Stockholders": -26806000.0,
        "Net Income": -26806000.0,
        "Minority Interests": 2586000.0,
        "Net Income Including Noncontrolling Interests": -29392000.0,
        "Net Income Continuous Operations": -29392000.0,
        "Pretax Income": -29392000.0,
        "Other Income Expense": -36958000.0,
        "Special Income Charges": -1646000.0,
        "Gain On Sale Of Business": NaN,
        "Restructuring And Mergern Acquisition": 1646000.0,
        "Earnings From Equity Interest": 0.0,
        "Gain On Sale Of Security": -35312000.0,
        "Net Non Operating Interest Income Expense": -536000.0,
        "Total Other Finance Cost": 99000.0,
        "Interest Expense Non Operating": 1563000.0,
        "Interest Income Non Operating": 1126000.0,
        "Operating Income": 8102000.0,
        "Operating Expense": 7258000.0,
        "Other Operating Expenses": 2158000.0,
        "Other Taxes": 382000.0,
        "Depreciation Amortization Depletion Income Statement": 32000.0,
        "Depreciation And Amortization In Income Statement": 32000.0,
        "Depreciation Income Statement": 32000.0,
        "Selling General And Administration": 4686000.0,
        "Selling And Marketing Expense": 395000.0,
        "General And Administrative Expense": 4291000.0,
        "Other Gand A": 446000.0,
        "Rent And Landing Fees": 351000.0,
        "Salaries And Wages": 3494000.0,
        "Gross Profit": 15360000.0,
        "Cost Of Revenue": 61230000.0,
        "Total Revenue": 76590000.0,
        "Operating Revenue": 76590000.0
    }
}