{
    "2023-03-31": {
        "Tax Effect Of Unusual Items": -854930.0,
        "Tax Rate For Calcs": 0.085,
        "Normalized EBITDA": 24361000.0,
        "Total Unusual Items": -10058000.0,
        "Total Unusual Items Excluding Goodwill": -10058000.0,
        "Net Income From Continuing Operation Net Minority Interest": 703000.0,
        "Reconciled Depreciation": 10564000.0,
        "Reconciled Cost Of Revenue": 35100000.0,
        "EBITDA": 14303000.0,
        "EBIT": 3739000.0,
        "Net Interest Income": -2989000.0,
        "Interest Expense": 2947000.0,
        "Interest Income": 632000.0,
        "Normalized Income": 9906070.0,
        "Net Income From Continuing And Discontinued Operation": 703000.0,
        "Total Expenses": 72938000.0,
        "Rent Expense Supplemental": 7171000.0,
        "Total Operating Income As Reported": 9819000.0,
        "Diluted Average Shares": NaN,
        "Basic Average Shares": NaN,
        "Diluted EPS": NaN,
        "Basic EPS": NaN,
        "Diluted NI Availto Com Stockholders": 703000.0,
        "Net Income Common Stockholders": 703000.0,
        "Otherunder Preferred Stock Dividend": NaN,
        "Net Income": 703000.0,
        "Minority Interests": -442000.0,
        "Net Income Including Noncontrolling Interests": 1145000.0,
        "Net Income Continuous Operations": 1145000.0,
        "Tax Provision": -353000.0,
        "Pretax Income": 792000.0,
        "Other Income Expense": -10058000.0,
        "Special Income Charges": NaN,
        "Write Off": NaN,
        "Restructuring And Mergern Acquisition": NaN,
        "Gain On Sale Of Security": 507000.0,
        "Net Non Operating Interest Income Expense": -2989000.0,
        "Total Other Finance Cost": NaN,
        "Interest Expense Non Operating": 2947000.0,
        "Interest Income Non Operating": 632000.0,
        "Operating Income": 13839000.0,
        "Operating Expense": 37838000.0,
        "Other Operating Expenses": 2197000.0,
        "Depreciation Amortization Depletion Income Statement": 10564000.0,
        "Depreciation And Amortization In Income Statement": 10564000.0,
        "Selling General And Administration": 50765000.0,
        "Selling And Marketing Expense": -6860000.0,
        "General And Administrative Expense": 57625000.0,
        "Other Gand A": 4192000.0,
        "Rent And Landing Fees": 7171000.0,
        "Salaries And Wages": 46262000.0,
        "Gross Profit": 51677000.0,
        "Cost Of Revenue": 35100000.0,
        "Total Revenue": 86777000.0,
        "Operating Revenue": 86777000.0
    },
    "2022-12-31": {
        "Tax Effect Of Unusual Items": NaN,
        "Tax Rate For Calcs": NaN,
        "Normalized EBITDA": NaN,
        "Total Unusual Items": NaN,
        "Total Unusual Items Excluding Goodwill": NaN,
        "Net Income From Continuing Operation Net Minority Interest": NaN,
        "Reconciled Depreciation": NaN,
        "Reconciled Cost Of Revenue": NaN,
        "EBITDA": NaN,
        "EBIT": NaN,
        "Net Interest Income": NaN,
        "Interest Expense": NaN,
        "Interest Income": NaN,
        "Normalized Income": NaN,
        "Net Income From Continuing And Discontinued Operation": NaN,
        "Total Expenses": NaN,
        "Rent Expense Supplemental": NaN,
        "Total Operating Income As Reported": NaN,
        "Diluted Average Shares": 191498000.0,
        "Basic Average Shares": 189841000.0,
        "Diluted EPS": 0.003175,
        "Basic EPS": 0.003203,
        "Diluted NI Availto Com Stockholders": NaN,
        "Net Income Common Stockholders": NaN,
        "Otherunder Preferred Stock Dividend": NaN,
        "Net Income": NaN,
        "Minority Interests": NaN,
        "Net Income Including Noncontrolling Interests": NaN,
        "Net Income Continuous Operations": NaN,
        "Tax Provision": NaN,
        "Pretax Income": NaN,
        "Other Income Expense": NaN,
        "Special Income Charges": NaN,
        "Other Special Charges": NaN,
        "Write Off": NaN,
        "Restructuring And Mergern Acquisition": NaN,
        "Gain On Sale Of Security": NaN,
        "Net Non Operating Interest Income Expense": NaN,
        "Total Other Finance Cost": NaN,
        "Interest Expense Non Operating": NaN,
        "Interest Income Non Operating": NaN,
        "Operating Income": NaN,
        "Operating Expense": NaN,
        "Other Operating Expenses": NaN,
        "Depreciation Amortization Depletion Income Statement": NaN,
        "Depreciation And Amortization In Income Statement": NaN,
        "Selling General And Administration": NaN,
        "Selling And Marketing Expense": NaN,
        "General And Administrative Expense": NaN,
        "Other Gand A": NaN,
        "Rent And Landing Fees": NaN,
        "Salaries And Wages": NaN,
        "Gross Profit": NaN,
        "Cost Of Revenue": NaN,
        "Total Revenue": NaN,
        "Operating Revenue": NaN
    },
    "2022-09-30": {
        "Tax Effect Of Unusual Items": NaN,
        "Tax Rate For Calcs": NaN,
        "Normalized EBITDA": NaN,
        "Total Unusual Items": NaN,
        "Total Unusual Items Excluding Goodwill": NaN,
        "Net Income From Continuing Operation Net Minority Interest": NaN,
        "Reconciled Depreciation": NaN,
        "Reconciled Cost Of Revenue": NaN,
        "EBITDA": NaN,
        "EBIT": NaN,
        "Net Interest Income": NaN,
        "Interest Expense": NaN,
        "Interest Income": NaN,
        "Normalized Income": NaN,
        "Net Income From Continuing And Discontinued Operation": NaN,
        "Total Expenses": NaN,
        "Rent Expense Supplemental": NaN,
        "Total Operating Income As Reported": NaN,
        "Diluted Average Shares": 188546000.0,
        "Basic Average Shares": 188546000.0,
        "Diluted EPS": -0.05,
        "Basic EPS": -0.05,
        "Diluted NI Availto Com Stockholders": NaN,
        "Net Income Common Stockholders": NaN,
        "Otherunder Preferred Stock Dividend": NaN,
        "Net Income": NaN,
        "Minority Interests": NaN,
        "Net Income Including Noncontrolling Interests": NaN,
        "Net Income Continuous Operations": NaN,
        "Tax Provision": NaN,
        "Pretax Income": NaN,
        "Other Income Expense": NaN,
        "Special Income Charges": NaN,
        "Write Off": NaN,
        "Restructuring And Mergern Acquisition": NaN,
        "Gain On Sale Of Security": NaN,
        "Net Non Operating Interest Income Expense": NaN,
        "Total Other Finance Cost": NaN,
        "Interest Expense Non Operating": NaN,
        "Interest Income Non Operating": NaN,
        "Operating Income": NaN,
        "Operating Expense": NaN,
        "Other Operating Expenses": NaN,
        "Depreciation Amortization Depletion Income Statement": NaN,
        "Depreciation And Amortization In Income Statement": NaN,
        "Selling General And Administration": NaN,
        "Selling And Marketing Expense": NaN,
        "General And Administrative Expense": NaN,
        "Other Gand A": NaN,
        "Rent And Landing Fees": NaN,
        "Salaries And Wages": NaN,
        "Gross Profit": NaN,
        "Cost Of Revenue": NaN,
        "Total Revenue": NaN,
        "Operating Revenue": NaN
    },
    "2022-06-30": {
        "Tax Effect Of Unusual Items": 775143.453786,
        "Tax Rate For Calcs": 0.111676,
        "Normalized EBITDA": 4802000.0,
        "Total Unusual Items": 6941000.0,
        "Total Unusual Items Excluding Goodwill": 6941000.0,
        "Net Income From Continuing Operation Net Minority Interest": -14974000.0,
        "Reconciled Depreciation": 17557000.0,
        "Reconciled Cost Of Revenue": 15064000.0,
        "EBITDA": 11743000.0,
        "EBIT": -5814000.0,
        "Net Interest Income": -10030000.0,
        "Interest Expense": 10707000.0,
        "Interest Income": 677000.0,
        "Normalized Income": -21139856.546214,
        "Net Income From Continuing And Discontinued Operation": -14974000.0,
        "Total Expenses": 69550000.0,
        "Rent Expense Supplemental": 1076000.0,
        "Total Operating Income As Reported": -6491000.0,
        "Diluted Average Shares": 181050000.0,
        "Basic Average Shares": 181050000.0,
        "Diluted EPS": -0.08,
        "Basic EPS": -0.08,
        "Diluted NI Availto Com Stockholders": -14974000.0,
        "Net Income Common Stockholders": -14974000.0,
        "Otherunder Preferred Stock Dividend": NaN,
        "Net Income": -14974000.0,
        "Minority Interests": -298000.0,
        "Net Income Including Noncontrolling Interests": -14676000.0,
        "Net Income Continuous Operations": -14676000.0,
        "Tax Provision": -1845000.0,
        "Pretax Income": -16521000.0,
        "Other Income Expense": 6941000.0,
        "Special Income Charges": NaN,
        "Write Off": NaN,
        "Restructuring And Mergern Acquisition": NaN,
        "Gain On Sale Of Security": 6941000.0,
        "Net Non Operating Interest Income Expense": -10030000.0,
        "Total Other Finance Cost": NaN,
        "Interest Expense Non Operating": 10707000.0,
        "Interest Income Non Operating": 677000.0,
        "Operating Income": -13432000.0,
        "Operating Expense": 54486000.0,
        "Other Operating Expenses": 2287000.0,
        "Depreciation Amortization Depletion Income Statement": 17557000.0,
        "Depreciation And Amortization In Income Statement": 17557000.0,
        "Selling General And Administration": 34642000.0,
        "Selling And Marketing Expense": 2769000.0,
        "General And Administrative Expense": 31873000.0,
        "Other Gand A": 3256000.0,
        "Rent And Landing Fees": 1076000.0,
        "Salaries And Wages": 28617000.0,
        "Gross Profit": 41054000.0,
        "Cost Of Revenue": 15064000.0,
        "Total Revenue": 56118000.0,
        "Operating Revenue": 56118000.0
    },
    "2023-06-30": {
        "Tax Effect Of Unusual Items": NaN,
        "Tax Rate For Calcs": NaN,
        "Normalized EBITDA": NaN,
        "Total Unusual Items": NaN,
        "Total Unusual Items Excluding Goodwill": NaN,
        "Net Income From Continuing Operation Net Minority Interest": NaN,
        "Reconciled Depreciation": NaN,
        "Reconciled Cost Of Revenue": NaN,
        "EBITDA": NaN,
        "EBIT": NaN,
        "Net Interest Income": NaN,
        "Interest Expense": NaN,
        "Interest Income": NaN,
        "Normalized Income": NaN,
        "Net Income From Continuing And Discontinued Operation": NaN,
        "Total Expenses": NaN,
        "Rent Expense Supplemental": NaN,
        "Total Operating Income As Reported": NaN,
        "Diluted Average Shares": NaN,
        "Basic Average Shares": NaN,
        "Diluted EPS": NaN,
        "Basic EPS": NaN,
        "Diluted NI Availto Com Stockholders": NaN,
        "Average Dilution Earnings": NaN,
        "Net Income Common Stockholders": NaN,
        "Otherunder Preferred Stock Dividend": NaN,
        "Net Income": NaN,
        "Minority Interests": NaN,
        "Net Income Including Noncontrolling Interests": NaN,
        "Net Income Continuous Operations": NaN,
        "Tax Provision": NaN,
        "Pretax Income": NaN,
        "Other Income Expense": NaN,
        "Special Income Charges": NaN,
        "Other Special Charges": NaN,
        "Write Off": NaN,
        "Restructuring And Mergern Acquisition": NaN,
        "Gain On Sale Of Security": NaN,
        "Net Non Operating Interest Income Expense": NaN,
        "Total Other Finance Cost": -400000.0,
        "Interest Expense Non Operating": NaN,
        "Interest Income Non Operating": NaN,
        "Operating Income": NaN,
        "Operating Expense": NaN,
        "Other Operating Expenses": NaN,
        "Depreciation Amortization Depletion Income Statement": NaN,
        "Depreciation And Amortization In Income Statement": NaN,
        "Research And Development": NaN,
        "Selling General And Administration": NaN,
        "Selling And Marketing Expense": NaN,
        "General And Administrative Expense": NaN,
        "Other Gand A": NaN,
        "Rent And Landing Fees": NaN,
        "Salaries And Wages": NaN,
        "Gross Profit": NaN,
        "Cost Of Revenue": NaN,
        "Total Revenue": NaN,
        "Operating Revenue": NaN
    },
    "2023-09-30": {
        "Tax Effect Of Unusual Items": NaN,
        "Tax Rate For Calcs": NaN,
        "Normalized EBITDA": NaN,
        "Total Unusual Items": NaN,
        "Total Unusual Items Excluding Goodwill": NaN,
        "Net Income From Continuing Operation Net Minority Interest": NaN,
        "Reconciled Depreciation": NaN,
        "Reconciled Cost Of Revenue": NaN,
        "EBITDA": NaN,
        "EBIT": NaN,
        "Net Interest Income": NaN,
        "Interest Expense": NaN,
        "Interest Income": NaN,
        "Normalized Income": NaN,
        "Net Income From Continuing And Discontinued Operation": NaN,
        "Total Expenses": NaN,
        "Rent Expense Supplemental": NaN,
        "Total Operating Income As Reported": NaN,
        "Diluted Average Shares": 190131000.0,
        "Basic Average Shares": 190131000.0,
        "Diluted EPS": -0.00223,
        "Basic EPS": -0.00223,
        "Diluted NI Availto Com Stockholders": NaN,
        "Average Dilution Earnings": NaN,
        "Net Income Common Stockholders": NaN,
        "Otherunder Preferred Stock Dividend": -87000.0,
        "Net Income": NaN,
        "Minority Interests": NaN,
        "Net Income Including Noncontrolling Interests": NaN,
        "Net Income Continuous Operations": NaN,
        "Tax Provision": NaN,
        "Pretax Income": NaN,
        "Other Income Expense": NaN,
        "Special Income Charges": NaN,
        "Other Special Charges": NaN,
        "Write Off": NaN,
        "Restructuring And Mergern Acquisition": NaN,
        "Gain On Sale Of Security": NaN,
        "Net Non Operating Interest Income Expense": NaN,
        "Total Other Finance Cost": NaN,
        "Interest Expense Non Operating": NaN,
        "Interest Income Non Operating": NaN,
        "Operating Income": NaN,
        "Operating Expense": NaN,
        "Other Operating Expenses": NaN,
        "Depreciation Amortization Depletion Income Statement": NaN,
        "Depreciation And Amortization In Income Statement": NaN,
        "Research And Development": -8922000.0,
        "Selling General And Administration": NaN,
        "Selling And Marketing Expense": NaN,
        "General And Administrative Expense": NaN,
        "Other Gand A": NaN,
        "Rent And Landing Fees": NaN,
        "Salaries And Wages": NaN,
        "Gross Profit": NaN,
        "Cost Of Revenue": NaN,
        "Total Revenue": NaN,
        "Operating Revenue": NaN
    },
    "2023-12-31": {
        "Tax Effect Of Unusual Items": 2287661.305421,
        "Tax Rate For Calcs": 0.367969,
        "Normalized EBITDA": 44654000.0,
        "Total Unusual Items": 6217000.0,
        "Total Unusual Items Excluding Goodwill": 6217000.0,
        "Net Income From Continuing Operation Net Minority Interest": 12936000.0,
        "Reconciled Depreciation": 10760000.0,
        "Reconciled Cost Of Revenue": 28672000.0,
        "EBITDA": 50871000.0,
        "EBIT": 40108000.0,
        "Net Interest Income": -11998000.0,
        "Interest Expense": 16606000.0,
        "Interest Income": 4608000.0,
        "Normalized Income": 9006661.305421,
        "Net Income From Continuing And Discontinued Operation": 12936000.0,
        "Total Expenses": 80123000.0,
        "Rent Expense Supplemental": 3796000.0,
        "Total Operating Income As Reported": 35500000.0,
        "Diluted Average Shares": 195323000.0,
        "Basic Average Shares": 193843000.0,
        "Diluted EPS": 0.06,
        "Basic EPS": 0.06,
        "Diluted NI Availto Com Stockholders": 10750000.0,
        "Average Dilution Earnings": 13000.0,
        "Net Income Common Stockholders": 10737000.0,
        "Otherunder Preferred Stock Dividend": 2199000.0,
        "Net Income": 12936000.0,
        "Minority Interests": -1918000.0,
        "Net Income Including Noncontrolling Interests": 14854000.0,
        "Net Income Continuous Operations": 14854000.0,
        "Tax Provision": 8648000.0,
        "Pretax Income": 23502000.0,
        "Other Income Expense": 6217000.0,
        "Special Income Charges": -4545000.0,
        "Other Special Charges": NaN,
        "Write Off": 0.0,
        "Restructuring And Mergern Acquisition": 4545000.0,
        "Gain On Sale Of Security": 10762000.0,
        "Net Non Operating Interest Income Expense": -11998000.0,
        "Total Other Finance Cost": NaN,
        "Interest Expense Non Operating": 16606000.0,
        "Interest Income Non Operating": 4608000.0,
        "Operating Income": 29283000.0,
        "Operating Expense": 51454000.0,
        "Other Operating Expenses": 2740000.0,
        "Depreciation Amortization Depletion Income Statement": 10763000.0,
        "Depreciation And Amortization In Income Statement": 10763000.0,
        "Research And Development": -8340000.0,
        "Selling General And Administration": 46291000.0,
        "Selling And Marketing Expense": 1203000.0,
        "General And Administrative Expense": 45088000.0,
        "Other Gand A": 2558000.0,
        "Rent And Landing Fees": 3796000.0,
        "Salaries And Wages": 38734000.0,
        "Gross Profit": 80737000.0,
        "Cost Of Revenue": 28669000.0,
        "Total Revenue": 109406000.0,
        "Operating Revenue": 109406000.0
    },
    "2024-03-31": {
        "Tax Effect Of Unusual Items": -291465.0,
        "Tax Rate For Calcs": 0.085,
        "Normalized EBITDA": 28813000.0,
        "Total Unusual Items": -3429000.0,
        "Total Unusual Items Excluding Goodwill": -3429000.0,
        "Net Income From Continuing Operation Net Minority Interest": -6682000.0,
        "Reconciled Depreciation": 12887000.0,
        "Reconciled Cost Of Revenue": 38415000.0,
        "EBITDA": 25384000.0,
        "EBIT": 12497000.0,
        "Net Interest Income": -14385000.0,
        "Interest Expense": 12752000.0,
        "Interest Income": 397000.0,
        "Normalized Income": -3544465.0,
        "Net Income From Continuing And Discontinued Operation": -6682000.0,
        "Total Expenses": 87679000.0,
        "Rent Expense Supplemental": 3328000.0,
        "Total Operating Income As Reported": 13516000.0,
        "Diluted Average Shares": NaN,
        "Basic Average Shares": NaN,
        "Diluted EPS": NaN,
        "Basic EPS": NaN,
        "Diluted NI Availto Com Stockholders": -6682000.0,
        "Average Dilution Earnings": NaN,
        "Net Income Common Stockholders": -6682000.0,
        "Otherunder Preferred Stock Dividend": NaN,
        "Net Income": -6682000.0,
        "Minority Interests": -1309000.0,
        "Net Income Including Noncontrolling Interests": -5373000.0,
        "Net Income Continuous Operations": -5373000.0,
        "Tax Provision": 5118000.0,
        "Pretax Income": -255000.0,
        "Other Income Expense": -3429000.0,
        "Special Income Charges": -3318000.0,
        "Other Special Charges": NaN,
        "Write Off": 1322000.0,
        "Restructuring And Mergern Acquisition": 1996000.0,
        "Gain On Sale Of Security": -111000.0,
        "Net Non Operating Interest Income Expense": -14385000.0,
        "Total Other Finance Cost": NaN,
        "Interest Expense Non Operating": 12752000.0,
        "Interest Income Non Operating": 397000.0,
        "Operating Income": 17559000.0,
        "Operating Expense": 49264000.0,
        "Other Operating Expenses": 15381000.0,
        "Depreciation Amortization Depletion Income Statement": 12887000.0,
        "Depreciation And Amortization In Income Statement": 12887000.0,
        "Research And Development": NaN,
        "Selling General And Administration": 54663000.0,
        "Selling And Marketing Expense": -8401000.0,
        "General And Administrative Expense": 63064000.0,
        "Other Gand A": 2850000.0,
        "Rent And Landing Fees": 3328000.0,
        "Salaries And Wages": 56886000.0,
        "Gross Profit": 66823000.0,
        "Cost Of Revenue": 38415000.0,
        "Total Revenue": 105238000.0,
        "Operating Revenue": 105238000.0
    },
    "2024-06-30": {
        "Tax Effect Of Unusual Items": 7592549.002423,
        "Tax Rate For Calcs": 0.302083,
        "Normalized EBITDA": 45030000.0,
        "Total Unusual Items": 25134000.0,
        "Total Unusual Items Excluding Goodwill": 25134000.0,
        "Net Income From Continuing Operation Net Minority Interest": 23832000.0,
        "Reconciled Depreciation": 12118000.0,
        "Reconciled Cost Of Revenue": 26226000.0,
        "EBITDA": 70164000.0,
        "EBIT": 58046000.0,
        "Net Interest Income": -15156000.0,
        "Interest Expense": 19252000.0,
        "Interest Income": 4096000.0,
        "Normalized Income": 6290549.002423,
        "Net Income From Continuing And Discontinued Operation": 23832000.0,
        "Total Expenses": 88937000.0,
        "Rent Expense Supplemental": 4243000.0,
        "Total Operating Income As Reported": 26747000.0,
        "Diluted Average Shares": 201041000.0,
        "Basic Average Shares": 199575000.0,
        "Diluted EPS": 0.1,
        "Basic EPS": 0.1,
        "Diluted NI Availto Com Stockholders": 19877000.0,
        "Average Dilution Earnings": NaN,
        "Net Income Common Stockholders": 19877000.0,
        "Otherunder Preferred Stock Dividend": 3955000.0,
        "Net Income": 23832000.0,
        "Minority Interests": -3243000.0,
        "Net Income Including Noncontrolling Interests": 27075000.0,
        "Net Income Continuous Operations": 27075000.0,
        "Tax Provision": 11719000.0,
        "Pretax Income": 38794000.0,
        "Other Income Expense": 25134000.0,
        "Special Income Charges": 26781000.0,
        "Other Special Charges": -27203000.0,
        "Write Off": 0.0,
        "Restructuring And Mergern Acquisition": 422000.0,
        "Gain On Sale Of Security": -1647000.0,
        "Net Non Operating Interest Income Expense": -15156000.0,
        "Total Other Finance Cost": NaN,
        "Interest Expense Non Operating": 19252000.0,
        "Interest Income Non Operating": 4096000.0,
        "Operating Income": 28816000.0,
        "Operating Expense": 62711000.0,
        "Other Operating Expenses": 2973000.0,
        "Depreciation Amortization Depletion Income Statement": 12118000.0,
        "Depreciation And Amortization In Income Statement": 12118000.0,
        "Research And Development": NaN,
        "Selling General And Administration": 47620000.0,
        "Selling And Marketing Expense": 4256000.0,
        "General And Administrative Expense": 43364000.0,
        "Other Gand A": 2675000.0,
        "Rent And Landing Fees": 4243000.0,
        "Salaries And Wages": 36446000.0,
        "Gross Profit": 91527000.0,
        "Cost Of Revenue": 26226000.0,
        "Total Revenue": 117753000.0,
        "Operating Revenue": 117753000.0
    },
    "2024-09-30": {
        "Tax Effect Of Unusual Items": -256355.0,
        "Tax Rate For Calcs": 0.395,
        "Normalized EBITDA": 58429000.0,
        "Total Unusual Items": -649000.0,
        "Total Unusual Items Excluding Goodwill": -649000.0,
        "Net Income From Continuing Operation Net Minority Interest": 14599000.0,
        "Reconciled Depreciation": 13605000.0,
        "Reconciled Cost Of Revenue": 31232000.0,
        "EBITDA": 57780000.0,
        "EBIT": 44175000.0,
        "Net Interest Income": -14197000.0,
        "Interest Expense": 16693000.0,
        "Interest Income": 2496000.0,
        "Normalized Income": 14991645.0,
        "Net Income From Continuing And Discontinued Operation": 14599000.0,
        "Total Expenses": 89633000.0,
        "Rent Expense Supplemental": 3215000.0,
        "Total Operating Income As Reported": 41679000.0,
        "Diluted Average Shares": 202272000.0,
        "Basic Average Shares": 199730000.0,
        "Diluted EPS": 0.06,
        "Basic EPS": 0.06,
        "Diluted NI Availto Com Stockholders": 12166000.0,
        "Average Dilution Earnings": NaN,
        "Net Income Common Stockholders": 12166000.0,
        "Otherunder Preferred Stock Dividend": 2433000.0,
        "Net Income": 14599000.0,
        "Minority Interests": -2033000.0,
        "Net Income Including Noncontrolling Interests": 16632000.0,
        "Net Income Continuous Operations": 16632000.0,
        "Tax Provision": 10850000.0,
        "Pretax Income": 27482000.0,
        "Other Income Expense": -649000.0,
        "Special Income Charges": -674000.0,
        "Other Special Charges": NaN,
        "Write Off": 43000.0,
        "Restructuring And Mergern Acquisition": 631000.0,
        "Gain On Sale Of Security": 25000.0,
        "Net Non Operating Interest Income Expense": -14197000.0,
        "Total Other Finance Cost": NaN,
        "Interest Expense Non Operating": 16693000.0,
        "Interest Income Non Operating": 2496000.0,
        "Operating Income": 42328000.0,
        "Operating Expense": 58401000.0,
        "Other Operating Expenses": 3675000.0,
        "Depreciation Amortization Depletion Income Statement": 13605000.0,
        "Depreciation And Amortization In Income Statement": 13605000.0,
        "Research And Development": -10765000.0,
        "Selling General And Administration": 51886000.0,
        "Selling And Marketing Expense": 1198000.0,
        "General And Administrative Expense": 50688000.0,
        "Other Gand A": 2518000.0,
        "Rent And Landing Fees": 3215000.0,
        "Salaries And Wages": 44955000.0,
        "Gross Profit": 100729000.0,
        "Cost Of Revenue": 31232000.0,
        "Total Revenue": 131961000.0,
        "Operating Revenue": 131961000.0
    },
    "2024-12-31": {
        "Tax Effect Of Unusual Items": 7446550.023842,
        "Tax Rate For Calcs": 0.265616,
        "Normalized EBITDA": 48326000.0,
        "Total Unusual Items": 28035000.0,
        "Total Unusual Items Excluding Goodwill": 28035000.0,
        "Net Income From Continuing Operation Net Minority Interest": 31764000.0,
        "Reconciled Depreciation": 14024000.0,
        "Reconciled Cost Of Revenue": 33876000.0,
        "EBITDA": 76361000.0,
        "EBIT": 62337000.0,
        "Net Interest Income": -13941000.0,
        "Interest Expense": 16199000.0,
        "Interest Income": 2258000.0,
        "Normalized Income": 11175550.023842,
        "Net Income From Continuing And Discontinued Operation": 31764000.0,
        "Total Expenses": 99341000.0,
        "Rent Expense Supplemental": 3856000.0,
        "Total Operating Income As Reported": 33196000.0,
        "Diluted Average Shares": 202512000.0,
        "Basic Average Shares": 199866000.0,
        "Diluted EPS": 0.13,
        "Basic EPS": 0.13,
        "Diluted NI Availto Com Stockholders": 26437000.0,
        "Average Dilution Earnings": 59000.0,
        "Net Income Common Stockholders": 26378000.0,
        "Otherunder Preferred Stock Dividend": 5386000.0,
        "Net Income": 31764000.0,
        "Minority Interests": -2119000.0,
        "Net Income Including Noncontrolling Interests": 33883000.0,
        "Net Income Continuous Operations": 33883000.0,
        "Tax Provision": 12255000.0,
        "Pretax Income": 46138000.0,
        "Other Income Expense": 28035000.0,
        "Special Income Charges": 26235000.0,
        "Other Special Charges": -26885000.0,
        "Write Off": 1000.0,
        "Restructuring And Mergern Acquisition": 649000.0,
        "Gain On Sale Of Security": 1800000.0,
        "Net Non Operating Interest Income Expense": -13941000.0,
        "Total Other Finance Cost": NaN,
        "Interest Expense Non Operating": 16199000.0,
        "Interest Income Non Operating": 2258000.0,
        "Operating Income": 32046000.0,
        "Operating Expense": 65465000.0,
        "Other Operating Expenses": 3753000.0,
        "Depreciation Amortization Depletion Income Statement": 14024000.0,
        "Depreciation And Amortization In Income Statement": 14024000.0,
        "Research And Development": -9265000.0,
        "Selling General And Administration": 56953000.0,
        "Selling And Marketing Expense": 869000.0,
        "General And Administrative Expense": 56084000.0,
        "Other Gand A": 2950000.0,
        "Rent And Landing Fees": 3856000.0,
        "Salaries And Wages": 49278000.0,
        "Gross Profit": 97511000.0,
        "Cost Of Revenue": 33876000.0,
        "Total Revenue": 131387000.0,
        "Operating Revenue": 131387000.0
    }
}