{
    "2023-03-31": {
        "Tax Effect Of Unusual Items": NaN,
        "Tax Rate For Calcs": NaN,
        "Normalized EBITDA": NaN,
        "Total Unusual Items": NaN,
        "Total Unusual Items Excluding Goodwill": NaN,
        "Net Income From Continuing Operation Net Minority Interest": NaN,
        "Reconciled Depreciation": NaN,
        "Reconciled Cost Of Revenue": NaN,
        "EBITDA": NaN,
        "EBIT": NaN,
        "Net Interest Income": NaN,
        "Interest Expense": NaN,
        "Interest Income": NaN,
        "Normalized Income": NaN,
        "Net Income From Continuing And Discontinued Operation": NaN,
        "Total Expenses": NaN,
        "Total Operating Income As Reported": NaN,
        "Diluted Average Shares": NaN,
        "Basic Average Shares": NaN,
        "Diluted EPS": NaN,
        "Basic EPS": NaN,
        "Diluted NI Availto Com Stockholders": NaN,
        "Average Dilution Earnings": NaN,
        "Net Income Common Stockholders": NaN,
        "Net Income": NaN,
        "Minority Interests": NaN,
        "Net Income Including Noncontrolling Interests": NaN,
        "Net Income Continuous Operations": NaN,
        "Earnings From Equity Interest Net Of Tax": 0.0,
        "Tax Provision": NaN,
        "Pretax Income": NaN,
        "Other Income Expense": NaN,
        "Other Non Operating Income Expenses": NaN,
        "Special Income Charges": NaN,
        "Other Special Charges": NaN,
        "Restructuring And Mergern Acquisition": NaN,
        "Gain On Sale Of Security": NaN,
        "Net Non Operating Interest Income Expense": NaN,
        "Interest Expense Non Operating": NaN,
        "Interest Income Non Operating": NaN,
        "Operating Income": NaN,
        "Operating Expense": NaN,
        "Depreciation Amortization Depletion Income Statement": NaN,
        "Depreciation And Amortization In Income Statement": NaN,
        "Research And Development": NaN,
        "Selling General And Administration": NaN,
        "Selling And Marketing Expense": NaN,
        "General And Administrative Expense": NaN,
        "Other Gand A": NaN,
        "Gross Profit": NaN,
        "Cost Of Revenue": NaN,
        "Total Revenue": NaN,
        "Operating Revenue": NaN
    },
    "2022-12-31": {
        "Tax Effect Of Unusual Items": NaN,
        "Tax Rate For Calcs": NaN,
        "Normalized EBITDA": NaN,
        "Total Unusual Items": NaN,
        "Total Unusual Items Excluding Goodwill": NaN,
        "Net Income From Continuing Operation Net Minority Interest": NaN,
        "Reconciled Depreciation": NaN,
        "Reconciled Cost Of Revenue": NaN,
        "EBITDA": NaN,
        "EBIT": NaN,
        "Net Interest Income": NaN,
        "Interest Expense": NaN,
        "Interest Income": NaN,
        "Normalized Income": NaN,
        "Net Income From Continuing And Discontinued Operation": NaN,
        "Total Expenses": NaN,
        "Total Operating Income As Reported": NaN,
        "Diluted Average Shares": NaN,
        "Basic Average Shares": NaN,
        "Diluted EPS": NaN,
        "Basic EPS": NaN,
        "Diluted NI Availto Com Stockholders": NaN,
        "Average Dilution Earnings": NaN,
        "Net Income Common Stockholders": NaN,
        "Net Income": NaN,
        "Minority Interests": NaN,
        "Net Income Including Noncontrolling Interests": NaN,
        "Net Income Continuous Operations": NaN,
        "Earnings From Equity Interest Net Of Tax": 0.0,
        "Tax Provision": NaN,
        "Pretax Income": NaN,
        "Other Income Expense": NaN,
        "Other Non Operating Income Expenses": NaN,
        "Special Income Charges": NaN,
        "Restructuring And Mergern Acquisition": NaN,
        "Gain On Sale Of Security": NaN,
        "Net Non Operating Interest Income Expense": NaN,
        "Interest Expense Non Operating": NaN,
        "Interest Income Non Operating": NaN,
        "Operating Income": NaN,
        "Operating Expense": NaN,
        "Depreciation Amortization Depletion Income Statement": NaN,
        "Depreciation And Amortization In Income Statement": NaN,
        "Research And Development": NaN,
        "Selling General And Administration": NaN,
        "Selling And Marketing Expense": NaN,
        "General And Administrative Expense": NaN,
        "Other Gand A": NaN,
        "Gross Profit": NaN,
        "Cost Of Revenue": NaN,
        "Total Revenue": NaN,
        "Operating Revenue": NaN
    },
    "2022-09-30": {
        "Tax Effect Of Unusual Items": NaN,
        "Tax Rate For Calcs": NaN,
        "Normalized EBITDA": NaN,
        "Total Unusual Items": NaN,
        "Total Unusual Items Excluding Goodwill": NaN,
        "Net Income From Continuing Operation Net Minority Interest": NaN,
        "Reconciled Depreciation": NaN,
        "Reconciled Cost Of Revenue": NaN,
        "EBITDA": NaN,
        "EBIT": NaN,
        "Net Interest Income": NaN,
        "Interest Expense": NaN,
        "Normalized Income": NaN,
        "Net Income From Continuing And Discontinued Operation": NaN,
        "Total Expenses": NaN,
        "Total Operating Income As Reported": NaN,
        "Diluted Average Shares": 48867969.0,
        "Basic Average Shares": 48867969.0,
        "Diluted EPS": -0.43,
        "Basic EPS": -0.43,
        "Diluted NI Availto Com Stockholders": NaN,
        "Average Dilution Earnings": -53000000.0,
        "Net Income Common Stockholders": NaN,
        "Net Income": NaN,
        "Minority Interests": NaN,
        "Net Income Including Noncontrolling Interests": NaN,
        "Net Income Continuous Operations": NaN,
        "Earnings From Equity Interest Net Of Tax": NaN,
        "Tax Provision": NaN,
        "Pretax Income": NaN,
        "Other Income Expense": NaN,
        "Other Non Operating Income Expenses": NaN,
        "Special Income Charges": NaN,
        "Restructuring And Mergern Acquisition": NaN,
        "Gain On Sale Of Security": NaN,
        "Net Non Operating Interest Income Expense": NaN,
        "Interest Expense Non Operating": NaN,
        "Operating Income": NaN,
        "Operating Expense": NaN,
        "Depreciation Amortization Depletion Income Statement": NaN,
        "Depreciation And Amortization In Income Statement": NaN,
        "Research And Development": NaN,
        "Selling General And Administration": NaN,
        "Selling And Marketing Expense": NaN,
        "General And Administrative Expense": NaN,
        "Other Gand A": NaN,
        "Gross Profit": NaN,
        "Cost Of Revenue": NaN,
        "Total Revenue": NaN,
        "Operating Revenue": NaN
    },
    "2022-06-30": {
        "Tax Effect Of Unusual Items": 16400000.0,
        "Tax Rate For Calcs": 0.4,
        "Normalized EBITDA": 23000000.0,
        "Total Unusual Items": 41000000.0,
        "Total Unusual Items Excluding Goodwill": 41000000.0,
        "Net Income From Continuing Operation Net Minority Interest": 21000000.0,
        "Reconciled Depreciation": 45000000.0,
        "Reconciled Cost Of Revenue": 199000000.0,
        "EBITDA": 64000000.0,
        "EBIT": 19000000.0,
        "Net Interest Income": -24000000.0,
        "Interest Expense": 24000000.0,
        "Normalized Income": -3600000.0,
        "Net Income From Continuing And Discontinued Operation": 21000000.0,
        "Total Expenses": 510000000.0,
        "Total Operating Income As Reported": -19000000.0,
        "Diluted Average Shares": 444320221.0,
        "Basic Average Shares": 48867969.0,
        "Diluted EPS": -0.004501,
        "Basic EPS": 0.44,
        "Diluted NI Availto Com Stockholders": -2000000.0,
        "Average Dilution Earnings": -23000000.0,
        "Net Income Common Stockholders": 21000000.0,
        "Net Income": 21000000.0,
        "Minority Interests": 23000000.0,
        "Net Income Including Noncontrolling Interests": -2000000.0,
        "Net Income Continuous Operations": -2000000.0,
        "Earnings From Equity Interest Net Of Tax": -1000000.0,
        "Tax Provision": -4000000.0,
        "Pretax Income": -5000000.0,
        "Other Income Expense": 43000000.0,
        "Other Non Operating Income Expenses": 2000000.0,
        "Special Income Charges": 5000000.0,
        "Restructuring And Mergern Acquisition": -5000000.0,
        "Gain On Sale Of Security": 36000000.0,
        "Net Non Operating Interest Income Expense": -24000000.0,
        "Interest Expense Non Operating": 24000000.0,
        "Operating Income": -24000000.0,
        "Operating Expense": 311000000.0,
        "Depreciation Amortization Depletion Income Statement": 45000000.0,
        "Depreciation And Amortization In Income Statement": 45000000.0,
        "Research And Development": 95000000.0,
        "Selling General And Administration": 171000000.0,
        "Selling And Marketing Expense": 82000000.0,
        "General And Administrative Expense": 89000000.0,
        "Other Gand A": 89000000.0,
        "Gross Profit": 287000000.0,
        "Cost Of Revenue": 199000000.0,
        "Total Revenue": 486000000.0,
        "Operating Revenue": 486000000.0
    },
    "2022-03-31": {
        "Diluted EPS": 0.0,
        "Total Revenue": 350,
        "Gross Profit": 177,
        "Operating Income": -96,
        "EBIT": -52,
        "Net Income": NaN
    },
    "2021-12-31": {
        "Diluted EPS": 0.0,
        "Total Revenue": 413,
        "Gross Profit": 158,
        "Operating Income": -317,
        "EBIT": -267,
        "Net Income": NaN
    },
    "2021-09-30": {
        "Diluted EPS": 0.0,
        "Total Revenue": 197,
        "Gross Profit": 70,
        "Operating Income": -124,
        "EBIT": -92,
        "Net Income": NaN
    },
    "2021-06-30": {
        "Diluted EPS": 0.0,
        "Total Revenue": 153,
        "Gross Profit": 58,
        "Operating Income": -114,
        "EBIT": -114,
        "Net Income": NaN
    },
    "2021-03-31": {
        "Diluted EPS": 0.2,
        "Total Revenue": NaN,
        "Gross Profit": NaN,
        "Operating Income": -5,
        "EBIT": -5,
        "Net Income": 20
    },
    "2020-12-31": {
        "Diluted EPS": 0.0,
        "Total Revenue": NaN,
        "Gross Profit": NaN,
        "Operating Income": NaN,
        "EBIT": NaN,
        "Net Income": NaN
    },
    "2020-09-30": {
        "Diluted EPS": 0.0,
        "Total Revenue": NaN,
        "Gross Profit": NaN,
        "Operating Income": 0,
        "EBIT": 0,
        "Net Income": 0
    },
    "2020-06-30": {
        "Diluted EPS": 0.0,
        "Total Revenue": NaN,
        "Gross Profit": NaN,
        "Operating Income": NaN,
        "EBIT": NaN,
        "Net Income": NaN
    },
    "2020-03-31": {
        "Diluted EPS": 0.0,
        "Total Revenue": NaN,
        "Gross Profit": NaN,
        "Operating Income": 0,
        "EBIT": 0,
        "Net Income": 0
    },
    "2019-12-31": {
        "Diluted EPS": 0.0,
        "Total Revenue": NaN,
        "Gross Profit": NaN,
        "Operating Income": NaN,
        "EBIT": NaN,
        "Net Income": NaN
    },
    "2019-09-30": {
        "Diluted EPS": 0.0,
        "Total Revenue": NaN,
        "Gross Profit": NaN,
        "Operating Income": NaN,
        "EBIT": NaN,
        "Net Income": NaN
    },
    "2018-12-31": {
        "Diluted EPS": 0.0,
        "Total Revenue": NaN,
        "Gross Profit": NaN,
        "Operating Income": NaN,
        "EBIT": NaN,
        "Net Income": NaN
    },
    "2023-06-30": {
        "Tax Effect Of Unusual Items": NaN,
        "Tax Rate For Calcs": NaN,
        "Normalized EBITDA": NaN,
        "Total Unusual Items": NaN,
        "Total Unusual Items Excluding Goodwill": NaN,
        "Net Income From Continuing Operation Net Minority Interest": NaN,
        "Reconciled Depreciation": NaN,
        "Reconciled Cost Of Revenue": NaN,
        "EBITDA": NaN,
        "EBIT": NaN,
        "Net Interest Income": NaN,
        "Interest Expense": NaN,
        "Interest Income": 0.0,
        "Normalized Income": NaN,
        "Net Income From Continuing And Discontinued Operation": NaN,
        "Total Expenses": NaN,
        "Total Operating Income As Reported": NaN,
        "Diluted Average Shares": 61852280.0,
        "Basic Average Shares": 61852280.0,
        "Diluted EPS": -0.23,
        "Basic EPS": -0.23,
        "Diluted NI Availto Com Stockholders": NaN,
        "Average Dilution Earnings": -41000000.0,
        "Net Income Common Stockholders": NaN,
        "Net Income": NaN,
        "Minority Interests": NaN,
        "Net Income Including Noncontrolling Interests": NaN,
        "Net Income Continuous Operations": NaN,
        "Earnings From Equity Interest Net Of Tax": 0.0,
        "Tax Provision": NaN,
        "Pretax Income": NaN,
        "Other Income Expense": NaN,
        "Other Non Operating Income Expenses": NaN,
        "Special Income Charges": NaN,
        "Other Special Charges": NaN,
        "Restructuring And Mergern Acquisition": NaN,
        "Gain On Sale Of Security": NaN,
        "Net Non Operating Interest Income Expense": NaN,
        "Interest Expense Non Operating": NaN,
        "Interest Income Non Operating": 0.0,
        "Operating Income": NaN,
        "Operating Expense": NaN,
        "Depreciation Amortization Depletion Income Statement": NaN,
        "Depreciation And Amortization In Income Statement": NaN,
        "Research And Development": NaN,
        "Selling General And Administration": NaN,
        "Selling And Marketing Expense": NaN,
        "General And Administrative Expense": NaN,
        "Other Gand A": NaN,
        "Gross Profit": NaN,
        "Cost Of Revenue": NaN,
        "Total Revenue": NaN,
        "Operating Revenue": NaN
    },
    "2023-09-30": {
        "Tax Effect Of Unusual Items": NaN,
        "Tax Rate For Calcs": NaN,
        "Normalized EBITDA": NaN,
        "Total Unusual Items": NaN,
        "Total Unusual Items Excluding Goodwill": NaN,
        "Net Income From Continuing Operation Net Minority Interest": NaN,
        "Reconciled Depreciation": NaN,
        "Reconciled Cost Of Revenue": NaN,
        "EBITDA": NaN,
        "EBIT": NaN,
        "Net Interest Income": NaN,
        "Interest Expense": NaN,
        "Interest Income": NaN,
        "Normalized Income": NaN,
        "Net Income From Continuing And Discontinued Operation": NaN,
        "Total Expenses": NaN,
        "Total Operating Income As Reported": NaN,
        "Diluted Average Shares": 457742129.0,
        "Basic Average Shares": 419154778.0,
        "Diluted EPS": -0.02,
        "Basic EPS": 0.0,
        "Diluted NI Availto Com Stockholders": NaN,
        "Average Dilution Earnings": -8000000.0,
        "Net Income Common Stockholders": NaN,
        "Net Income": NaN,
        "Minority Interests": NaN,
        "Net Income Including Noncontrolling Interests": NaN,
        "Net Income Continuous Operations": NaN,
        "Earnings From Equity Interest Net Of Tax": 0.0,
        "Tax Provision": NaN,
        "Pretax Income": NaN,
        "Other Income Expense": NaN,
        "Other Non Operating Income Expenses": NaN,
        "Special Income Charges": NaN,
        "Other Special Charges": NaN,
        "Restructuring And Mergern Acquisition": NaN,
        "Gain On Sale Of Security": NaN,
        "Net Non Operating Interest Income Expense": NaN,
        "Interest Expense Non Operating": NaN,
        "Interest Income Non Operating": NaN,
        "Operating Income": NaN,
        "Operating Expense": NaN,
        "Depreciation Amortization Depletion Income Statement": NaN,
        "Depreciation And Amortization In Income Statement": NaN,
        "Research And Development": NaN,
        "Selling General And Administration": NaN,
        "Selling And Marketing Expense": NaN,
        "General And Administrative Expense": NaN,
        "Other Gand A": NaN,
        "Gross Profit": NaN,
        "Cost Of Revenue": NaN,
        "Total Revenue": NaN,
        "Operating Revenue": NaN
    },
    "2023-12-31": {
        "Tax Effect Of Unusual Items": NaN,
        "Tax Rate For Calcs": NaN,
        "Normalized EBITDA": NaN,
        "Total Unusual Items": NaN,
        "Total Unusual Items Excluding Goodwill": NaN,
        "Net Income From Continuing Operation Net Minority Interest": NaN,
        "Reconciled Depreciation": NaN,
        "Reconciled Cost Of Revenue": NaN,
        "EBITDA": NaN,
        "EBIT": NaN,
        "Net Interest Income": NaN,
        "Interest Expense": NaN,
        "Interest Income": NaN,
        "Normalized Income": NaN,
        "Net Income From Continuing And Discontinued Operation": NaN,
        "Total Expenses": NaN,
        "Total Operating Income As Reported": NaN,
        "Diluted Average Shares": NaN,
        "Basic Average Shares": NaN,
        "Diluted EPS": NaN,
        "Basic EPS": NaN,
        "Diluted NI Availto Com Stockholders": NaN,
        "Average Dilution Earnings": NaN,
        "Net Income Common Stockholders": NaN,
        "Net Income": NaN,
        "Minority Interests": NaN,
        "Net Income Including Noncontrolling Interests": NaN,
        "Net Income Continuous Operations": NaN,
        "Earnings From Equity Interest Net Of Tax": 0.0,
        "Tax Provision": NaN,
        "Pretax Income": NaN,
        "Other Income Expense": NaN,
        "Other Non Operating Income Expenses": NaN,
        "Special Income Charges": NaN,
        "Other Special Charges": NaN,
        "Restructuring And Mergern Acquisition": NaN,
        "Gain On Sale Of Security": NaN,
        "Net Non Operating Interest Income Expense": NaN,
        "Interest Expense Non Operating": NaN,
        "Interest Income Non Operating": NaN,
        "Operating Income": NaN,
        "Operating Expense": NaN,
        "Depreciation Amortization Depletion Income Statement": NaN,
        "Depreciation And Amortization In Income Statement": NaN,
        "Research And Development": NaN,
        "Selling General And Administration": NaN,
        "Selling And Marketing Expense": NaN,
        "General And Administrative Expense": NaN,
        "Other Gand A": NaN,
        "Gross Profit": NaN,
        "Cost Of Revenue": NaN,
        "Total Revenue": NaN,
        "Operating Revenue": NaN
    },
    "2024-03-31": {
        "Tax Effect Of Unusual Items": NaN,
        "Tax Rate For Calcs": NaN,
        "Normalized EBITDA": NaN,
        "Total Unusual Items": NaN,
        "Total Unusual Items Excluding Goodwill": NaN,
        "Net Income From Continuing Operation Net Minority Interest": NaN,
        "Reconciled Depreciation": NaN,
        "Reconciled Cost Of Revenue": NaN,
        "EBITDA": NaN,
        "EBIT": NaN,
        "Net Interest Income": NaN,
        "Interest Expense": NaN,
        "Interest Income": NaN,
        "Normalized Income": NaN,
        "Net Income From Continuing And Discontinued Operation": NaN,
        "Total Expenses": NaN,
        "Total Operating Income As Reported": NaN,
        "Diluted Average Shares": NaN,
        "Basic Average Shares": NaN,
        "Diluted EPS": NaN,
        "Basic EPS": NaN,
        "Diluted NI Availto Com Stockholders": NaN,
        "Average Dilution Earnings": 0.0,
        "Net Income Common Stockholders": NaN,
        "Net Income": NaN,
        "Minority Interests": NaN,
        "Net Income Including Noncontrolling Interests": NaN,
        "Net Income Continuous Operations": NaN,
        "Earnings From Equity Interest Net Of Tax": NaN,
        "Tax Provision": NaN,
        "Pretax Income": NaN,
        "Other Income Expense": NaN,
        "Other Non Operating Income Expenses": NaN,
        "Special Income Charges": NaN,
        "Other Special Charges": NaN,
        "Restructuring And Mergern Acquisition": NaN,
        "Gain On Sale Of Security": NaN,
        "Net Non Operating Interest Income Expense": NaN,
        "Interest Expense Non Operating": NaN,
        "Interest Income Non Operating": NaN,
        "Operating Income": NaN,
        "Operating Expense": NaN,
        "Depreciation Amortization Depletion Income Statement": NaN,
        "Depreciation And Amortization In Income Statement": NaN,
        "Research And Development": NaN,
        "Selling General And Administration": NaN,
        "Selling And Marketing Expense": NaN,
        "General And Administrative Expense": NaN,
        "Other Gand A": NaN,
        "Gross Profit": NaN,
        "Cost Of Revenue": NaN,
        "Total Revenue": NaN,
        "Operating Revenue": NaN
    },
    "2024-06-30": {
        "Tax Effect Of Unusual Items": NaN,
        "Tax Rate For Calcs": NaN,
        "Normalized EBITDA": NaN,
        "Total Unusual Items": NaN,
        "Total Unusual Items Excluding Goodwill": NaN,
        "Net Income From Continuing Operation Net Minority Interest": NaN,
        "Reconciled Depreciation": NaN,
        "Reconciled Cost Of Revenue": NaN,
        "EBITDA": NaN,
        "EBIT": NaN,
        "Net Interest Income": NaN,
        "Interest Expense": NaN,
        "Interest Income": NaN,
        "Normalized Income": NaN,
        "Net Income From Continuing And Discontinued Operation": NaN,
        "Total Expenses": NaN,
        "Total Operating Income As Reported": NaN,
        "Diluted Average Shares": 470655337.0,
        "Basic Average Shares": 464602244.0,
        "Diluted EPS": 0.06,
        "Basic EPS": 0.06,
        "Diluted NI Availto Com Stockholders": NaN,
        "Average Dilution Earnings": 0.0,
        "Net Income Common Stockholders": NaN,
        "Net Income": NaN,
        "Minority Interests": NaN,
        "Net Income Including Noncontrolling Interests": NaN,
        "Net Income Continuous Operations": NaN,
        "Earnings From Equity Interest Net Of Tax": 0.0,
        "Tax Provision": NaN,
        "Pretax Income": NaN,
        "Other Income Expense": NaN,
        "Other Non Operating Income Expenses": NaN,
        "Special Income Charges": NaN,
        "Other Special Charges": NaN,
        "Restructuring And Mergern Acquisition": NaN,
        "Gain On Sale Of Security": NaN,
        "Net Non Operating Interest Income Expense": NaN,
        "Interest Expense Non Operating": NaN,
        "Interest Income Non Operating": NaN,
        "Operating Income": NaN,
        "Operating Expense": NaN,
        "Depreciation Amortization Depletion Income Statement": NaN,
        "Depreciation And Amortization In Income Statement": NaN,
        "Research And Development": NaN,
        "Selling General And Administration": NaN,
        "Selling And Marketing Expense": NaN,
        "General And Administrative Expense": NaN,
        "Other Gand A": NaN,
        "Gross Profit": NaN,
        "Cost Of Revenue": NaN,
        "Total Revenue": NaN,
        "Operating Revenue": NaN
    },
    "2024-09-30": {
        "Tax Effect Of Unusual Items": -13440000.0,
        "Tax Rate For Calcs": 0.21,
        "Normalized EBITDA": 61000000.0,
        "Total Unusual Items": -64000000.0,
        "Total Unusual Items Excluding Goodwill": -64000000.0,
        "Net Income From Continuing Operation Net Minority Interest": -129000000.0,
        "Reconciled Depreciation": 43000000.0,
        "Reconciled Cost Of Revenue": 237000000.0,
        "EBITDA": -3000000.0,
        "EBIT": -46000000.0,
        "Net Interest Income": -26000000.0,
        "Interest Expense": 28000000.0,
        "Interest Income": 2000000.0,
        "Normalized Income": -78440000.0,
        "Net Income From Continuing And Discontinued Operation": -129000000.0,
        "Total Expenses": 566000000.0,
        "Total Operating Income As Reported": 27000000.0,
        "Diluted Average Shares": 462291043.0,
        "Basic Average Shares": 462291043.0,
        "Diluted EPS": -0.28,
        "Basic EPS": -0.28,
        "Diluted NI Availto Com Stockholders": -129000000.0,
        "Average Dilution Earnings": 0.0,
        "Net Income Common Stockholders": -129000000.0,
        "Net Income": -129000000.0,
        "Minority Interests": -1000000.0,
        "Net Income Including Noncontrolling Interests": -128000000.0,
        "Net Income Continuous Operations": -128000000.0,
        "Earnings From Equity Interest Net Of Tax": 0.0,
        "Tax Provision": 54000000.0,
        "Pretax Income": -74000000.0,
        "Other Income Expense": -79000000.0,
        "Other Non Operating Income Expenses": -15000000.0,
        "Special Income Charges": -42000000.0,
        "Other Special Charges": 38000000.0,
        "Restructuring And Mergern Acquisition": 4000000.0,
        "Gain On Sale Of Security": -22000000.0,
        "Net Non Operating Interest Income Expense": -26000000.0,
        "Interest Expense Non Operating": 28000000.0,
        "Interest Income Non Operating": 2000000.0,
        "Operating Income": 31000000.0,
        "Operating Expense": 329000000.0,
        "Depreciation Amortization Depletion Income Statement": 43000000.0,
        "Depreciation And Amortization In Income Statement": 43000000.0,
        "Research And Development": 112000000.0,
        "Selling General And Administration": 174000000.0,
        "Selling And Marketing Expense": 99000000.0,
        "General And Administrative Expense": 75000000.0,
        "Other Gand A": 75000000.0,
        "Gross Profit": 360000000.0,
        "Cost Of Revenue": 237000000.0,
        "Total Revenue": 597000000.0,
        "Operating Revenue": 597000000.0
    },
    "2024-12-31": {
        "Tax Effect Of Unusual Items": -9450000.0,
        "Tax Rate For Calcs": 0.21,
        "Normalized EBITDA": 101000000.0,
        "Total Unusual Items": -45000000.0,
        "Total Unusual Items Excluding Goodwill": -45000000.0,
        "Net Income From Continuing Operation Net Minority Interest": -16000000.0,
        "Reconciled Depreciation": 40000000.0,
        "Reconciled Cost Of Revenue": 238000000.0,
        "EBITDA": 56000000.0,
        "EBIT": 16000000.0,
        "Net Interest Income": -20000000.0,
        "Interest Expense": 22000000.0,
        "Interest Income": 2000000.0,
        "Normalized Income": 19550000.0,
        "Net Income From Continuing And Discontinued Operation": -16000000.0,
        "Total Expenses": 558000000.0,
        "Total Operating Income As Reported": 30000000.0,
        "Diluted Average Shares": NaN,
        "Basic Average Shares": NaN,
        "Diluted EPS": NaN,
        "Basic EPS": NaN,
        "Diluted NI Availto Com Stockholders": -16000000.0,
        "Average Dilution Earnings": NaN,
        "Net Income Common Stockholders": -16000000.0,
        "Net Income": -16000000.0,
        "Minority Interests": -2000000.0,
        "Net Income Including Noncontrolling Interests": -14000000.0,
        "Net Income Continuous Operations": -14000000.0,
        "Earnings From Equity Interest Net Of Tax": NaN,
        "Tax Provision": 11000000.0,
        "Pretax Income": -6000000.0,
        "Other Income Expense": -19000000.0,
        "Other Non Operating Income Expenses": 26000000.0,
        "Special Income Charges": -3000000.0,
        "Other Special Charges": 0.0,
        "Restructuring And Mergern Acquisition": 3000000.0,
        "Gain On Sale Of Security": -42000000.0,
        "Net Non Operating Interest Income Expense": -20000000.0,
        "Interest Expense Non Operating": 22000000.0,
        "Interest Income Non Operating": 2000000.0,
        "Operating Income": 33000000.0,
        "Operating Expense": 320000000.0,
        "Depreciation Amortization Depletion Income Statement": 40000000.0,
        "Depreciation And Amortization In Income Statement": 40000000.0,
        "Research And Development": 110000000.0,
        "Selling General And Administration": 170000000.0,
        "Selling And Marketing Expense": 103000000.0,
        "General And Administrative Expense": 67000000.0,
        "Other Gand A": 67000000.0,
        "Gross Profit": 353000000.0,
        "Cost Of Revenue": 238000000.0,
        "Total Revenue": 591000000.0,
        "Operating Revenue": 591000000.0
    },
    "2025-03-31": {
        "Tax Effect Of Unusual Items": 14875000.0,
        "Tax Rate For Calcs": 0.21875,
        "Normalized EBITDA": 92000000.0,
        "Total Unusual Items": 68000000.0,
        "Total Unusual Items Excluding Goodwill": 68000000.0,
        "Net Income From Continuing Operation Net Minority Interest": 75000000.0,
        "Reconciled Depreciation": 40000000.0,
        "Reconciled Cost Of Revenue": 231000000.0,
        "EBITDA": 160000000.0,
        "EBIT": 120000000.0,
        "Net Interest Income": -22000000.0,
        "Interest Expense": 24000000.0,
        "Interest Income": 2000000.0,
        "Normalized Income": 21875000.0,
        "Net Income From Continuing And Discontinued Operation": 75000000.0,
        "Total Expenses": 562000000.0,
        "Total Operating Income As Reported": 55000000.0,
        "Diluted Average Shares": 478715682.0,
        "Basic Average Shares": 465872540.0,
        "Diluted EPS": 0.16,
        "Basic EPS": 0.16,
        "Diluted NI Availto Com Stockholders": 75000000.0,
        "Average Dilution Earnings": NaN,
        "Net Income Common Stockholders": 75000000.0,
        "Net Income": 75000000.0,
        "Minority Interests": 0.0,
        "Net Income Including Noncontrolling Interests": 75000000.0,
        "Net Income Continuous Operations": 75000000.0,
        "Earnings From Equity Interest Net Of Tax": NaN,
        "Tax Provision": 21000000.0,
        "Pretax Income": 96000000.0,
        "Other Income Expense": 59000000.0,
        "Other Non Operating Income Expenses": -9000000.0,
        "Special Income Charges": -6000000.0,
        "Other Special Charges": 2000000.0,
        "Restructuring And Mergern Acquisition": 4000000.0,
        "Gain On Sale Of Security": 74000000.0,
        "Net Non Operating Interest Income Expense": -22000000.0,
        "Interest Expense Non Operating": 24000000.0,
        "Interest Income Non Operating": 2000000.0,
        "Operating Income": 59000000.0,
        "Operating Expense": 331000000.0,
        "Depreciation Amortization Depletion Income Statement": 40000000.0,
        "Depreciation And Amortization In Income Statement": 40000000.0,
        "Research And Development": 120000000.0,
        "Selling General And Administration": 171000000.0,
        "Selling And Marketing Expense": 103000000.0,
        "General And Administrative Expense": 68000000.0,
        "Other Gand A": 68000000.0,
        "Gross Profit": 390000000.0,
        "Cost Of Revenue": 231000000.0,
        "Total Revenue": 621000000.0,
        "Operating Revenue": 621000000.0
    },
    "2025-06-30": {
        "Tax Effect Of Unusual Items": 4200000.0,
        "Tax Rate For Calcs": 0.21,
        "Normalized EBITDA": 80000000.0,
        "Total Unusual Items": 20000000.0,
        "Total Unusual Items Excluding Goodwill": 20000000.0,
        "Net Income From Continuing Operation Net Minority Interest": 13000000.0,
        "Reconciled Depreciation": 43000000.0,
        "Reconciled Cost Of Revenue": 242000000.0,
        "EBITDA": 100000000.0,
        "EBIT": 57000000.0,
        "Net Interest Income": -21000000.0,
        "Interest Expense": 23000000.0,
        "Interest Income": 2000000.0,
        "Normalized Income": -2800000.0,
        "Net Income From Continuing And Discontinued Operation": 13000000.0,
        "Total Expenses": 585000000.0,
        "Total Operating Income As Reported": 34000000.0,
        "Diluted Average Shares": 474839915.0,
        "Basic Average Shares": 470877173.0,
        "Diluted EPS": 0.03,
        "Basic EPS": 0.03,
        "Diluted NI Availto Com Stockholders": 13000000.0,
        "Average Dilution Earnings": NaN,
        "Net Income Common Stockholders": 13000000.0,
        "Net Income": 13000000.0,
        "Minority Interests": -2000000.0,
        "Net Income Including Noncontrolling Interests": 15000000.0,
        "Net Income Continuous Operations": 15000000.0,
        "Earnings From Equity Interest Net Of Tax": 2000000.0,
        "Tax Provision": 21000000.0,
        "Pretax Income": 34000000.0,
        "Other Income Expense": 9000000.0,
        "Other Non Operating Income Expenses": -11000000.0,
        "Special Income Charges": -12000000.0,
        "Other Special Charges": NaN,
        "Restructuring And Mergern Acquisition": 12000000.0,
        "Gain On Sale Of Security": 32000000.0,
        "Net Non Operating Interest Income Expense": -21000000.0,
        "Interest Expense Non Operating": 23000000.0,
        "Interest Income Non Operating": 2000000.0,
        "Operating Income": 46000000.0,
        "Operating Expense": 343000000.0,
        "Depreciation Amortization Depletion Income Statement": 43000000.0,
        "Depreciation And Amortization In Income Statement": 43000000.0,
        "Research And Development": 120000000.0,
        "Selling General And Administration": 180000000.0,
        "Selling And Marketing Expense": 111000000.0,
        "General And Administrative Expense": 69000000.0,
        "Other Gand A": 69000000.0,
        "Gross Profit": 389000000.0,
        "Cost Of Revenue": 242000000.0,
        "Total Revenue": 631000000.0,
        "Operating Revenue": 631000000.0
    },
    "2025-09-30": {
        "Tax Effect Of Unusual Items": -11550000.0,
        "Tax Rate For Calcs": 0.21,
        "Normalized EBITDA": 88000000.0,
        "Total Unusual Items": -55000000.0,
        "Total Unusual Items Excluding Goodwill": -55000000.0,
        "Net Income From Continuing Operation Net Minority Interest": -62000000.0,
        "Reconciled Depreciation": 49000000.0,
        "Reconciled Cost Of Revenue": 270000000.0,
        "EBITDA": 33000000.0,
        "EBIT": -16000000.0,
        "Net Interest Income": -22000000.0,
        "Interest Expense": 24000000.0,
        "Interest Income": 2000000.0,
        "Normalized Income": -18550000.0,
        "Net Income From Continuing And Discontinued Operation": -62000000.0,
        "Total Expenses": 633000000.0,
        "Total Operating Income As Reported": 12000000.0,
        "Diluted Average Shares": 485823844.0,
        "Basic Average Shares": 485823844.0,
        "Diluted EPS": -0.13,
        "Basic EPS": -0.13,
        "Diluted NI Availto Com Stockholders": -62000000.0,
        "Average Dilution Earnings": NaN,
        "Net Income Common Stockholders": -62000000.0,
        "Net Income": -62000000.0,
        "Minority Interests": 0.0,
        "Net Income Including Noncontrolling Interests": -62000000.0,
        "Net Income Continuous Operations": -62000000.0,
        "Earnings From Equity Interest Net Of Tax": 2000000.0,
        "Tax Provision": 24000000.0,
        "Pretax Income": -40000000.0,
        "Other Income Expense": -59000000.0,
        "Other Non Operating Income Expenses": -4000000.0,
        "Special Income Charges": -29000000.0,
        "Other Special Charges": NaN,
        "Restructuring And Mergern Acquisition": 29000000.0,
        "Gain On Sale Of Security": -26000000.0,
        "Net Non Operating Interest Income Expense": -22000000.0,
        "Interest Expense Non Operating": 24000000.0,
        "Interest Income Non Operating": 2000000.0,
        "Operating Income": 41000000.0,
        "Operating Expense": 363000000.0,
        "Depreciation Amortization Depletion Income Statement": 49000000.0,
        "Depreciation And Amortization In Income Statement": 49000000.0,
        "Research And Development": 130000000.0,
        "Selling General And Administration": 184000000.0,
        "Selling And Marketing Expense": 108000000.0,
        "General And Administrative Expense": 76000000.0,
        "Other Gand A": 76000000.0,
        "Gross Profit": 404000000.0,
        "Cost Of Revenue": 270000000.0,
        "Total Revenue": 674000000.0,
        "Operating Revenue": 674000000.0
    }
}