{
    "2023-03-31": {
        "Tax Effect Of Unusual Items": NaN,
        "Tax Rate For Calcs": NaN,
        "Normalized EBITDA": NaN,
        "Total Unusual Items": NaN,
        "Total Unusual Items Excluding Goodwill": NaN,
        "Net Income From Continuing Operation Net Minority Interest": NaN,
        "Reconciled Depreciation": NaN,
        "Reconciled Cost Of Revenue": NaN,
        "EBITDA": NaN,
        "EBIT": NaN,
        "Net Interest Income": NaN,
        "Interest Expense": NaN,
        "Normalized Income": NaN,
        "Net Income From Continuing And Discontinued Operation": NaN,
        "Total Expenses": NaN,
        "Total Operating Income As Reported": NaN,
        "Diluted Average Shares": 186615581.0,
        "Basic Average Shares": 42380335.0,
        "Diluted EPS": -0.1,
        "Basic EPS": -0.03,
        "Diluted NI Availto Com Stockholders": NaN,
        "Average Dilution Earnings": NaN,
        "Net Income Common Stockholders": NaN,
        "Net Income": NaN,
        "Minority Interests": NaN,
        "Net Income Including Noncontrolling Interests": NaN,
        "Net Income Continuous Operations": NaN,
        "Tax Provision": NaN,
        "Pretax Income": NaN,
        "Other Income Expense": NaN,
        "Other Non Operating Income Expenses": NaN,
        "Gain On Sale Of Security": NaN,
        "Net Non Operating Interest Income Expense": NaN,
        "Interest Expense Non Operating": NaN,
        "Operating Income": NaN,
        "Operating Expense": NaN,
        "Other Operating Expenses": NaN,
        "Selling General And Administration": NaN,
        "General And Administrative Expense": NaN,
        "Other Gand A": NaN,
        "Salaries And Wages": 25793000.0,
        "Gross Profit": NaN,
        "Cost Of Revenue": NaN,
        "Total Revenue": NaN,
        "Operating Revenue": NaN
    },
    "2022-12-31": {
        "Tax Effect Of Unusual Items": NaN,
        "Tax Rate For Calcs": NaN,
        "Normalized EBITDA": NaN,
        "Total Unusual Items": NaN,
        "Total Unusual Items Excluding Goodwill": NaN,
        "Net Income From Continuing Operation Net Minority Interest": NaN,
        "Reconciled Depreciation": NaN,
        "Reconciled Cost Of Revenue": NaN,
        "EBITDA": NaN,
        "EBIT": NaN,
        "Net Interest Income": NaN,
        "Interest Expense": NaN,
        "Normalized Income": NaN,
        "Net Income From Continuing And Discontinued Operation": NaN,
        "Total Expenses": NaN,
        "Total Operating Income As Reported": NaN,
        "Diluted Average Shares": 187400000.0,
        "Basic Average Shares": 42300000.0,
        "Diluted EPS": 0.05,
        "Basic EPS": 0.1,
        "Diluted NI Availto Com Stockholders": NaN,
        "Average Dilution Earnings": NaN,
        "Net Income Common Stockholders": NaN,
        "Net Income": NaN,
        "Minority Interests": NaN,
        "Net Income Including Noncontrolling Interests": NaN,
        "Net Income Continuous Operations": NaN,
        "Tax Provision": NaN,
        "Pretax Income": NaN,
        "Other Income Expense": NaN,
        "Other Non Operating Income Expenses": NaN,
        "Gain On Sale Of Security": NaN,
        "Net Non Operating Interest Income Expense": NaN,
        "Interest Expense Non Operating": NaN,
        "Operating Income": NaN,
        "Operating Expense": NaN,
        "Other Operating Expenses": NaN,
        "Selling General And Administration": NaN,
        "General And Administrative Expense": NaN,
        "Other Gand A": NaN,
        "Salaries And Wages": NaN,
        "Gross Profit": NaN,
        "Cost Of Revenue": NaN,
        "Total Revenue": NaN,
        "Operating Revenue": NaN
    },
    "2022-09-30": {
        "Tax Effect Of Unusual Items": -970560.0,
        "Tax Rate For Calcs": 0.16,
        "Normalized EBITDA": 29778000.0,
        "Total Unusual Items": -6066000.0,
        "Total Unusual Items Excluding Goodwill": -6066000.0,
        "Net Income From Continuing Operation Net Minority Interest": 3099000.0,
        "Reconciled Depreciation": 961000.0,
        "Reconciled Cost Of Revenue": 86502000.0,
        "EBITDA": 23712000.0,
        "EBIT": 22751000.0,
        "Net Interest Income": -5797000.0,
        "Interest Expense": 5797000.0,
        "Normalized Income": 8194440.0,
        "Net Income From Continuing And Discontinued Operation": 3099000.0,
        "Total Expenses": 108484000.0,
        "Total Operating Income As Reported": 28730000.0,
        "Diluted Average Shares": 187899485.0,
        "Basic Average Shares": 43518580.0,
        "Diluted EPS": 0.02,
        "Basic EPS": 0.07,
        "Diluted NI Availto Com Stockholders": 4388000.0,
        "Average Dilution Earnings": 1289000.0,
        "Net Income Common Stockholders": 3099000.0,
        "Net Income": 3099000.0,
        "Minority Interests": -11066000.0,
        "Net Income Including Noncontrolling Interests": 14165000.0,
        "Net Income Continuous Operations": 14165000.0,
        "Tax Provision": 2789000.0,
        "Pretax Income": 16954000.0,
        "Other Income Expense": -5979000.0,
        "Other Non Operating Income Expenses": 87000.0,
        "Gain On Sale Of Security": -6066000.0,
        "Net Non Operating Interest Income Expense": -5797000.0,
        "Interest Expense Non Operating": 5797000.0,
        "Operating Income": 28730000.0,
        "Operating Expense": 21982000.0,
        "Selling General And Administration": 21982000.0,
        "General And Administrative Expense": 21982000.0,
        "Other Gand A": 21982000.0,
        "Gross Profit": 50712000.0,
        "Cost Of Revenue": 86502000.0,
        "Total Revenue": 137214000.0,
        "Operating Revenue": 136182000.0
    },
    "2022-06-30": {
        "Tax Effect Of Unusual Items": 1106580.0,
        "Tax Rate For Calcs": 0.06,
        "Normalized EBITDA": 20812000.0,
        "Total Unusual Items": 18443000.0,
        "Total Unusual Items Excluding Goodwill": 18443000.0,
        "Net Income From Continuing Operation Net Minority Interest": 7605000.0,
        "Reconciled Depreciation": 974000.0,
        "Reconciled Cost Of Revenue": 61429000.0,
        "EBITDA": 39255000.0,
        "EBIT": 38281000.0,
        "Net Interest Income": -5591000.0,
        "Interest Expense": 5591000.0,
        "Normalized Income": -9731420.0,
        "Net Income From Continuing And Discontinued Operation": 7605000.0,
        "Total Expenses": 84522000.0,
        "Total Operating Income As Reported": 19838000.0,
        "Diluted Average Shares": 189354138.0,
        "Basic Average Shares": 45118448.0,
        "Diluted EPS": 0.13,
        "Basic EPS": 0.17,
        "Diluted NI Availto Com Stockholders": 25422000.0,
        "Average Dilution Earnings": 17817000.0,
        "Net Income Common Stockholders": 7605000.0,
        "Net Income": 7605000.0,
        "Minority Interests": -23074000.0,
        "Net Income Including Noncontrolling Interests": 30679000.0,
        "Net Income Continuous Operations": 30679000.0,
        "Tax Provision": 2011000.0,
        "Pretax Income": 32690000.0,
        "Other Income Expense": 18443000.0,
        "Other Non Operating Income Expenses": NaN,
        "Gain On Sale Of Security": 18443000.0,
        "Net Non Operating Interest Income Expense": -5591000.0,
        "Interest Expense Non Operating": 5591000.0,
        "Operating Income": 19838000.0,
        "Operating Expense": 23093000.0,
        "Selling General And Administration": 23093000.0,
        "General And Administrative Expense": 23093000.0,
        "Other Gand A": 23093000.0,
        "Gross Profit": 42931000.0,
        "Cost Of Revenue": 61429000.0,
        "Total Revenue": 104360000.0,
        "Operating Revenue": 103335000.0
    },
    "2022-03-31": {
        "Diluted EPS": 0.08,
        "Total Revenue": NaN,
        "Gross Profit": NaN,
        "Operating Income": 18,
        "EBIT": 21,
        "Net Income": 5
    },
    "2021-12-31": {
        "Diluted EPS": 0.32,
        "Total Revenue": NaN,
        "Gross Profit": NaN,
        "Operating Income": 67,
        "EBIT": 69,
        "Net Income": 14
    },
    "2021-09-30": {
        "Diluted EPS": 0.03,
        "Total Revenue": NaN,
        "Gross Profit": NaN,
        "Operating Income": 25,
        "EBIT": 27,
        "Net Income": 4
    },
    "2021-06-30": {
        "Diluted EPS": -0.02,
        "Total Revenue": NaN,
        "Gross Profit": NaN,
        "Operating Income": 22,
        "EBIT": 24,
        "Net Income": 1
    },
    "2021-03-31": {
        "Diluted EPS": -0.05,
        "Total Revenue": NaN,
        "Gross Profit": NaN,
        "Operating Income": -5,
        "EBIT": -3,
        "Net Income": 3
    },
    "2020-12-31": {
        "Diluted EPS": 0.0,
        "Total Revenue": NaN,
        "Gross Profit": NaN,
        "Operating Income": -73,
        "EBIT": -71,
        "Net Income": NaN
    },
    "2020-09-30": {
        "Diluted EPS": 0.0,
        "Total Revenue": NaN,
        "Gross Profit": NaN,
        "Operating Income": 9,
        "EBIT": 12,
        "Net Income": 0
    },
    "2020-06-30": {
        "Diluted EPS": 0.0,
        "Total Revenue": NaN,
        "Gross Profit": NaN,
        "Operating Income": 18,
        "EBIT": 21,
        "Net Income": 0
    },
    "2020-03-31": {
        "Diluted EPS": 0.0,
        "Total Revenue": NaN,
        "Gross Profit": NaN,
        "Operating Income": 3,
        "EBIT": 6,
        "Net Income": 0
    },
    "2019-12-31": {
        "Diluted EPS": -0.11,
        "Total Revenue": NaN,
        "Gross Profit": NaN,
        "Operating Income": 85,
        "EBIT": 85,
        "Net Income": -4
    },
    "2019-09-30": {
        "Diluted EPS": 0.05,
        "Total Revenue": NaN,
        "Gross Profit": NaN,
        "Operating Income": 0,
        "EBIT": 0,
        "Net Income": 2
    },
    "2019-06-30": {
        "Diluted EPS": 0.03,
        "Total Revenue": NaN,
        "Gross Profit": NaN,
        "Operating Income": 0,
        "EBIT": 0,
        "Net Income": 1
    },
    "2019-03-31": {
        "Diluted EPS": 0.03,
        "Total Revenue": NaN,
        "Gross Profit": NaN,
        "Operating Income": 0,
        "EBIT": 0,
        "Net Income": 1
    },
    "2018-12-31": {
        "Diluted EPS": 0.0,
        "Total Revenue": NaN,
        "Gross Profit": NaN,
        "Operating Income": 75,
        "EBIT": 75,
        "Net Income": 0
    },
    "2018-09-30": {
        "Diluted EPS": 0.0,
        "Total Revenue": NaN,
        "Gross Profit": NaN,
        "Operating Income": NaN,
        "EBIT": NaN,
        "Net Income": NaN
    },
    "2018-06-30": {
        "Diluted EPS": 0.0,
        "Total Revenue": NaN,
        "Gross Profit": NaN,
        "Operating Income": NaN,
        "EBIT": NaN,
        "Net Income": NaN
    },
    "2018-03-31": {
        "Diluted EPS": 0.0,
        "Total Revenue": NaN,
        "Gross Profit": NaN,
        "Operating Income": 0,
        "EBIT": 0,
        "Net Income": 0
    },
    "2017-12-31": {
        "Diluted EPS": 0.0,
        "Total Revenue": NaN,
        "Gross Profit": NaN,
        "Operating Income": NaN,
        "EBIT": NaN,
        "Net Income": NaN
    },
    "2023-06-30": {
        "Tax Effect Of Unusual Items": NaN,
        "Tax Rate For Calcs": NaN,
        "Normalized EBITDA": NaN,
        "Total Unusual Items": NaN,
        "Total Unusual Items Excluding Goodwill": NaN,
        "Net Income From Continuing Operation Net Minority Interest": NaN,
        "Reconciled Depreciation": NaN,
        "Reconciled Cost Of Revenue": NaN,
        "EBITDA": NaN,
        "EBIT": NaN,
        "Net Interest Income": NaN,
        "Interest Expense": NaN,
        "Normalized Income": NaN,
        "Net Income From Continuing And Discontinued Operation": NaN,
        "Total Expenses": NaN,
        "Total Operating Income As Reported": NaN,
        "Diluted Average Shares": 187942357.0,
        "Basic Average Shares": 43707111.0,
        "Diluted EPS": -0.23,
        "Basic EPS": 0.11,
        "Diluted NI Availto Com Stockholders": NaN,
        "Average Dilution Earnings": NaN,
        "Net Income Common Stockholders": NaN,
        "Net Income": NaN,
        "Minority Interests": NaN,
        "Net Income Including Noncontrolling Interests": NaN,
        "Net Income Continuous Operations": NaN,
        "Tax Provision": NaN,
        "Pretax Income": NaN,
        "Other Income Expense": NaN,
        "Other Non Operating Income Expenses": NaN,
        "Gain On Sale Of Security": NaN,
        "Net Non Operating Interest Income Expense": NaN,
        "Interest Expense Non Operating": NaN,
        "Operating Income": NaN,
        "Operating Expense": NaN,
        "Other Operating Expenses": NaN,
        "Selling General And Administration": NaN,
        "General And Administrative Expense": NaN,
        "Other Gand A": NaN,
        "Salaries And Wages": NaN,
        "Gross Profit": NaN,
        "Cost Of Revenue": NaN,
        "Total Revenue": NaN,
        "Operating Revenue": NaN
    },
    "2023-09-30": {
        "Tax Effect Of Unusual Items": NaN,
        "Tax Rate For Calcs": NaN,
        "Normalized EBITDA": NaN,
        "Total Unusual Items": NaN,
        "Total Unusual Items Excluding Goodwill": NaN,
        "Net Income From Continuing Operation Net Minority Interest": NaN,
        "Reconciled Depreciation": NaN,
        "Reconciled Cost Of Revenue": 72976000.0,
        "EBITDA": NaN,
        "EBIT": NaN,
        "Net Interest Income": NaN,
        "Interest Expense": NaN,
        "Normalized Income": NaN,
        "Net Income From Continuing And Discontinued Operation": NaN,
        "Total Expenses": NaN,
        "Total Operating Income As Reported": NaN,
        "Diluted Average Shares": 187997448.0,
        "Basic Average Shares": 43467609.0,
        "Diluted EPS": 0.04,
        "Basic EPS": 0.14,
        "Diluted NI Availto Com Stockholders": NaN,
        "Average Dilution Earnings": NaN,
        "Net Income Common Stockholders": NaN,
        "Net Income": NaN,
        "Minority Interests": NaN,
        "Net Income Including Noncontrolling Interests": NaN,
        "Net Income Continuous Operations": NaN,
        "Tax Provision": NaN,
        "Pretax Income": NaN,
        "Other Income Expense": NaN,
        "Other Non Operating Income Expenses": NaN,
        "Gain On Sale Of Security": NaN,
        "Net Non Operating Interest Income Expense": NaN,
        "Interest Expense Non Operating": NaN,
        "Operating Income": NaN,
        "Operating Expense": NaN,
        "Other Operating Expenses": NaN,
        "Selling General And Administration": NaN,
        "General And Administrative Expense": NaN,
        "Other Gand A": NaN,
        "Salaries And Wages": 76413000.0,
        "Gross Profit": 50326000.0,
        "Cost Of Revenue": 72976000.0,
        "Total Revenue": NaN,
        "Operating Revenue": NaN
    },
    "2023-12-31": {
        "Tax Effect Of Unusual Items": NaN,
        "Tax Rate For Calcs": NaN,
        "Normalized EBITDA": NaN,
        "Total Unusual Items": NaN,
        "Total Unusual Items Excluding Goodwill": NaN,
        "Net Income From Continuing Operation Net Minority Interest": NaN,
        "Reconciled Depreciation": NaN,
        "Reconciled Cost Of Revenue": 78539000.0,
        "EBITDA": NaN,
        "EBIT": NaN,
        "Net Interest Income": NaN,
        "Interest Expense": NaN,
        "Normalized Income": NaN,
        "Net Income From Continuing And Discontinued Operation": NaN,
        "Total Expenses": NaN,
        "Total Operating Income As Reported": NaN,
        "Diluted Average Shares": NaN,
        "Basic Average Shares": NaN,
        "Diluted EPS": NaN,
        "Basic EPS": NaN,
        "Diluted NI Availto Com Stockholders": NaN,
        "Average Dilution Earnings": NaN,
        "Net Income Common Stockholders": NaN,
        "Net Income": NaN,
        "Minority Interests": NaN,
        "Net Income Including Noncontrolling Interests": NaN,
        "Net Income Continuous Operations": NaN,
        "Tax Provision": NaN,
        "Pretax Income": NaN,
        "Other Income Expense": NaN,
        "Other Non Operating Income Expenses": NaN,
        "Gain On Sale Of Security": NaN,
        "Net Non Operating Interest Income Expense": NaN,
        "Interest Expense Non Operating": NaN,
        "Operating Income": NaN,
        "Operating Expense": NaN,
        "Other Operating Expenses": NaN,
        "Selling General And Administration": NaN,
        "General And Administrative Expense": NaN,
        "Other Gand A": NaN,
        "Salaries And Wages": NaN,
        "Gross Profit": 37093000.0,
        "Cost Of Revenue": 78539000.0,
        "Total Revenue": NaN,
        "Operating Revenue": NaN
    },
    "2024-03-31": {
        "Tax Effect Of Unusual Items": NaN,
        "Tax Rate For Calcs": NaN,
        "Normalized EBITDA": NaN,
        "Total Unusual Items": NaN,
        "Total Unusual Items Excluding Goodwill": NaN,
        "Net Income From Continuing Operation Net Minority Interest": NaN,
        "Reconciled Depreciation": NaN,
        "Reconciled Cost Of Revenue": 74177000.0,
        "EBITDA": NaN,
        "EBIT": NaN,
        "Net Interest Income": NaN,
        "Interest Expense": NaN,
        "Normalized Income": NaN,
        "Net Income From Continuing And Discontinued Operation": NaN,
        "Total Expenses": NaN,
        "Total Operating Income As Reported": NaN,
        "Diluted Average Shares": NaN,
        "Basic Average Shares": NaN,
        "Diluted EPS": NaN,
        "Basic EPS": NaN,
        "Diluted NI Availto Com Stockholders": NaN,
        "Average Dilution Earnings": NaN,
        "Net Income Common Stockholders": NaN,
        "Net Income": NaN,
        "Minority Interests": NaN,
        "Net Income Including Noncontrolling Interests": NaN,
        "Net Income Continuous Operations": NaN,
        "Tax Provision": NaN,
        "Pretax Income": NaN,
        "Other Income Expense": NaN,
        "Other Non Operating Income Expenses": NaN,
        "Gain On Sale Of Security": NaN,
        "Net Non Operating Interest Income Expense": NaN,
        "Interest Expense Non Operating": NaN,
        "Operating Income": NaN,
        "Operating Expense": NaN,
        "Other Operating Expenses": NaN,
        "Selling General And Administration": NaN,
        "General And Administrative Expense": NaN,
        "Other Gand A": NaN,
        "Salaries And Wages": NaN,
        "Gross Profit": 37503000.0,
        "Cost Of Revenue": 74177000.0,
        "Total Revenue": NaN,
        "Operating Revenue": NaN
    },
    "2024-06-30": {
        "Tax Effect Of Unusual Items": NaN,
        "Tax Rate For Calcs": NaN,
        "Normalized EBITDA": NaN,
        "Total Unusual Items": NaN,
        "Total Unusual Items Excluding Goodwill": NaN,
        "Net Income From Continuing Operation Net Minority Interest": NaN,
        "Reconciled Depreciation": NaN,
        "Reconciled Cost Of Revenue": 62620000.0,
        "EBITDA": NaN,
        "EBIT": NaN,
        "Net Interest Income": NaN,
        "Interest Expense": NaN,
        "Normalized Income": NaN,
        "Net Income From Continuing And Discontinued Operation": NaN,
        "Total Expenses": NaN,
        "Total Operating Income As Reported": NaN,
        "Diluted Average Shares": NaN,
        "Basic Average Shares": NaN,
        "Diluted EPS": NaN,
        "Basic EPS": NaN,
        "Diluted NI Availto Com Stockholders": NaN,
        "Average Dilution Earnings": NaN,
        "Net Income Common Stockholders": NaN,
        "Net Income": NaN,
        "Minority Interests": NaN,
        "Net Income Including Noncontrolling Interests": NaN,
        "Net Income Continuous Operations": NaN,
        "Tax Provision": NaN,
        "Pretax Income": NaN,
        "Other Income Expense": NaN,
        "Other Non Operating Income Expenses": NaN,
        "Gain On Sale Of Security": NaN,
        "Net Non Operating Interest Income Expense": NaN,
        "Interest Expense Non Operating": NaN,
        "Operating Income": NaN,
        "Operating Expense": NaN,
        "Other Operating Expenses": NaN,
        "Selling General And Administration": NaN,
        "General And Administrative Expense": NaN,
        "Other Gand A": NaN,
        "Salaries And Wages": NaN,
        "Gross Profit": 54550000.0,
        "Cost Of Revenue": 62620000.0,
        "Total Revenue": NaN,
        "Operating Revenue": NaN
    },
    "2024-09-30": {
        "Tax Effect Of Unusual Items": -1462860.0,
        "Tax Rate For Calcs": 0.21,
        "Normalized EBITDA": 29250000.0,
        "Total Unusual Items": -6966000.0,
        "Total Unusual Items Excluding Goodwill": -6966000.0,
        "Net Income From Continuing Operation Net Minority Interest": 4156000.0,
        "Reconciled Depreciation": 1045000.0,
        "Reconciled Cost Of Revenue": 69409000.0,
        "EBITDA": 22284000.0,
        "EBIT": 21239000.0,
        "Net Interest Income": -5918000.0,
        "Interest Expense": 5918000.0,
        "Normalized Income": 9659140.0,
        "Net Income From Continuing And Discontinued Operation": 4156000.0,
        "Total Expenses": 96844000.0,
        "Total Operating Income As Reported": 24997000.0,
        "Diluted Average Shares": 190597566.0,
        "Basic Average Shares": 45163779.0,
        "Diluted EPS": 0.03,
        "Basic EPS": 0.09,
        "Diluted NI Availto Com Stockholders": 4841000.0,
        "Average Dilution Earnings": 685000.0,
        "Net Income Common Stockholders": 4156000.0,
        "Net Income": 4156000.0,
        "Minority Interests": -7975000.0,
        "Net Income Including Noncontrolling Interests": 12131000.0,
        "Net Income Continuous Operations": 12131000.0,
        "Tax Provision": 3190000.0,
        "Pretax Income": 15321000.0,
        "Other Income Expense": -6435000.0,
        "Other Non Operating Income Expenses": 531000.0,
        "Gain On Sale Of Security": -6966000.0,
        "Net Non Operating Interest Income Expense": -5918000.0,
        "Interest Expense Non Operating": 5918000.0,
        "Operating Income": 27674000.0,
        "Operating Expense": 96844000.0,
        "Other Operating Expenses": -1090000.0,
        "Selling General And Administration": 97934000.0,
        "General And Administrative Expense": 97934000.0,
        "Other Gand A": 24617000.0,
        "Salaries And Wages": 73317000.0,
        "Gross Profit": 55109000.0,
        "Cost Of Revenue": 69409000.0,
        "Total Revenue": 124518000.0,
        "Operating Revenue": 124518000.0
    },
    "2024-12-31": {
        "Tax Effect Of Unusual Items": -1120972.251956,
        "Tax Rate For Calcs": 0.165116,
        "Normalized EBITDA": 50407000.0,
        "Total Unusual Items": -6789000.0,
        "Total Unusual Items Excluding Goodwill": -6789000.0,
        "Net Income From Continuing Operation Net Minority Interest": 7615000.0,
        "Reconciled Depreciation": 998000.0,
        "Reconciled Cost Of Revenue": 81872000.0,
        "EBITDA": 43618000.0,
        "EBIT": 42620000.0,
        "Net Interest Income": -6185000.0,
        "Interest Expense": 6185000.0,
        "Normalized Income": 13283027.748044,
        "Net Income From Continuing And Discontinued Operation": 7615000.0,
        "Total Expenses": 120553000.0,
        "Total Operating Income As Reported": 43608000.0,
        "Diluted Average Shares": 191400000.0,
        "Basic Average Shares": 45200000.0,
        "Diluted EPS": 0.09,
        "Basic EPS": 0.17,
        "Diluted NI Availto Com Stockholders": 17007000.0,
        "Average Dilution Earnings": 9392000.0,
        "Net Income Common Stockholders": 7615000.0,
        "Net Income": 7615000.0,
        "Minority Interests": -22804000.0,
        "Net Income Including Noncontrolling Interests": 30419000.0,
        "Net Income Continuous Operations": 30419000.0,
        "Tax Provision": 6016000.0,
        "Pretax Income": 36435000.0,
        "Other Income Expense": -6933000.0,
        "Other Non Operating Income Expenses": -144000.0,
        "Gain On Sale Of Security": -6789000.0,
        "Net Non Operating Interest Income Expense": -6185000.0,
        "Interest Expense Non Operating": 6185000.0,
        "Operating Income": 49553000.0,
        "Operating Expense": 120553000.0,
        "Other Operating Expenses": -1100000.0,
        "Selling General And Administration": 121653000.0,
        "General And Administrative Expense": 121653000.0,
        "Other Gand A": 26336000.0,
        "Salaries And Wages": 95317000.0,
        "Gross Profit": 88234000.0,
        "Cost Of Revenue": 81872000.0,
        "Total Revenue": 170106000.0,
        "Operating Revenue": 170106000.0
    },
    "2025-03-31": {
        "Tax Effect Of Unusual Items": -1842960.0,
        "Tax Rate For Calcs": 0.21,
        "Normalized EBITDA": 17950000.0,
        "Total Unusual Items": -8776000.0,
        "Total Unusual Items Excluding Goodwill": -8776000.0,
        "Net Income From Continuing Operation Net Minority Interest": 463000.0,
        "Reconciled Depreciation": 1010000.0,
        "Reconciled Cost Of Revenue": NaN,
        "EBITDA": 9174000.0,
        "EBIT": 8164000.0,
        "Net Interest Income": -5663000.0,
        "Interest Expense": 5663000.0,
        "Normalized Income": 7396040.0,
        "Net Income From Continuing And Discontinued Operation": 463000.0,
        "Total Expenses": 109053000.0,
        "Total Operating Income As Reported": 15330000.0,
        "Diluted Average Shares": 189866187.0,
        "Basic Average Shares": 45630941.0,
        "Diluted EPS": -0.02,
        "Basic EPS": 0.01,
        "Diluted NI Availto Com Stockholders": -4092000.0,
        "Average Dilution Earnings": -4555000.0,
        "Net Income Common Stockholders": 463000.0,
        "Net Income": 463000.0,
        "Minority Interests": 1553000.0,
        "Net Income Including Noncontrolling Interests": -1090000.0,
        "Net Income Continuous Operations": -1090000.0,
        "Tax Provision": 3591000.0,
        "Pretax Income": 2501000.0,
        "Other Income Expense": -7930000.0,
        "Other Non Operating Income Expenses": 846000.0,
        "Gain On Sale Of Security": -8776000.0,
        "Net Non Operating Interest Income Expense": -5663000.0,
        "Interest Expense Non Operating": 5663000.0,
        "Operating Income": 16094000.0,
        "Operating Expense": 109053000.0,
        "Other Operating Expenses": -1463000.0,
        "Selling General And Administration": 110516000.0,
        "General And Administrative Expense": 110516000.0,
        "Other Gand A": 28276000.0,
        "Salaries And Wages": 82240000.0,
        "Gross Profit": NaN,
        "Cost Of Revenue": NaN,
        "Total Revenue": 125147000.0,
        "Operating Revenue": 125147000.0
    },
    "2025-06-30": {
        "Tax Effect Of Unusual Items": 4071480.0,
        "Tax Rate For Calcs": 0.21,
        "Normalized EBITDA": 27360000.0,
        "Total Unusual Items": 19388000.0,
        "Total Unusual Items Excluding Goodwill": 19388000.0,
        "Net Income From Continuing Operation Net Minority Interest": 15437000.0,
        "Reconciled Depreciation": 1151000.0,
        "Reconciled Cost Of Revenue": NaN,
        "EBITDA": 46748000.0,
        "EBIT": 45597000.0,
        "Net Interest Income": -5908000.0,
        "Interest Expense": 5908000.0,
        "Normalized Income": 120480.0,
        "Net Income From Continuing And Discontinued Operation": 15437000.0,
        "Total Expenses": 98937000.0,
        "Total Operating Income As Reported": 19245000.0,
        "Diluted Average Shares": 196338595.0,
        "Basic Average Shares": 51074156.0,
        "Diluted EPS": 0.05,
        "Basic EPS": 0.3,
        "Diluted NI Availto Com Stockholders": 9554000.0,
        "Average Dilution Earnings": -5883000.0,
        "Net Income Common Stockholders": 15437000.0,
        "Net Income": 15437000.0,
        "Minority Interests": -24454000.0,
        "Net Income Including Noncontrolling Interests": 39891000.0,
        "Net Income Continuous Operations": 39891000.0,
        "Tax Provision": -202000.0,
        "Pretax Income": 39689000.0,
        "Other Income Expense": 20570000.0,
        "Other Non Operating Income Expenses": 1182000.0,
        "Gain On Sale Of Security": 19388000.0,
        "Net Non Operating Interest Income Expense": -5908000.0,
        "Interest Expense Non Operating": 5908000.0,
        "Operating Income": 25027000.0,
        "Operating Expense": 98937000.0,
        "Other Operating Expenses": -1475000.0,
        "Selling General And Administration": 100412000.0,
        "General And Administrative Expense": 100412000.0,
        "Other Gand A": 25549000.0,
        "Salaries And Wages": 74863000.0,
        "Gross Profit": NaN,
        "Cost Of Revenue": NaN,
        "Total Revenue": 123964000.0,
        "Operating Revenue": 123964000.0
    },
    "2025-09-30": {
        "Tax Effect Of Unusual Items": 138692.070792,
        "Tax Rate For Calcs": 0.074406,
        "Normalized EBITDA": 53569000.0,
        "Total Unusual Items": 1864000.0,
        "Total Unusual Items Excluding Goodwill": 1864000.0,
        "Net Income From Continuing Operation Net Minority Interest": 10495000.0,
        "Reconciled Depreciation": 1157000.0,
        "Reconciled Cost Of Revenue": NaN,
        "EBITDA": 55433000.0,
        "EBIT": 54276000.0,
        "Net Interest Income": -5570000.0,
        "Interest Expense": 5570000.0,
        "Normalized Income": 8769692.070792,
        "Net Income From Continuing And Discontinued Operation": 10495000.0,
        "Total Expenses": 87213000.0,
        "Total Operating Income As Reported": 44174000.0,
        "Diluted Average Shares": 197478011.0,
        "Basic Average Shares": 53590790.0,
        "Diluted EPS": 0.16,
        "Basic EPS": 0.2,
        "Diluted NI Availto Com Stockholders": 31591000.0,
        "Average Dilution Earnings": 21096000.0,
        "Net Income Common Stockholders": 10495000.0,
        "Net Income": 10495000.0,
        "Minority Interests": -34587000.0,
        "Net Income Including Noncontrolling Interests": 45082000.0,
        "Net Income Continuous Operations": 45082000.0,
        "Tax Provision": 3624000.0,
        "Pretax Income": 48706000.0,
        "Other Income Expense": 2812000.0,
        "Other Non Operating Income Expenses": 948000.0,
        "Gain On Sale Of Security": 1864000.0,
        "Net Non Operating Interest Income Expense": -5570000.0,
        "Interest Expense Non Operating": 5570000.0,
        "Operating Income": 51464000.0,
        "Operating Expense": 87213000.0,
        "Other Operating Expenses": -3580000.0,
        "Selling General And Administration": 90793000.0,
        "General And Administrative Expense": 90793000.0,
        "Other Gand A": 24699000.0,
        "Salaries And Wages": 66094000.0,
        "Gross Profit": NaN,
        "Cost Of Revenue": NaN,
        "Total Revenue": 138677000.0,
        "Operating Revenue": 138677000.0
    }
}