{
    "2024-03-31": {
        "Tax Effect Of Unusual Items": NaN,
        "Tax Rate For Calcs": NaN,
        "Normalized EBITDA": NaN,
        "Total Unusual Items": NaN,
        "Total Unusual Items Excluding Goodwill": NaN,
        "Net Income From Continuing Operation Net Minority Interest": NaN,
        "Reconciled Depreciation": NaN,
        "Reconciled Cost Of Revenue": NaN,
        "EBITDA": NaN,
        "EBIT": NaN,
        "Net Interest Income": NaN,
        "Interest Expense": NaN,
        "Interest Income": NaN,
        "Normalized Income": NaN,
        "Net Income From Continuing And Discontinued Operation": NaN,
        "Total Expenses": NaN,
        "Rent Expense Supplemental": NaN,
        "Total Operating Income As Reported": NaN,
        "Diluted Average Shares": NaN,
        "Basic Average Shares": NaN,
        "Diluted EPS": NaN,
        "Basic EPS": NaN,
        "Diluted NI Availto Com Stockholders": NaN,
        "Net Income Common Stockholders": NaN,
        "Net Income": NaN,
        "Net Income Including Noncontrolling Interests": NaN,
        "Net Income Continuous Operations": NaN,
        "Tax Provision": NaN,
        "Pretax Income": NaN,
        "Other Income Expense": NaN,
        "Other Non Operating Income Expenses": NaN,
        "Special Income Charges": NaN,
        "Gain On Sale Of Ppe": NaN,
        "Gain On Sale Of Security": NaN,
        "Net Non Operating Interest Income Expense": NaN,
        "Interest Expense Non Operating": NaN,
        "Interest Income Non Operating": NaN,
        "Operating Income": NaN,
        "Operating Expense": NaN,
        "Other Operating Expenses": NaN,
        "Provision For Doubtful Accounts": 68000.0,
        "Depreciation Amortization Depletion Income Statement": 3660000.0,
        "Depreciation And Amortization In Income Statement": 3660000.0,
        "Depreciation Income Statement": 3660000.0,
        "Research And Development": NaN,
        "Selling General And Administration": NaN,
        "Selling And Marketing Expense": NaN,
        "General And Administrative Expense": NaN,
        "Other Gand A": NaN,
        "Insurance And Claims": NaN,
        "Rent And Landing Fees": NaN,
        "Salaries And Wages": NaN,
        "Gross Profit": NaN,
        "Cost Of Revenue": NaN,
        "Total Revenue": NaN,
        "Operating Revenue": NaN
    },
    "2023-12-31": {
        "Tax Effect Of Unusual Items": NaN,
        "Tax Rate For Calcs": NaN,
        "Normalized EBITDA": NaN,
        "Total Unusual Items": NaN,
        "Total Unusual Items Excluding Goodwill": NaN,
        "Net Income From Continuing Operation Net Minority Interest": NaN,
        "Reconciled Depreciation": NaN,
        "Reconciled Cost Of Revenue": NaN,
        "EBITDA": NaN,
        "EBIT": NaN,
        "Net Interest Income": NaN,
        "Interest Expense": NaN,
        "Interest Income": NaN,
        "Normalized Income": NaN,
        "Net Income From Continuing And Discontinued Operation": NaN,
        "Total Expenses": NaN,
        "Rent Expense Supplemental": NaN,
        "Total Operating Income As Reported": NaN,
        "Diluted Average Shares": NaN,
        "Basic Average Shares": NaN,
        "Diluted EPS": NaN,
        "Basic EPS": NaN,
        "Diluted NI Availto Com Stockholders": NaN,
        "Net Income Common Stockholders": NaN,
        "Otherunder Preferred Stock Dividend": 0.0,
        "Net Income": NaN,
        "Net Income Including Noncontrolling Interests": NaN,
        "Net Income Continuous Operations": NaN,
        "Tax Provision": NaN,
        "Pretax Income": NaN,
        "Other Income Expense": NaN,
        "Other Non Operating Income Expenses": NaN,
        "Special Income Charges": NaN,
        "Gain On Sale Of Ppe": NaN,
        "Gain On Sale Of Security": NaN,
        "Net Non Operating Interest Income Expense": NaN,
        "Interest Expense Non Operating": NaN,
        "Interest Income Non Operating": NaN,
        "Operating Income": NaN,
        "Operating Expense": NaN,
        "Other Operating Expenses": NaN,
        "Provision For Doubtful Accounts": NaN,
        "Depreciation Amortization Depletion Income Statement": NaN,
        "Depreciation And Amortization In Income Statement": NaN,
        "Depreciation Income Statement": NaN,
        "Research And Development": NaN,
        "Selling General And Administration": NaN,
        "Selling And Marketing Expense": NaN,
        "General And Administrative Expense": NaN,
        "Other Gand A": NaN,
        "Insurance And Claims": NaN,
        "Rent And Landing Fees": NaN,
        "Salaries And Wages": NaN,
        "Gross Profit": NaN,
        "Cost Of Revenue": NaN,
        "Total Revenue": NaN,
        "Operating Revenue": NaN
    },
    "2023-09-30": {
        "Tax Effect Of Unusual Items": NaN,
        "Tax Rate For Calcs": NaN,
        "Normalized EBITDA": NaN,
        "Total Unusual Items": NaN,
        "Total Unusual Items Excluding Goodwill": NaN,
        "Net Income From Continuing Operation Net Minority Interest": NaN,
        "Reconciled Depreciation": NaN,
        "Reconciled Cost Of Revenue": NaN,
        "EBITDA": NaN,
        "EBIT": NaN,
        "Net Interest Income": NaN,
        "Interest Expense": NaN,
        "Interest Income": NaN,
        "Normalized Income": NaN,
        "Net Income From Continuing And Discontinued Operation": NaN,
        "Total Expenses": NaN,
        "Rent Expense Supplemental": 799000.0,
        "Total Operating Income As Reported": NaN,
        "Diluted Average Shares": NaN,
        "Basic Average Shares": NaN,
        "Diluted EPS": NaN,
        "Basic EPS": NaN,
        "Diluted NI Availto Com Stockholders": NaN,
        "Net Income Common Stockholders": NaN,
        "Otherunder Preferred Stock Dividend": 0.0,
        "Net Income": NaN,
        "Net Income Including Noncontrolling Interests": NaN,
        "Net Income Continuous Operations": NaN,
        "Tax Provision": NaN,
        "Pretax Income": NaN,
        "Other Income Expense": NaN,
        "Other Non Operating Income Expenses": NaN,
        "Special Income Charges": NaN,
        "Gain On Sale Of Ppe": NaN,
        "Gain On Sale Of Security": NaN,
        "Net Non Operating Interest Income Expense": NaN,
        "Interest Expense Non Operating": NaN,
        "Interest Income Non Operating": NaN,
        "Operating Income": NaN,
        "Operating Expense": NaN,
        "Other Operating Expenses": NaN,
        "Provision For Doubtful Accounts": NaN,
        "Depreciation Amortization Depletion Income Statement": NaN,
        "Depreciation And Amortization In Income Statement": NaN,
        "Depreciation Income Statement": NaN,
        "Research And Development": NaN,
        "Selling General And Administration": NaN,
        "Selling And Marketing Expense": NaN,
        "General And Administrative Expense": NaN,
        "Other Gand A": NaN,
        "Insurance And Claims": NaN,
        "Rent And Landing Fees": 799000.0,
        "Salaries And Wages": NaN,
        "Gross Profit": NaN,
        "Cost Of Revenue": NaN,
        "Total Revenue": NaN,
        "Operating Revenue": NaN
    },
    "2023-06-30": {
        "Tax Effect Of Unusual Items": NaN,
        "Tax Rate For Calcs": NaN,
        "Normalized EBITDA": NaN,
        "Total Unusual Items": NaN,
        "Total Unusual Items Excluding Goodwill": NaN,
        "Net Income From Continuing Operation Net Minority Interest": NaN,
        "Reconciled Depreciation": NaN,
        "Reconciled Cost Of Revenue": NaN,
        "EBITDA": NaN,
        "EBIT": NaN,
        "Net Interest Income": NaN,
        "Interest Expense": NaN,
        "Interest Income": NaN,
        "Normalized Income": NaN,
        "Net Income From Continuing And Discontinued Operation": NaN,
        "Total Expenses": NaN,
        "Rent Expense Supplemental": NaN,
        "Total Operating Income As Reported": NaN,
        "Diluted Average Shares": NaN,
        "Basic Average Shares": NaN,
        "Diluted EPS": NaN,
        "Basic EPS": NaN,
        "Diluted NI Availto Com Stockholders": NaN,
        "Net Income Common Stockholders": NaN,
        "Otherunder Preferred Stock Dividend": 0.0,
        "Net Income": NaN,
        "Net Income Including Noncontrolling Interests": NaN,
        "Net Income Continuous Operations": NaN,
        "Tax Provision": NaN,
        "Pretax Income": NaN,
        "Other Income Expense": NaN,
        "Other Non Operating Income Expenses": NaN,
        "Special Income Charges": NaN,
        "Gain On Sale Of Ppe": NaN,
        "Gain On Sale Of Security": NaN,
        "Net Non Operating Interest Income Expense": NaN,
        "Interest Expense Non Operating": NaN,
        "Interest Income Non Operating": NaN,
        "Operating Income": NaN,
        "Operating Expense": NaN,
        "Other Operating Expenses": NaN,
        "Depreciation Amortization Depletion Income Statement": 671000.0,
        "Depreciation And Amortization In Income Statement": 671000.0,
        "Depreciation Income Statement": 671000.0,
        "Research And Development": NaN,
        "Selling General And Administration": NaN,
        "Selling And Marketing Expense": NaN,
        "General And Administrative Expense": NaN,
        "Other Gand A": NaN,
        "Insurance And Claims": NaN,
        "Rent And Landing Fees": NaN,
        "Salaries And Wages": NaN,
        "Gross Profit": NaN,
        "Cost Of Revenue": NaN,
        "Total Revenue": NaN,
        "Operating Revenue": NaN
    },
    "2023-03-31": {
        "Tax Effect Of Unusual Items": NaN,
        "Tax Rate For Calcs": NaN,
        "Normalized EBITDA": NaN,
        "Total Unusual Items": NaN,
        "Total Unusual Items Excluding Goodwill": NaN,
        "Net Income From Continuing Operation Net Minority Interest": NaN,
        "Reconciled Depreciation": NaN,
        "Reconciled Cost Of Revenue": NaN,
        "EBITDA": NaN,
        "EBIT": NaN,
        "Net Interest Income": NaN,
        "Interest Expense": NaN,
        "Interest Income": NaN,
        "Normalized Income": NaN,
        "Net Income From Continuing And Discontinued Operation": NaN,
        "Total Expenses": NaN,
        "Rent Expense Supplemental": NaN,
        "Total Operating Income As Reported": NaN,
        "Diluted Average Shares": NaN,
        "Basic Average Shares": NaN,
        "Diluted EPS": NaN,
        "Basic EPS": NaN,
        "Diluted NI Availto Com Stockholders": NaN,
        "Net Income Common Stockholders": NaN,
        "Otherunder Preferred Stock Dividend": 0.0,
        "Net Income": NaN,
        "Net Income Including Noncontrolling Interests": NaN,
        "Net Income Continuous Operations": NaN,
        "Tax Provision": NaN,
        "Pretax Income": NaN,
        "Other Income Expense": NaN,
        "Other Non Operating Income Expenses": NaN,
        "Special Income Charges": NaN,
        "Gain On Sale Of Ppe": NaN,
        "Gain On Sale Of Security": NaN,
        "Net Non Operating Interest Income Expense": NaN,
        "Interest Expense Non Operating": NaN,
        "Interest Income Non Operating": NaN,
        "Operating Income": NaN,
        "Operating Expense": NaN,
        "Other Operating Expenses": NaN,
        "Depreciation Amortization Depletion Income Statement": 635000.0,
        "Depreciation And Amortization In Income Statement": 635000.0,
        "Depreciation Income Statement": 635000.0,
        "Research And Development": NaN,
        "Selling General And Administration": NaN,
        "Selling And Marketing Expense": NaN,
        "General And Administrative Expense": NaN,
        "Other Gand A": NaN,
        "Insurance And Claims": NaN,
        "Rent And Landing Fees": NaN,
        "Salaries And Wages": NaN,
        "Gross Profit": NaN,
        "Cost Of Revenue": NaN,
        "Total Revenue": NaN,
        "Operating Revenue": NaN
    },
    "2022-12-31": {
        "Tax Effect Of Unusual Items": NaN,
        "Tax Rate For Calcs": NaN,
        "Normalized EBITDA": NaN,
        "Total Unusual Items": NaN,
        "Total Unusual Items Excluding Goodwill": NaN,
        "Net Income From Continuing Operation Net Minority Interest": NaN,
        "Reconciled Depreciation": NaN,
        "Reconciled Cost Of Revenue": NaN,
        "EBITDA": NaN,
        "EBIT": NaN,
        "Net Interest Income": NaN,
        "Interest Expense": NaN,
        "Interest Income": NaN,
        "Normalized Income": NaN,
        "Net Income From Continuing And Discontinued Operation": NaN,
        "Total Expenses": NaN,
        "Total Operating Income As Reported": NaN,
        "Diluted Average Shares": NaN,
        "Basic Average Shares": NaN,
        "Diluted EPS": NaN,
        "Basic EPS": NaN,
        "Diluted NI Availto Com Stockholders": NaN,
        "Net Income Common Stockholders": NaN,
        "Otherunder Preferred Stock Dividend": 0.0,
        "Net Income": NaN,
        "Net Income Including Noncontrolling Interests": NaN,
        "Net Income Continuous Operations": NaN,
        "Tax Provision": NaN,
        "Pretax Income": NaN,
        "Other Income Expense": NaN,
        "Other Non Operating Income Expenses": NaN,
        "Special Income Charges": NaN,
        "Gain On Sale Of Ppe": NaN,
        "Gain On Sale Of Security": NaN,
        "Net Non Operating Interest Income Expense": NaN,
        "Interest Expense Non Operating": NaN,
        "Interest Income Non Operating": NaN,
        "Operating Income": NaN,
        "Operating Expense": NaN,
        "Other Operating Expenses": NaN,
        "Depreciation Amortization Depletion Income Statement": NaN,
        "Depreciation And Amortization In Income Statement": NaN,
        "Depreciation Income Statement": NaN,
        "Research And Development": NaN,
        "Selling General And Administration": NaN,
        "Selling And Marketing Expense": NaN,
        "General And Administrative Expense": NaN,
        "Other Gand A": NaN,
        "Insurance And Claims": NaN,
        "Salaries And Wages": NaN,
        "Gross Profit": NaN,
        "Cost Of Revenue": NaN,
        "Total Revenue": NaN,
        "Operating Revenue": NaN
    },
    "2024-06-30": {
        "Tax Effect Of Unusual Items": NaN,
        "Tax Rate For Calcs": NaN,
        "Normalized EBITDA": NaN,
        "Total Unusual Items": NaN,
        "Total Unusual Items Excluding Goodwill": NaN,
        "Net Income From Continuing Operation Net Minority Interest": NaN,
        "Reconciled Depreciation": NaN,
        "Reconciled Cost Of Revenue": NaN,
        "EBITDA": NaN,
        "EBIT": NaN,
        "Net Interest Income": NaN,
        "Interest Expense": NaN,
        "Interest Income": NaN,
        "Normalized Income": NaN,
        "Net Income From Continuing And Discontinued Operation": NaN,
        "Total Expenses": NaN,
        "Rent Expense Supplemental": 6158000.0,
        "Total Operating Income As Reported": NaN,
        "Diluted Average Shares": NaN,
        "Basic Average Shares": NaN,
        "Diluted EPS": NaN,
        "Basic EPS": NaN,
        "Diluted NI Availto Com Stockholders": NaN,
        "Net Income Common Stockholders": NaN,
        "Net Income": NaN,
        "Net Income Including Noncontrolling Interests": NaN,
        "Net Income Continuous Operations": NaN,
        "Tax Provision": NaN,
        "Pretax Income": NaN,
        "Other Income Expense": NaN,
        "Other Non Operating Income Expenses": NaN,
        "Special Income Charges": NaN,
        "Gain On Sale Of Ppe": NaN,
        "Gain On Sale Of Security": NaN,
        "Net Non Operating Interest Income Expense": NaN,
        "Interest Expense Non Operating": NaN,
        "Interest Income Non Operating": NaN,
        "Operating Income": NaN,
        "Operating Expense": NaN,
        "Other Operating Expenses": NaN,
        "Provision For Doubtful Accounts": 582000.0,
        "Depreciation Amortization Depletion Income Statement": 6158000.0,
        "Depreciation And Amortization In Income Statement": 6158000.0,
        "Depreciation Income Statement": 6158000.0,
        "Research And Development": NaN,
        "Selling General And Administration": NaN,
        "Selling And Marketing Expense": NaN,
        "General And Administrative Expense": NaN,
        "Other Gand A": NaN,
        "Insurance And Claims": NaN,
        "Rent And Landing Fees": 6158000.0,
        "Salaries And Wages": NaN,
        "Gross Profit": NaN,
        "Cost Of Revenue": NaN,
        "Total Revenue": NaN,
        "Operating Revenue": NaN
    },
    "2024-09-30": {
        "Tax Effect Of Unusual Items": 494343.234323,
        "Tax Rate For Calcs": 0.150165,
        "Normalized EBITDA": 46777000.0,
        "Total Unusual Items": 3292000.0,
        "Total Unusual Items Excluding Goodwill": 3292000.0,
        "Net Income From Continuing Operation Net Minority Interest": 40685000.0,
        "Reconciled Depreciation": 2108000.0,
        "Reconciled Cost Of Revenue": 226065000.0,
        "EBITDA": 50069000.0,
        "EBIT": 47961000.0,
        "Net Interest Income": 2616000.0,
        "Interest Expense": 87000.0,
        "Interest Income": 2703000.0,
        "Normalized Income": 37887343.234323,
        "Net Income From Continuing And Discontinued Operation": 40685000.0,
        "Total Expenses": 262527000.0,
        "Rent Expense Supplemental": 4987000.0,
        "Total Operating Income As Reported": 40723000.0,
        "Diluted Average Shares": 41395001.0,
        "Basic Average Shares": 41364886.0,
        "Diluted EPS": 0.98,
        "Basic EPS": 0.98,
        "Diluted NI Availto Com Stockholders": 40685000.0,
        "Net Income Common Stockholders": 40685000.0,
        "Net Income": 40685000.0,
        "Net Income Including Noncontrolling Interests": 40685000.0,
        "Net Income Continuous Operations": 40685000.0,
        "Tax Provision": 7189000.0,
        "Pretax Income": 47874000.0,
        "Other Income Expense": 4469000.0,
        "Other Non Operating Income Expenses": 1177000.0,
        "Special Income Charges": -45000.0,
        "Gain On Sale Of Ppe": -45000.0,
        "Gain On Sale Of Security": 3337000.0,
        "Net Non Operating Interest Income Expense": 2616000.0,
        "Interest Expense Non Operating": 87000.0,
        "Interest Income Non Operating": 2703000.0,
        "Operating Income": 40789000.0,
        "Operating Expense": 36462000.0,
        "Other Operating Expenses": -21000.0,
        "Provision For Doubtful Accounts": NaN,
        "Depreciation Amortization Depletion Income Statement": NaN,
        "Depreciation And Amortization In Income Statement": NaN,
        "Depreciation Income Statement": NaN,
        "Research And Development": 2582000.0,
        "Selling General And Administration": 33901000.0,
        "Selling And Marketing Expense": 10321000.0,
        "General And Administrative Expense": 23580000.0,
        "Other Gand A": 4876000.0,
        "Insurance And Claims": 1147000.0,
        "Rent And Landing Fees": 4987000.0,
        "Salaries And Wages": 12570000.0,
        "Gross Profit": 77251000.0,
        "Cost Of Revenue": 226065000.0,
        "Total Revenue": 303316000.0,
        "Operating Revenue": 295329000.0
    },
    "2024-12-31": {
        "Tax Effect Of Unusual Items": -154140.0,
        "Tax Rate For Calcs": 0.21,
        "Normalized EBITDA": 33420000.0,
        "Total Unusual Items": -734000.0,
        "Total Unusual Items Excluding Goodwill": -734000.0,
        "Net Income From Continuing Operation Net Minority Interest": 30959000.0,
        "Reconciled Depreciation": 2271000.0,
        "Reconciled Cost Of Revenue": 230792000.0,
        "EBITDA": 32686000.0,
        "EBIT": 30415000.0,
        "Net Interest Income": 2820000.0,
        "Interest Expense": 29000.0,
        "Interest Income": 2849000.0,
        "Normalized Income": 31538860.0,
        "Net Income From Continuing And Discontinued Operation": 30959000.0,
        "Total Expenses": 268160000.0,
        "Rent Expense Supplemental": 4399000.0,
        "Total Operating Income As Reported": 27634000.0,
        "Diluted Average Shares": 40944311.0,
        "Basic Average Shares": 40869106.0,
        "Diluted EPS": 0.76,
        "Basic EPS": 0.76,
        "Diluted NI Availto Com Stockholders": 30959000.0,
        "Net Income Common Stockholders": 30959000.0,
        "Net Income": 30959000.0,
        "Net Income Including Noncontrolling Interests": 30959000.0,
        "Net Income Continuous Operations": 30959000.0,
        "Tax Provision": -573000.0,
        "Pretax Income": 30386000.0,
        "Other Income Expense": -56000.0,
        "Other Non Operating Income Expenses": 678000.0,
        "Special Income Charges": 20000.0,
        "Gain On Sale Of Ppe": 20000.0,
        "Gain On Sale Of Security": -754000.0,
        "Net Non Operating Interest Income Expense": 2820000.0,
        "Interest Expense Non Operating": 29000.0,
        "Interest Income Non Operating": 2849000.0,
        "Operating Income": 27622000.0,
        "Operating Expense": 37368000.0,
        "Other Operating Expenses": -8000.0,
        "Provision For Doubtful Accounts": NaN,
        "Depreciation Amortization Depletion Income Statement": NaN,
        "Depreciation And Amortization In Income Statement": NaN,
        "Depreciation Income Statement": NaN,
        "Research And Development": 2356000.0,
        "Selling General And Administration": 35020000.0,
        "Selling And Marketing Expense": 11467000.0,
        "General And Administrative Expense": 23553000.0,
        "Other Gand A": 4730000.0,
        "Insurance And Claims": 1257000.0,
        "Rent And Landing Fees": 4399000.0,
        "Salaries And Wages": 13167000.0,
        "Gross Profit": 64990000.0,
        "Cost Of Revenue": 230792000.0,
        "Total Revenue": 295782000.0,
        "Operating Revenue": 311206000.0
    },
    "2025-03-31": {
        "Tax Effect Of Unusual Items": 128700.0,
        "Tax Rate For Calcs": 0.165,
        "Normalized EBITDA": 34728000.0,
        "Total Unusual Items": 780000.0,
        "Total Unusual Items Excluding Goodwill": 780000.0,
        "Net Income From Continuing Operation Net Minority Interest": 27146000.0,
        "Reconciled Depreciation": 2049000.0,
        "Reconciled Cost Of Revenue": 209111000.0,
        "EBITDA": 35508000.0,
        "EBIT": 32528000.0,
        "Net Interest Income": 2598000.0,
        "Interest Expense": 23000.0,
        "Interest Income": 2621000.0,
        "Normalized Income": 26494700.0,
        "Net Income From Continuing And Discontinued Operation": 27146000.0,
        "Total Expenses": 243358000.0,
        "Rent Expense Supplemental": NaN,
        "Total Operating Income As Reported": 28323000.0,
        "Diluted Average Shares": 40138522.0,
        "Basic Average Shares": 40020265.0,
        "Diluted EPS": 0.68,
        "Basic EPS": 0.68,
        "Diluted NI Availto Com Stockholders": 27146000.0,
        "Net Income Common Stockholders": 27146000.0,
        "Net Income": 27146000.0,
        "Net Income Including Noncontrolling Interests": 27146000.0,
        "Net Income Continuous Operations": 27146000.0,
        "Tax Provision": 5359000.0,
        "Pretax Income": 32505000.0,
        "Other Income Expense": 1359000.0,
        "Other Non Operating Income Expenses": 579000.0,
        "Special Income Charges": -12000.0,
        "Gain On Sale Of Ppe": -12000.0,
        "Gain On Sale Of Security": 792000.0,
        "Net Non Operating Interest Income Expense": 2598000.0,
        "Interest Expense Non Operating": 23000.0,
        "Interest Income Non Operating": 2621000.0,
        "Operating Income": 28548000.0,
        "Operating Expense": 35178000.0,
        "Other Operating Expenses": -213000.0,
        "Provision For Doubtful Accounts": 428000.0,
        "Depreciation Amortization Depletion Income Statement": 2980000.0,
        "Depreciation And Amortization In Income Statement": 2980000.0,
        "Depreciation Income Statement": 2980000.0,
        "Research And Development": 2493000.0,
        "Selling General And Administration": 29490000.0,
        "Selling And Marketing Expense": 11190000.0,
        "General And Administrative Expense": 18300000.0,
        "Other Gand A": 5726000.0,
        "Insurance And Claims": 1040000.0,
        "Rent And Landing Fees": NaN,
        "Salaries And Wages": 11534000.0,
        "Gross Profit": 63726000.0,
        "Cost Of Revenue": 208180000.0,
        "Total Revenue": 271906000.0,
        "Operating Revenue": 266772000.0
    },
    "2025-06-30": {
        "Tax Effect Of Unusual Items": 84257.410754,
        "Tax Rate For Calcs": 0.156322,
        "Normalized EBITDA": 42587000.0,
        "Total Unusual Items": 539000.0,
        "Total Unusual Items Excluding Goodwill": 539000.0,
        "Net Income From Continuing Operation Net Minority Interest": 34552000.0,
        "Reconciled Depreciation": 2140000.0,
        "Reconciled Cost Of Revenue": 245662000.0,
        "EBITDA": 43126000.0,
        "EBIT": 40986000.0,
        "Net Interest Income": 2782000.0,
        "Interest Expense": 32000.0,
        "Interest Income": 2814000.0,
        "Normalized Income": 34097257.410754,
        "Net Income From Continuing And Discontinued Operation": 34552000.0,
        "Total Expenses": 286650000.0,
        "Rent Expense Supplemental": 1535000.0,
        "Total Operating Income As Reported": 35843000.0,
        "Diluted Average Shares": 38106956.0,
        "Basic Average Shares": 38073239.0,
        "Diluted EPS": 0.91,
        "Basic EPS": 0.91,
        "Diluted NI Availto Com Stockholders": 34552000.0,
        "Net Income Common Stockholders": 34552000.0,
        "Net Income": 34552000.0,
        "Net Income Including Noncontrolling Interests": 34552000.0,
        "Net Income Continuous Operations": 34552000.0,
        "Tax Provision": 6402000.0,
        "Pretax Income": 40954000.0,
        "Other Income Expense": 2216000.0,
        "Other Non Operating Income Expenses": 1677000.0,
        "Special Income Charges": -108000.0,
        "Gain On Sale Of Ppe": -108000.0,
        "Gain On Sale Of Security": 647000.0,
        "Net Non Operating Interest Income Expense": 2782000.0,
        "Interest Expense Non Operating": 32000.0,
        "Interest Income Non Operating": 2814000.0,
        "Operating Income": 35956000.0,
        "Operating Expense": 40988000.0,
        "Other Operating Expenses": -5000.0,
        "Provision For Doubtful Accounts": 69000.0,
        "Depreciation Amortization Depletion Income Statement": NaN,
        "Depreciation And Amortization In Income Statement": NaN,
        "Depreciation Income Statement": NaN,
        "Research And Development": 3184000.0,
        "Selling General And Administration": 37740000.0,
        "Selling And Marketing Expense": 12840000.0,
        "General And Administrative Expense": 24900000.0,
        "Other Gand A": 3133000.0,
        "Insurance And Claims": 987000.0,
        "Rent And Landing Fees": 1535000.0,
        "Salaries And Wages": 19245000.0,
        "Gross Profit": 76944000.0,
        "Cost Of Revenue": 245662000.0,
        "Total Revenue": 322606000.0,
        "Operating Revenue": 317441000.0
    },
    "2025-09-30": {
        "Tax Effect Of Unusual Items": -87830.396076,
        "Tax Rate For Calcs": 0.155728,
        "Normalized EBITDA": 46782000.0,
        "Total Unusual Items": -564000.0,
        "Total Unusual Items Excluding Goodwill": -564000.0,
        "Net Income From Continuing Operation Net Minority Interest": 37175000.0,
        "Reconciled Depreciation": 2115000.0,
        "Reconciled Cost Of Revenue": 255589000.0,
        "EBITDA": 46218000.0,
        "EBIT": 44103000.0,
        "Net Interest Income": 3049000.0,
        "Interest Expense": 71000.0,
        "Interest Income": 3120000.0,
        "Normalized Income": 37651169.603924,
        "Net Income From Continuing And Discontinued Operation": 37175000.0,
        "Total Expenses": 292071000.0,
        "Rent Expense Supplemental": 1500000.0,
        "Total Operating Income As Reported": 40520000.0,
        "Diluted Average Shares": 37605032.0,
        "Basic Average Shares": 37539214.0,
        "Diluted EPS": 0.99,
        "Basic EPS": 0.99,
        "Diluted NI Availto Com Stockholders": 37175000.0,
        "Net Income Common Stockholders": 37175000.0,
        "Net Income": 37175000.0,
        "Net Income Including Noncontrolling Interests": 37175000.0,
        "Net Income Continuous Operations": 37175000.0,
        "Tax Provision": 6857000.0,
        "Pretax Income": 44032000.0,
        "Other Income Expense": 416000.0,
        "Other Non Operating Income Expenses": 980000.0,
        "Special Income Charges": -7000.0,
        "Gain On Sale Of Ppe": -7000.0,
        "Gain On Sale Of Security": -557000.0,
        "Net Non Operating Interest Income Expense": 3049000.0,
        "Interest Expense Non Operating": 71000.0,
        "Interest Income Non Operating": 3120000.0,
        "Operating Income": 40567000.0,
        "Operating Expense": 36482000.0,
        "Other Operating Expenses": -40000.0,
        "Provision For Doubtful Accounts": -192000.0,
        "Depreciation Amortization Depletion Income Statement": NaN,
        "Depreciation And Amortization In Income Statement": NaN,
        "Depreciation Income Statement": NaN,
        "Research And Development": 2534000.0,
        "Selling General And Administration": 34180000.0,
        "Selling And Marketing Expense": 15273000.0,
        "General And Administrative Expense": 18907000.0,
        "Other Gand A": 3282000.0,
        "Insurance And Claims": 910000.0,
        "Rent And Landing Fees": 1500000.0,
        "Salaries And Wages": 13215000.0,
        "Gross Profit": 77049000.0,
        "Cost Of Revenue": 255589000.0,
        "Total Revenue": 332638000.0,
        "Operating Revenue": 326370000.0
    }
}