{
    "2023-06-30": {
        "Tax Effect Of Unusual Items": NaN,
        "Tax Rate For Calcs": NaN,
        "Normalized EBITDA": NaN,
        "Total Unusual Items": NaN,
        "Total Unusual Items Excluding Goodwill": NaN,
        "Net Income From Continuing Operation Net Minority Interest": NaN,
        "Reconciled Depreciation": NaN,
        "Reconciled Cost Of Revenue": NaN,
        "EBITDA": NaN,
        "EBIT": NaN,
        "Net Interest Income": NaN,
        "Interest Expense": NaN,
        "Interest Income": NaN,
        "Normalized Income": NaN,
        "Net Income From Continuing And Discontinued Operation": NaN,
        "Total Expenses": NaN,
        "Diluted Average Shares": NaN,
        "Basic Average Shares": NaN,
        "Diluted EPS": NaN,
        "Basic EPS": NaN,
        "Diluted NI Availto Com Stockholders": NaN,
        "Net Income Common Stockholders": NaN,
        "Preferred Stock Dividends": 58000000.0,
        "Net Income": NaN,
        "Minority Interests": NaN,
        "Net Income Including Noncontrolling Interests": NaN,
        "Net Income Discontinuous Operations": NaN,
        "Net Income Continuous Operations": NaN,
        "Tax Provision": NaN,
        "Pretax Income": NaN,
        "Other Income Expense": NaN,
        "Other Non Operating Income Expenses": NaN,
        "Special Income Charges": NaN,
        "Gain On Sale Of Business": NaN,
        "Impairment Of Capital Assets": NaN,
        "Restructuring And Mergern Acquisition": NaN,
        "Earnings From Equity Interest": NaN,
        "Gain On Sale Of Security": NaN,
        "Net Non Operating Interest Income Expense": NaN,
        "Interest Expense Non Operating": NaN,
        "Interest Income Non Operating": NaN,
        "Operating Income": NaN,
        "Operating Expense": NaN,
        "Research And Development": NaN,
        "Selling General And Administration": NaN,
        "Selling And Marketing Expense": NaN,
        "General And Administrative Expense": NaN,
        "Other Gand A": 913000000.0,
        "Insurance And Claims": NaN,
        "Gross Profit": NaN,
        "Cost Of Revenue": NaN,
        "Total Revenue": NaN,
        "Operating Revenue": NaN
    },
    "2023-03-31": {
        "Tax Effect Of Unusual Items": NaN,
        "Tax Rate For Calcs": NaN,
        "Normalized EBITDA": NaN,
        "Total Unusual Items": NaN,
        "Total Unusual Items Excluding Goodwill": NaN,
        "Net Income From Continuing Operation Net Minority Interest": NaN,
        "Reconciled Depreciation": NaN,
        "Reconciled Cost Of Revenue": NaN,
        "EBITDA": NaN,
        "EBIT": NaN,
        "Net Interest Income": NaN,
        "Interest Expense": NaN,
        "Interest Income": NaN,
        "Normalized Income": NaN,
        "Net Income From Continuing And Discontinued Operation": NaN,
        "Total Expenses": NaN,
        "Diluted Average Shares": NaN,
        "Basic Average Shares": NaN,
        "Diluted EPS": NaN,
        "Basic EPS": NaN,
        "Diluted NI Availto Com Stockholders": NaN,
        "Average Dilution Earnings": -6000000.0,
        "Net Income Common Stockholders": NaN,
        "Preferred Stock Dividends": 145000000.0,
        "Net Income": NaN,
        "Minority Interests": NaN,
        "Net Income Including Noncontrolling Interests": NaN,
        "Net Income Discontinuous Operations": NaN,
        "Net Income Continuous Operations": NaN,
        "Tax Provision": NaN,
        "Pretax Income": NaN,
        "Other Income Expense": NaN,
        "Other Non Operating Income Expenses": NaN,
        "Special Income Charges": NaN,
        "Gain On Sale Of Business": NaN,
        "Impairment Of Capital Assets": NaN,
        "Restructuring And Mergern Acquisition": NaN,
        "Earnings From Equity Interest": NaN,
        "Gain On Sale Of Security": 5908000000.0,
        "Net Non Operating Interest Income Expense": NaN,
        "Interest Expense Non Operating": NaN,
        "Interest Income Non Operating": NaN,
        "Operating Income": NaN,
        "Operating Expense": NaN,
        "Research And Development": NaN,
        "Selling General And Administration": NaN,
        "Selling And Marketing Expense": NaN,
        "General And Administrative Expense": NaN,
        "Other Gand A": 2142000000.0,
        "Insurance And Claims": NaN,
        "Gross Profit": NaN,
        "Cost Of Revenue": NaN,
        "Total Revenue": NaN,
        "Operating Revenue": NaN
    },
    "2022-12-31": {
        "Tax Effect Of Unusual Items": NaN,
        "Tax Rate For Calcs": NaN,
        "Normalized EBITDA": NaN,
        "Total Unusual Items": NaN,
        "Total Unusual Items Excluding Goodwill": NaN,
        "Net Income From Continuing Operation Net Minority Interest": NaN,
        "Reconciled Depreciation": NaN,
        "Reconciled Cost Of Revenue": NaN,
        "EBITDA": NaN,
        "EBIT": NaN,
        "Net Interest Income": NaN,
        "Interest Expense": NaN,
        "Interest Income": NaN,
        "Normalized Income": NaN,
        "Net Income From Continuing And Discontinued Operation": NaN,
        "Total Expenses": NaN,
        "Diluted Average Shares": NaN,
        "Basic Average Shares": NaN,
        "Diluted EPS": NaN,
        "Basic EPS": NaN,
        "Diluted NI Availto Com Stockholders": NaN,
        "Average Dilution Earnings": NaN,
        "Net Income Common Stockholders": NaN,
        "Preferred Stock Dividends": 97000000.0,
        "Net Income": NaN,
        "Minority Interests": NaN,
        "Net Income Including Noncontrolling Interests": NaN,
        "Net Income Discontinuous Operations": NaN,
        "Net Income Continuous Operations": NaN,
        "Tax Provision": NaN,
        "Pretax Income": NaN,
        "Other Income Expense": NaN,
        "Other Non Operating Income Expenses": NaN,
        "Special Income Charges": NaN,
        "Gain On Sale Of Business": NaN,
        "Restructuring And Mergern Acquisition": NaN,
        "Earnings From Equity Interest": NaN,
        "Gain On Sale Of Security": 94000000.0,
        "Net Non Operating Interest Income Expense": NaN,
        "Interest Expense Non Operating": NaN,
        "Interest Income Non Operating": NaN,
        "Operating Income": NaN,
        "Operating Expense": NaN,
        "Research And Development": NaN,
        "Selling General And Administration": NaN,
        "Selling And Marketing Expense": NaN,
        "General And Administrative Expense": NaN,
        "Other Gand A": 3542000000.0,
        "Insurance And Claims": NaN,
        "Gross Profit": NaN,
        "Cost Of Revenue": NaN,
        "Total Revenue": NaN,
        "Operating Revenue": NaN
    },
    "2022-09-30": {
        "Tax Effect Of Unusual Items": NaN,
        "Tax Rate For Calcs": NaN,
        "Normalized EBITDA": NaN,
        "Total Unusual Items": NaN,
        "Total Unusual Items Excluding Goodwill": NaN,
        "Net Income From Continuing Operation Net Minority Interest": NaN,
        "Reconciled Depreciation": NaN,
        "Reconciled Cost Of Revenue": NaN,
        "EBITDA": NaN,
        "EBIT": NaN,
        "Net Interest Income": NaN,
        "Interest Expense": NaN,
        "Interest Income": NaN,
        "Normalized Income": NaN,
        "Net Income From Continuing And Discontinued Operation": NaN,
        "Total Expenses": NaN,
        "Diluted Average Shares": NaN,
        "Basic Average Shares": NaN,
        "Diluted EPS": NaN,
        "Basic EPS": NaN,
        "Diluted NI Availto Com Stockholders": NaN,
        "Average Dilution Earnings": NaN,
        "Net Income Common Stockholders": NaN,
        "Preferred Stock Dividends": NaN,
        "Net Income": NaN,
        "Minority Interests": NaN,
        "Net Income Including Noncontrolling Interests": NaN,
        "Net Income Discontinuous Operations": NaN,
        "Net Income Continuous Operations": NaN,
        "Tax Provision": NaN,
        "Pretax Income": NaN,
        "Other Income Expense": NaN,
        "Other Non Operating Income Expenses": NaN,
        "Special Income Charges": NaN,
        "Gain On Sale Of Business": NaN,
        "Restructuring And Mergern Acquisition": NaN,
        "Earnings From Equity Interest": NaN,
        "Gain On Sale Of Security": -101000000.0,
        "Net Non Operating Interest Income Expense": NaN,
        "Interest Expense Non Operating": NaN,
        "Interest Income Non Operating": NaN,
        "Operating Income": NaN,
        "Operating Expense": NaN,
        "Other Operating Expenses": 227000000.0,
        "Research And Development": NaN,
        "Selling General And Administration": NaN,
        "Selling And Marketing Expense": 1966000000.0,
        "General And Administrative Expense": NaN,
        "Other Gand A": 2868000000.0,
        "Insurance And Claims": NaN,
        "Gross Profit": NaN,
        "Cost Of Revenue": NaN,
        "Total Revenue": NaN,
        "Operating Revenue": NaN
    },
    "2022-06-30": {
        "Tax Effect Of Unusual Items": -610400000.0,
        "Tax Rate For Calcs": 0.4,
        "Normalized EBITDA": 2355000000.0,
        "Total Unusual Items": -1526000000.0,
        "Total Unusual Items Excluding Goodwill": -1526000000.0,
        "Net Income From Continuing Operation Net Minority Interest": -580000000.0,
        "Reconciled Depreciation": 679000000.0,
        "Reconciled Cost Of Revenue": 13244000000.0,
        "EBITDA": 829000000.0,
        "EBIT": 150000000.0,
        "Net Interest Income": -352000000.0,
        "Interest Expense": 394000000.0,
        "Interest Income": 42000000.0,
        "Normalized Income": 335600000.0,
        "Net Income From Continuing And Discontinued Operation": -790000000.0,
        "Total Expenses": 17420000000.0,
        "Diluted Average Shares": 1099000000.0,
        "Basic Average Shares": 1099000000.0,
        "Diluted EPS": -0.86,
        "Basic EPS": -0.86,
        "Diluted NI Availto Com Stockholders": -857000000.0,
        "Average Dilution Earnings": NaN,
        "Net Income Common Stockholders": -857000000.0,
        "Preferred Stock Dividends": 67000000.0,
        "Net Income": -790000000.0,
        "Minority Interests": -19000000.0,
        "Net Income Including Noncontrolling Interests": -771000000.0,
        "Net Income Discontinuous Operations": -210000000.0,
        "Net Income Continuous Operations": -561000000.0,
        "Tax Provision": 317000000.0,
        "Pretax Income": -244000000.0,
        "Other Income Expense": -1118000000.0,
        "Other Non Operating Income Expenses": 325000000.0,
        "Special Income Charges": 4000000.0,
        "Gain On Sale Of Business": 4000000.0,
        "Other Special Charges": NaN,
        "Restructuring And Mergern Acquisition": 207000000.0,
        "Earnings From Equity Interest": 83000000.0,
        "Gain On Sale Of Security": -1530000000.0,
        "Net Non Operating Interest Income Expense": -352000000.0,
        "Interest Expense Non Operating": 394000000.0,
        "Interest Income Non Operating": 42000000.0,
        "Operating Income": 1225000000.0,
        "Operating Expense": 4176000000.0,
        "Other Operating Expenses": 207000000.0,
        "Research And Development": 696000000.0,
        "Selling General And Administration": 3273000000.0,
        "General And Administrative Expense": 3273000000.0,
        "Other Gand A": 2720000000.0,
        "Insurance And Claims": 553000000.0,
        "Gross Profit": 5401000000.0,
        "Cost Of Revenue": 13244000000.0,
        "Total Revenue": 18645000000.0,
        "Operating Revenue": 18645000000.0
    },
    "2023-09-30": {
        "Tax Effect Of Unusual Items": NaN,
        "Tax Rate For Calcs": NaN,
        "Normalized EBITDA": NaN,
        "Total Unusual Items": NaN,
        "Total Unusual Items Excluding Goodwill": NaN,
        "Net Income From Continuing Operation Net Minority Interest": NaN,
        "Reconciled Depreciation": NaN,
        "Reconciled Cost Of Revenue": NaN,
        "EBITDA": NaN,
        "EBIT": NaN,
        "Net Interest Income": NaN,
        "Interest Expense": NaN,
        "Interest Income": NaN,
        "Normalized Income": NaN,
        "Net Income From Continuing And Discontinued Operation": NaN,
        "Total Expenses": NaN,
        "Diluted Average Shares": NaN,
        "Basic Average Shares": NaN,
        "Diluted EPS": NaN,
        "Basic EPS": NaN,
        "Diluted NI Availto Com Stockholders": NaN,
        "Net Income Common Stockholders": NaN,
        "Preferred Stock Dividends": 91000000.0,
        "Net Income": NaN,
        "Minority Interests": NaN,
        "Net Income Including Noncontrolling Interests": NaN,
        "Net Income Discontinuous Operations": NaN,
        "Net Income Continuous Operations": NaN,
        "Tax Provision": NaN,
        "Pretax Income": NaN,
        "Other Income Expense": NaN,
        "Other Non Operating Income Expenses": NaN,
        "Special Income Charges": NaN,
        "Gain On Sale Of Business": NaN,
        "Impairment Of Capital Assets": 0.0,
        "Restructuring And Mergern Acquisition": NaN,
        "Earnings From Equity Interest": NaN,
        "Gain On Sale Of Security": -1109000000.0,
        "Net Non Operating Interest Income Expense": NaN,
        "Interest Expense Non Operating": NaN,
        "Interest Income Non Operating": NaN,
        "Operating Income": NaN,
        "Operating Expense": NaN,
        "Research And Development": NaN,
        "Selling General And Administration": NaN,
        "Selling And Marketing Expense": 1001000000.0,
        "General And Administrative Expense": NaN,
        "Other Gand A": NaN,
        "Insurance And Claims": NaN,
        "Gross Profit": NaN,
        "Cost Of Revenue": NaN,
        "Total Revenue": NaN,
        "Operating Revenue": NaN
    },
    "2023-12-31": {
        "Tax Effect Of Unusual Items": NaN,
        "Tax Rate For Calcs": NaN,
        "Normalized EBITDA": NaN,
        "Total Unusual Items": NaN,
        "Total Unusual Items Excluding Goodwill": NaN,
        "Net Income From Continuing Operation Net Minority Interest": NaN,
        "Reconciled Depreciation": NaN,
        "Reconciled Cost Of Revenue": NaN,
        "EBITDA": NaN,
        "EBIT": NaN,
        "Net Interest Income": NaN,
        "Interest Expense": NaN,
        "Interest Income": NaN,
        "Normalized Income": NaN,
        "Net Income From Continuing And Discontinued Operation": NaN,
        "Total Expenses": NaN,
        "Diluted Average Shares": NaN,
        "Basic Average Shares": NaN,
        "Diluted EPS": NaN,
        "Basic EPS": NaN,
        "Diluted NI Availto Com Stockholders": NaN,
        "Net Income Common Stockholders": NaN,
        "Preferred Stock Dividends": 0.0,
        "Net Income": NaN,
        "Minority Interests": NaN,
        "Net Income Including Noncontrolling Interests": NaN,
        "Net Income Discontinuous Operations": NaN,
        "Net Income Continuous Operations": NaN,
        "Tax Provision": NaN,
        "Pretax Income": NaN,
        "Other Income Expense": NaN,
        "Other Non Operating Income Expenses": NaN,
        "Special Income Charges": NaN,
        "Gain On Sale Of Business": NaN,
        "Impairment Of Capital Assets": NaN,
        "Restructuring And Mergern Acquisition": NaN,
        "Earnings From Equity Interest": NaN,
        "Gain On Sale Of Security": 621000000.0,
        "Net Non Operating Interest Income Expense": NaN,
        "Interest Expense Non Operating": NaN,
        "Interest Income Non Operating": NaN,
        "Operating Income": NaN,
        "Operating Expense": NaN,
        "Research And Development": NaN,
        "Selling General And Administration": NaN,
        "Selling And Marketing Expense": NaN,
        "General And Administrative Expense": NaN,
        "Other Gand A": NaN,
        "Insurance And Claims": NaN,
        "Gross Profit": NaN,
        "Cost Of Revenue": NaN,
        "Total Revenue": NaN,
        "Operating Revenue": NaN
    },
    "2024-03-31": {
        "Tax Effect Of Unusual Items": NaN,
        "Tax Rate For Calcs": NaN,
        "Normalized EBITDA": NaN,
        "Total Unusual Items": NaN,
        "Total Unusual Items Excluding Goodwill": NaN,
        "Net Income From Continuing Operation Net Minority Interest": NaN,
        "Reconciled Depreciation": NaN,
        "Reconciled Cost Of Revenue": NaN,
        "EBITDA": NaN,
        "EBIT": NaN,
        "Net Interest Income": NaN,
        "Interest Expense": NaN,
        "Interest Income": NaN,
        "Normalized Income": NaN,
        "Net Income From Continuing And Discontinued Operation": NaN,
        "Total Expenses": NaN,
        "Diluted Average Shares": NaN,
        "Basic Average Shares": NaN,
        "Diluted EPS": NaN,
        "Basic EPS": NaN,
        "Diluted NI Availto Com Stockholders": NaN,
        "Net Income Common Stockholders": NaN,
        "Net Income": NaN,
        "Minority Interests": NaN,
        "Net Income Including Noncontrolling Interests": NaN,
        "Net Income Discontinuous Operations": NaN,
        "Net Income Continuous Operations": NaN,
        "Tax Provision": NaN,
        "Pretax Income": NaN,
        "Other Income Expense": NaN,
        "Other Non Operating Income Expenses": NaN,
        "Special Income Charges": NaN,
        "Gain On Sale Of Business": NaN,
        "Impairment Of Capital Assets": NaN,
        "Restructuring And Mergern Acquisition": NaN,
        "Earnings From Equity Interest": NaN,
        "Gain On Sale Of Security": NaN,
        "Net Non Operating Interest Income Expense": NaN,
        "Interest Expense Non Operating": NaN,
        "Interest Income Non Operating": NaN,
        "Operating Income": NaN,
        "Operating Expense": NaN,
        "Research And Development": NaN,
        "Selling General And Administration": NaN,
        "Selling And Marketing Expense": NaN,
        "General And Administrative Expense": NaN,
        "Other Gand A": 1026000000.0,
        "Insurance And Claims": NaN,
        "Gross Profit": NaN,
        "Cost Of Revenue": NaN,
        "Total Revenue": NaN,
        "Operating Revenue": NaN
    },
    "2024-06-30": {
        "Tax Effect Of Unusual Items": NaN,
        "Tax Rate For Calcs": NaN,
        "Normalized EBITDA": NaN,
        "Total Unusual Items": NaN,
        "Total Unusual Items Excluding Goodwill": NaN,
        "Net Income From Continuing Operation Net Minority Interest": NaN,
        "Reconciled Depreciation": NaN,
        "Reconciled Cost Of Revenue": NaN,
        "EBITDA": NaN,
        "EBIT": NaN,
        "Net Interest Income": NaN,
        "Interest Expense": NaN,
        "Interest Income": NaN,
        "Normalized Income": NaN,
        "Net Income From Continuing And Discontinued Operation": NaN,
        "Total Expenses": NaN,
        "Diluted Average Shares": NaN,
        "Basic Average Shares": NaN,
        "Diluted EPS": NaN,
        "Basic EPS": NaN,
        "Diluted NI Availto Com Stockholders": NaN,
        "Net Income Common Stockholders": NaN,
        "Net Income": NaN,
        "Minority Interests": NaN,
        "Net Income Including Noncontrolling Interests": NaN,
        "Net Income Discontinuous Operations": NaN,
        "Net Income Continuous Operations": NaN,
        "Tax Provision": NaN,
        "Pretax Income": NaN,
        "Other Income Expense": NaN,
        "Other Non Operating Income Expenses": NaN,
        "Special Income Charges": NaN,
        "Gain On Sale Of Business": NaN,
        "Impairment Of Capital Assets": NaN,
        "Restructuring And Mergern Acquisition": NaN,
        "Earnings From Equity Interest": NaN,
        "Gain On Sale Of Security": NaN,
        "Net Non Operating Interest Income Expense": NaN,
        "Interest Expense Non Operating": NaN,
        "Interest Income Non Operating": NaN,
        "Operating Income": NaN,
        "Operating Expense": NaN,
        "Research And Development": NaN,
        "Selling General And Administration": NaN,
        "Selling And Marketing Expense": NaN,
        "General And Administrative Expense": NaN,
        "Other Gand A": 924000000.0,
        "Insurance And Claims": NaN,
        "Gross Profit": NaN,
        "Cost Of Revenue": NaN,
        "Total Revenue": NaN,
        "Operating Revenue": NaN
    },
    "2024-09-30": {
        "Tax Effect Of Unusual Items": 40740000.0,
        "Tax Rate For Calcs": 0.105,
        "Normalized EBITDA": 2069000000.0,
        "Total Unusual Items": 388000000.0,
        "Total Unusual Items Excluding Goodwill": 388000000.0,
        "Net Income From Continuing Operation Net Minority Interest": 1705000000.0,
        "Reconciled Depreciation": 313000000.0,
        "Reconciled Cost Of Revenue": 6226000000.0,
        "EBITDA": 2457000000.0,
        "EBIT": 2144000000.0,
        "Net Interest Income": -64000000.0,
        "Interest Expense": 251000000.0,
        "Interest Income": 187000000.0,
        "Normalized Income": 1357740000.0,
        "Net Income From Continuing And Discontinued Operation": 1852000000.0,
        "Total Expenses": 8601000000.0,
        "Diluted Average Shares": 1098000000.0,
        "Basic Average Shares": 1093000000.0,
        "Diluted EPS": 1.7,
        "Basic EPS": 1.71,
        "Diluted NI Availto Com Stockholders": 1852000000.0,
        "Net Income Common Stockholders": 1852000000.0,
        "Net Income": 1852000000.0,
        "Minority Interests": 10000000.0,
        "Net Income Including Noncontrolling Interests": 1842000000.0,
        "Net Income Discontinuous Operations": 147000000.0,
        "Net Income Continuous Operations": 1695000000.0,
        "Tax Provision": 198000000.0,
        "Pretax Income": 1893000000.0,
        "Other Income Expense": 717000000.0,
        "Other Non Operating Income Expenses": 301000000.0,
        "Special Income Charges": 388000000.0,
        "Gain On Sale Of Business": 713000000.0,
        "Impairment Of Capital Assets": 251000000.0,
        "Restructuring And Mergern Acquisition": 74000000.0,
        "Earnings From Equity Interest": 28000000.0,
        "Gain On Sale Of Security": 357000000.0,
        "Net Non Operating Interest Income Expense": -64000000.0,
        "Interest Expense Non Operating": 251000000.0,
        "Interest Income Non Operating": 187000000.0,
        "Operating Income": 1241000000.0,
        "Operating Expense": 2375000000.0,
        "Research And Development": 331000000.0,
        "Selling General And Administration": 2044000000.0,
        "Selling And Marketing Expense": 1330000000.0,
        "General And Administrative Expense": 714000000.0,
        "Other Gand A": NaN,
        "Insurance And Claims": 714000000.0,
        "Gross Profit": 3616000000.0,
        "Cost Of Revenue": 6226000000.0,
        "Total Revenue": 9842000000.0,
        "Operating Revenue": 9842000000.0
    },
    "2024-12-31": {
        "Tax Effect Of Unusual Items": -112660270.388138,
        "Tax Rate For Calcs": 0.172263,
        "Normalized EBITDA": 3469000000.0,
        "Total Unusual Items": -654000000.0,
        "Total Unusual Items Excluding Goodwill": -654000000.0,
        "Net Income From Continuing Operation Net Minority Interest": 1905000000.0,
        "Reconciled Depreciation": 298000000.0,
        "Reconciled Cost Of Revenue": 6762000000.0,
        "EBITDA": 2815000000.0,
        "EBIT": 2517000000.0,
        "Net Interest Income": -27000000.0,
        "Interest Expense": 224000000.0,
        "Interest Income": 197000000.0,
        "Normalized Income": 2446339729.611862,
        "Net Income From Continuing And Discontinued Operation": 1899000000.0,
        "Total Expenses": 8206000000.0,
        "Diluted Average Shares": 1085142857.0,
        "Basic Average Shares": 1078977273.0,
        "Diluted EPS": 1.75,
        "Basic EPS": 1.76,
        "Diluted NI Availto Com Stockholders": 1899000000.0,
        "Net Income Common Stockholders": 1899000000.0,
        "Net Income": 1899000000.0,
        "Minority Interests": 7000000.0,
        "Net Income Including Noncontrolling Interests": 1890000000.0,
        "Net Income Discontinuous Operations": -6000000.0,
        "Net Income Continuous Operations": 1897000000.0,
        "Tax Provision": 395000000.0,
        "Pretax Income": 2293000000.0,
        "Other Income Expense": -287000000.0,
        "Other Non Operating Income Expenses": 301000000.0,
        "Special Income Charges": -654000000.0,
        "Gain On Sale Of Business": -51000000.0,
        "Impairment Of Capital Assets": 0.0,
        "Restructuring And Mergern Acquisition": 603000000.0,
        "Earnings From Equity Interest": 66000000.0,
        "Gain On Sale Of Security": NaN,
        "Net Non Operating Interest Income Expense": -27000000.0,
        "Interest Expense Non Operating": 224000000.0,
        "Interest Income Non Operating": 197000000.0,
        "Operating Income": 2605000000.0,
        "Operating Expense": 1444000000.0,
        "Research And Development": 385000000.0,
        "Selling General And Administration": 1059000000.0,
        "Selling And Marketing Expense": NaN,
        "General And Administrative Expense": 4339000000.0,
        "Other Gand A": NaN,
        "Insurance And Claims": 421000000.0,
        "Gross Profit": 4049000000.0,
        "Cost Of Revenue": 6762000000.0,
        "Total Revenue": 10811000000.0,
        "Operating Revenue": 10811000000.0
    },
    "2025-03-31": {
        "Tax Effect Of Unusual Items": -4788000.0,
        "Tax Rate For Calcs": 0.126,
        "Normalized EBITDA": 2792000000.0,
        "Total Unusual Items": -38000000.0,
        "Total Unusual Items Excluding Goodwill": -38000000.0,
        "Net Income From Continuing Operation Net Minority Interest": 1968000000.0,
        "Reconciled Depreciation": 299000000.0,
        "Reconciled Cost Of Revenue": 5995000000.0,
        "EBITDA": 2754000000.0,
        "EBIT": 2455000000.0,
        "Net Interest Income": -37000000.0,
        "Interest Expense": 210000000.0,
        "Interest Income": 173000000.0,
        "Normalized Income": 2001212000.0,
        "Net Income From Continuing And Discontinued Operation": 1978000000.0,
        "Total Expenses": 7931000000.0,
        "Diluted Average Shares": 1078000000.0,
        "Basic Average Shares": 1070000000.0,
        "Diluted EPS": 1.83,
        "Basic EPS": 1.85,
        "Diluted NI Availto Com Stockholders": 1978000000.0,
        "Net Income Common Stockholders": 1978000000.0,
        "Net Income": 1978000000.0,
        "Minority Interests": 5000000.0,
        "Net Income Including Noncontrolling Interests": 1972000000.0,
        "Net Income Discontinuous Operations": 10000000.0,
        "Net Income Continuous Operations": 1962000000.0,
        "Tax Provision": 283000000.0,
        "Pretax Income": 2245000000.0,
        "Other Income Expense": 279000000.0,
        "Other Non Operating Income Expenses": 279000000.0,
        "Special Income Charges": -38000000.0,
        "Gain On Sale Of Business": 13000000.0,
        "Impairment Of Capital Assets": NaN,
        "Restructuring And Mergern Acquisition": 51000000.0,
        "Earnings From Equity Interest": 38000000.0,
        "Gain On Sale Of Security": NaN,
        "Net Non Operating Interest Income Expense": -37000000.0,
        "Interest Expense Non Operating": 210000000.0,
        "Interest Income Non Operating": 173000000.0,
        "Operating Income": 2003000000.0,
        "Operating Expense": 1936000000.0,
        "Research And Development": 359000000.0,
        "Selling General And Administration": 1577000000.0,
        "Selling And Marketing Expense": NaN,
        "General And Administrative Expense": 1577000000.0,
        "Other Gand A": 876000000.0,
        "Insurance And Claims": 701000000.0,
        "Gross Profit": 3939000000.0,
        "Cost Of Revenue": 5995000000.0,
        "Total Revenue": 9934000000.0,
        "Operating Revenue": 9934000000.0
    },
    "2025-06-30": {
        "Tax Effect Of Unusual Items": -7128000.0,
        "Tax Rate For Calcs": 0.162,
        "Normalized EBITDA": 2902000000.0,
        "Total Unusual Items": -44000000.0,
        "Total Unusual Items Excluding Goodwill": -44000000.0,
        "Net Income From Continuing Operation Net Minority Interest": 2007000000.0,
        "Reconciled Depreciation": 311000000.0,
        "Reconciled Cost Of Revenue": 6846000000.0,
        "EBITDA": 2858000000.0,
        "EBIT": 2547000000.0,
        "Net Interest Income": 2000000.0,
        "Interest Expense": 158000000.0,
        "Interest Income": 160000000.0,
        "Normalized Income": 2043872000.0,
        "Net Income From Continuing And Discontinued Operation": 2028000000.0,
        "Total Expenses": 8923000000.0,
        "Diluted Average Shares": 1073015873.0,
        "Basic Average Shares": 1061780105.0,
        "Diluted EPS": 1.89,
        "Basic EPS": 1.91,
        "Diluted NI Availto Com Stockholders": 2028000000.0,
        "Net Income Common Stockholders": 2028000000.0,
        "Net Income": 2028000000.0,
        "Minority Interests": 7000000.0,
        "Net Income Including Noncontrolling Interests": 2021000000.0,
        "Net Income Discontinuous Operations": 21000000.0,
        "Net Income Continuous Operations": 2000000000.0,
        "Tax Provision": 388000000.0,
        "Pretax Income": 2389000000.0,
        "Other Income Expense": 287000000.0,
        "Other Non Operating Income Expenses": 293000000.0,
        "Special Income Charges": -44000000.0,
        "Gain On Sale Of Business": 3000000.0,
        "Impairment Of Capital Assets": NaN,
        "Restructuring And Mergern Acquisition": 47000000.0,
        "Earnings From Equity Interest": 38000000.0,
        "Gain On Sale Of Security": NaN,
        "Net Non Operating Interest Income Expense": 2000000.0,
        "Interest Expense Non Operating": 158000000.0,
        "Interest Income Non Operating": 160000000.0,
        "Operating Income": 2099000000.0,
        "Operating Expense": 2077000000.0,
        "Research And Development": 359000000.0,
        "Selling General And Administration": 1718000000.0,
        "Selling And Marketing Expense": NaN,
        "General And Administrative Expense": 1718000000.0,
        "Other Gand A": 1020000000.0,
        "Insurance And Claims": 698000000.0,
        "Gross Profit": 4176000000.0,
        "Cost Of Revenue": 6846000000.0,
        "Total Revenue": 11022000000.0,
        "Operating Revenue": 11022000000.0
    },
    "2025-09-30": {
        "Tax Effect Of Unusual Items": -6165000.0,
        "Tax Rate For Calcs": 0.137,
        "Normalized EBITDA": 3088000000.0,
        "Total Unusual Items": -45000000.0,
        "Total Unusual Items Excluding Goodwill": -45000000.0,
        "Net Income From Continuing Operation Net Minority Interest": 2174000000.0,
        "Reconciled Depreciation": 303000000.0,
        "Reconciled Cost Of Revenue": 7762000000.0,
        "EBITDA": 3043000000.0,
        "EBIT": 2740000000.0,
        "Net Interest Income": -63000000.0,
        "Interest Expense": 225000000.0,
        "Interest Income": 162000000.0,
        "Normalized Income": 2212835000.0,
        "Net Income From Continuing And Discontinued Operation": 2157000000.0,
        "Total Expenses": 9872000000.0,
        "Diluted Average Shares": 1065000000.0,
        "Basic Average Shares": 1058000000.0,
        "Diluted EPS": 2.02,
        "Basic EPS": 2.04,
        "Diluted NI Availto Com Stockholders": 2157000000.0,
        "Net Income Common Stockholders": 2157000000.0,
        "Net Income": 2157000000.0,
        "Minority Interests": 3000000.0,
        "Net Income Including Noncontrolling Interests": 2154000000.0,
        "Net Income Discontinuous Operations": -17000000.0,
        "Net Income Continuous Operations": 2171000000.0,
        "Tax Provision": 344000000.0,
        "Pretax Income": 2515000000.0,
        "Other Income Expense": 268000000.0,
        "Other Non Operating Income Expenses": 265000000.0,
        "Special Income Charges": -45000000.0,
        "Gain On Sale Of Business": 8000000.0,
        "Impairment Of Capital Assets": 0.0,
        "Restructuring And Mergern Acquisition": 53000000.0,
        "Earnings From Equity Interest": 48000000.0,
        "Gain On Sale Of Security": NaN,
        "Net Non Operating Interest Income Expense": -63000000.0,
        "Interest Expense Non Operating": 225000000.0,
        "Interest Income Non Operating": 162000000.0,
        "Operating Income": 2309000000.0,
        "Operating Expense": 2110000000.0,
        "Research And Development": 415000000.0,
        "Selling General And Administration": 1695000000.0,
        "Selling And Marketing Expense": 1195000000.0,
        "General And Administrative Expense": 500000000.0,
        "Other Gand A": NaN,
        "Insurance And Claims": 500000000.0,
        "Gross Profit": 4419000000.0,
        "Cost Of Revenue": 7762000000.0,
        "Total Revenue": 12181000000.0,
        "Operating Revenue": 12181000000.0
    }
}