{
    "2023-06-30": {
        "Tax Effect Of Unusual Items": NaN,
        "Tax Rate For Calcs": NaN,
        "Normalized EBITDA": NaN,
        "Net Income From Continuing Operation Net Minority Interest": NaN,
        "Reconciled Depreciation": NaN,
        "Reconciled Cost Of Revenue": NaN,
        "EBITDA": NaN,
        "EBIT": NaN,
        "Net Interest Income": NaN,
        "Interest Expense": NaN,
        "Interest Income": 0.0,
        "Normalized Income": NaN,
        "Net Income From Continuing And Discontinued Operation": NaN,
        "Total Expenses": NaN,
        "Total Operating Income As Reported": NaN,
        "Diluted Average Shares": NaN,
        "Basic Average Shares": NaN,
        "Diluted EPS": NaN,
        "Basic EPS": NaN,
        "Diluted NI Availto Com Stockholders": NaN,
        "Net Income Common Stockholders": NaN,
        "Preferred Stock Dividends": NaN,
        "Net Income": NaN,
        "Minority Interests": NaN,
        "Net Income Including Noncontrolling Interests": NaN,
        "Net Income Discontinuous Operations": 0.0,
        "Net Income Continuous Operations": NaN,
        "Tax Provision": NaN,
        "Pretax Income": NaN,
        "Other Income Expense": NaN,
        "Other Non Operating Income Expenses": NaN,
        "Earnings From Equity Interest": NaN,
        "Net Non Operating Interest Income Expense": NaN,
        "Interest Expense Non Operating": NaN,
        "Interest Income Non Operating": 0.0,
        "Operating Income": NaN,
        "Operating Expense": NaN,
        "Research And Development": NaN,
        "Selling General And Administration": NaN,
        "Gross Profit": NaN,
        "Cost Of Revenue": NaN,
        "Total Revenue": NaN,
        "Operating Revenue": NaN
    },
    "2023-03-31": {
        "Tax Effect Of Unusual Items": NaN,
        "Tax Rate For Calcs": NaN,
        "Normalized EBITDA": NaN,
        "Net Income From Continuing Operation Net Minority Interest": NaN,
        "Reconciled Depreciation": NaN,
        "Reconciled Cost Of Revenue": NaN,
        "EBITDA": NaN,
        "EBIT": NaN,
        "Net Interest Income": NaN,
        "Interest Expense": NaN,
        "Interest Income": NaN,
        "Normalized Income": NaN,
        "Net Income From Continuing And Discontinued Operation": NaN,
        "Total Expenses": NaN,
        "Total Operating Income As Reported": NaN,
        "Diluted Average Shares": NaN,
        "Basic Average Shares": NaN,
        "Diluted EPS": NaN,
        "Basic EPS": NaN,
        "Diluted NI Availto Com Stockholders": NaN,
        "Net Income Common Stockholders": NaN,
        "Preferred Stock Dividends": 183000000.0,
        "Net Income": NaN,
        "Minority Interests": NaN,
        "Net Income Including Noncontrolling Interests": NaN,
        "Net Income Discontinuous Operations": NaN,
        "Net Income Continuous Operations": NaN,
        "Tax Provision": NaN,
        "Pretax Income": NaN,
        "Other Income Expense": NaN,
        "Other Non Operating Income Expenses": NaN,
        "Earnings From Equity Interest": NaN,
        "Net Non Operating Interest Income Expense": NaN,
        "Interest Expense Non Operating": NaN,
        "Interest Income Non Operating": NaN,
        "Operating Income": NaN,
        "Operating Expense": NaN,
        "Research And Development": NaN,
        "Selling General And Administration": NaN,
        "Gross Profit": NaN,
        "Cost Of Revenue": NaN,
        "Total Revenue": NaN,
        "Operating Revenue": NaN
    },
    "2022-12-31": {
        "Tax Effect Of Unusual Items": NaN,
        "Tax Rate For Calcs": NaN,
        "Normalized EBITDA": NaN,
        "Net Income From Continuing Operation Net Minority Interest": NaN,
        "Reconciled Depreciation": NaN,
        "Reconciled Cost Of Revenue": NaN,
        "EBITDA": NaN,
        "EBIT": NaN,
        "Net Interest Income": NaN,
        "Interest Expense": NaN,
        "Interest Income": NaN,
        "Normalized Income": NaN,
        "Net Income From Continuing And Discontinued Operation": NaN,
        "Total Expenses": NaN,
        "Total Operating Income As Reported": NaN,
        "Diluted Average Shares": NaN,
        "Basic Average Shares": NaN,
        "Diluted EPS": NaN,
        "Basic EPS": NaN,
        "Diluted NI Availto Com Stockholders": NaN,
        "Net Income Common Stockholders": NaN,
        "Preferred Stock Dividends": NaN,
        "Net Income": NaN,
        "Minority Interests": NaN,
        "Net Income Including Noncontrolling Interests": NaN,
        "Net Income Discontinuous Operations": 6000000.0,
        "Net Income Continuous Operations": NaN,
        "Tax Provision": NaN,
        "Pretax Income": NaN,
        "Other Income Expense": NaN,
        "Other Non Operating Income Expenses": NaN,
        "Earnings From Equity Interest": NaN,
        "Net Non Operating Interest Income Expense": NaN,
        "Interest Expense Non Operating": NaN,
        "Interest Income Non Operating": NaN,
        "Operating Income": NaN,
        "Operating Expense": NaN,
        "Research And Development": NaN,
        "Selling General And Administration": NaN,
        "Gross Profit": NaN,
        "Cost Of Revenue": NaN,
        "Total Revenue": NaN,
        "Operating Revenue": NaN
    },
    "2022-09-30": {
        "Tax Effect Of Unusual Items": NaN,
        "Tax Rate For Calcs": NaN,
        "Normalized EBITDA": NaN,
        "Net Income From Continuing Operation Net Minority Interest": NaN,
        "Reconciled Depreciation": NaN,
        "Reconciled Cost Of Revenue": NaN,
        "EBITDA": NaN,
        "EBIT": NaN,
        "Net Interest Income": NaN,
        "Interest Expense": NaN,
        "Interest Income": 4000000.0,
        "Normalized Income": NaN,
        "Net Income From Continuing And Discontinued Operation": NaN,
        "Total Expenses": NaN,
        "Total Operating Income As Reported": NaN,
        "Diluted Average Shares": NaN,
        "Basic Average Shares": NaN,
        "Diluted EPS": NaN,
        "Basic EPS": NaN,
        "Diluted NI Availto Com Stockholders": NaN,
        "Net Income Common Stockholders": NaN,
        "Preferred Stock Dividends": NaN,
        "Net Income": NaN,
        "Minority Interests": NaN,
        "Net Income Including Noncontrolling Interests": NaN,
        "Net Income Discontinuous Operations": 0.0,
        "Net Income Continuous Operations": NaN,
        "Tax Provision": NaN,
        "Pretax Income": NaN,
        "Other Income Expense": NaN,
        "Other Non Operating Income Expenses": NaN,
        "Earnings From Equity Interest": NaN,
        "Net Non Operating Interest Income Expense": NaN,
        "Interest Expense Non Operating": NaN,
        "Interest Income Non Operating": 4000000.0,
        "Operating Income": NaN,
        "Operating Expense": NaN,
        "Research And Development": NaN,
        "Selling General And Administration": NaN,
        "Gross Profit": NaN,
        "Cost Of Revenue": NaN,
        "Total Revenue": NaN,
        "Operating Revenue": NaN
    },
    "2022-06-30": {
        "Tax Effect Of Unusual Items": 0.0,
        "Tax Rate For Calcs": 0.239,
        "Normalized EBITDA": 818000000.0,
        "Net Income From Continuing Operation Net Minority Interest": 473000000.0,
        "Reconciled Depreciation": 157000000.0,
        "Reconciled Cost Of Revenue": 2688000000.0,
        "EBITDA": 818000000.0,
        "EBIT": 661000000.0,
        "Net Interest Income": -22000000.0,
        "Interest Expense": 22000000.0,
        "Interest Income": NaN,
        "Normalized Income": 473000000.0,
        "Net Income From Continuing And Discontinued Operation": 485000000.0,
        "Total Expenses": 3853000000.0,
        "Total Operating Income As Reported": 631000000.0,
        "Diluted Average Shares": 454710004.0,
        "Basic Average Shares": 454710004.0,
        "Diluted EPS": 1.066614,
        "Basic EPS": 1.066614,
        "Diluted NI Availto Com Stockholders": 485000000.0,
        "Net Income Common Stockholders": 485000000.0,
        "Preferred Stock Dividends": NaN,
        "Net Income": 485000000.0,
        "Minority Interests": -13000000.0,
        "Net Income Including Noncontrolling Interests": 498000000.0,
        "Net Income Discontinuous Operations": 12000000.0,
        "Net Income Continuous Operations": 486000000.0,
        "Tax Provision": 153000000.0,
        "Pretax Income": 639000000.0,
        "Other Income Expense": 30000000.0,
        "Other Non Operating Income Expenses": 24000000.0,
        "Earnings From Equity Interest": 6000000.0,
        "Net Non Operating Interest Income Expense": -22000000.0,
        "Interest Expense Non Operating": 22000000.0,
        "Interest Income Non Operating": NaN,
        "Operating Income": 631000000.0,
        "Operating Expense": 1165000000.0,
        "Research And Development": 257000000.0,
        "Selling General And Administration": 908000000.0,
        "Gross Profit": 1796000000.0,
        "Cost Of Revenue": 2688000000.0,
        "Total Revenue": 4484000000.0,
        "Operating Revenue": 4484000000.0
    },
    "2022-03-31": {
        "Diluted EPS": 0.86,
        "Total Revenue": NaN,
        "Gross Profit": NaN,
        "Operating Income": 509,
        "EBIT": 668,
        "Net Income": 389
    },
    "2021-12-31": {
        "Diluted EPS": 0.0,
        "Total Revenue": NaN,
        "Gross Profit": NaN,
        "Operating Income": NaN,
        "EBIT": NaN,
        "Net Income": NaN
    },
    "2021-09-30": {
        "Diluted EPS": 0.0,
        "Total Revenue": NaN,
        "Gross Profit": NaN,
        "Operating Income": NaN,
        "EBIT": NaN,
        "Net Income": NaN
    },
    "2020-12-31": {
        "Diluted EPS": 0.0,
        "Total Revenue": NaN,
        "Gross Profit": NaN,
        "Operating Income": NaN,
        "EBIT": NaN,
        "Net Income": NaN
    },
    "2019-12-31": {
        "Diluted EPS": 0.0,
        "Total Revenue": NaN,
        "Gross Profit": NaN,
        "Operating Income": NaN,
        "EBIT": NaN,
        "Net Income": NaN
    },
    "2023-09-30": {
        "Tax Effect Of Unusual Items": NaN,
        "Tax Rate For Calcs": NaN,
        "Normalized EBITDA": NaN,
        "Total Unusual Items": NaN,
        "Total Unusual Items Excluding Goodwill": NaN,
        "Net Income From Continuing Operation Net Minority Interest": NaN,
        "Reconciled Depreciation": NaN,
        "Reconciled Cost Of Revenue": NaN,
        "EBITDA": NaN,
        "EBIT": NaN,
        "Net Interest Income": NaN,
        "Interest Expense": NaN,
        "Interest Income": 6000000.0,
        "Normalized Income": NaN,
        "Net Income From Continuing And Discontinued Operation": NaN,
        "Total Expenses": NaN,
        "Total Operating Income As Reported": NaN,
        "Diluted Average Shares": 458000000.0,
        "Basic Average Shares": 455000000.0,
        "Diluted EPS": 0.82,
        "Basic EPS": 0.82,
        "Diluted NI Availto Com Stockholders": NaN,
        "Net Income Common Stockholders": NaN,
        "Preferred Stock Dividends": NaN,
        "Net Income": NaN,
        "Minority Interests": NaN,
        "Net Income Including Noncontrolling Interests": NaN,
        "Net Income Discontinuous Operations": -4000000.0,
        "Net Income Continuous Operations": NaN,
        "Tax Provision": NaN,
        "Pretax Income": NaN,
        "Other Income Expense": NaN,
        "Other Non Operating Income Expenses": NaN,
        "Earnings From Equity Interest": NaN,
        "Gain On Sale Of Security": NaN,
        "Net Non Operating Interest Income Expense": NaN,
        "Interest Expense Non Operating": NaN,
        "Interest Income Non Operating": 6000000.0,
        "Operating Income": NaN,
        "Operating Expense": NaN,
        "Research And Development": NaN,
        "Selling General And Administration": NaN,
        "Gross Profit": NaN,
        "Cost Of Revenue": NaN,
        "Total Revenue": NaN,
        "Operating Revenue": NaN
    },
    "2023-12-31": {
        "Tax Effect Of Unusual Items": NaN,
        "Tax Rate For Calcs": NaN,
        "Normalized EBITDA": NaN,
        "Total Unusual Items": NaN,
        "Total Unusual Items Excluding Goodwill": NaN,
        "Net Income From Continuing Operation Net Minority Interest": NaN,
        "Reconciled Depreciation": NaN,
        "Reconciled Cost Of Revenue": NaN,
        "EBITDA": NaN,
        "EBIT": NaN,
        "Net Interest Income": NaN,
        "Interest Expense": NaN,
        "Interest Income": 7000000.0,
        "Normalized Income": NaN,
        "Net Income From Continuing And Discontinued Operation": NaN,
        "Total Expenses": NaN,
        "Total Operating Income As Reported": NaN,
        "Diluted Average Shares": NaN,
        "Basic Average Shares": NaN,
        "Diluted EPS": NaN,
        "Basic EPS": NaN,
        "Diluted NI Availto Com Stockholders": NaN,
        "Net Income Common Stockholders": NaN,
        "Preferred Stock Dividends": 0.0,
        "Net Income": NaN,
        "Minority Interests": NaN,
        "Net Income Including Noncontrolling Interests": NaN,
        "Net Income Discontinuous Operations": 0.0,
        "Net Income Continuous Operations": NaN,
        "Tax Provision": NaN,
        "Pretax Income": NaN,
        "Other Income Expense": NaN,
        "Other Non Operating Income Expenses": NaN,
        "Earnings From Equity Interest": NaN,
        "Gain On Sale Of Security": NaN,
        "Net Non Operating Interest Income Expense": NaN,
        "Interest Expense Non Operating": NaN,
        "Interest Income Non Operating": 7000000.0,
        "Operating Income": NaN,
        "Operating Expense": NaN,
        "Research And Development": NaN,
        "Selling General And Administration": NaN,
        "Gross Profit": NaN,
        "Cost Of Revenue": NaN,
        "Total Revenue": NaN,
        "Operating Revenue": NaN
    },
    "2024-03-31": {
        "Tax Effect Of Unusual Items": 0.0,
        "Tax Rate For Calcs": 0.242,
        "Normalized EBITDA": 798000000.0,
        "Total Unusual Items": NaN,
        "Total Unusual Items Excluding Goodwill": NaN,
        "Net Income From Continuing Operation Net Minority Interest": 374000000.0,
        "Reconciled Depreciation": 148000000.0,
        "Reconciled Cost Of Revenue": 2749000000.0,
        "EBITDA": 798000000.0,
        "EBIT": 650000000.0,
        "Net Interest Income": -138000000.0,
        "Interest Expense": 138000000.0,
        "Interest Income": NaN,
        "Normalized Income": 374000000.0,
        "Net Income From Continuing And Discontinued Operation": 374000000.0,
        "Total Expenses": 4111000000.0,
        "Total Operating Income As Reported": 540000000.0,
        "Diluted Average Shares": 459000000.0,
        "Basic Average Shares": 456000000.0,
        "Diluted EPS": 0.81,
        "Basic EPS": 0.82,
        "Diluted NI Availto Com Stockholders": 374000000.0,
        "Net Income Common Stockholders": 374000000.0,
        "Preferred Stock Dividends": NaN,
        "Net Income": 374000000.0,
        "Minority Interests": -14000000.0,
        "Net Income Including Noncontrolling Interests": 388000000.0,
        "Net Income Discontinuous Operations": NaN,
        "Net Income Continuous Operations": 388000000.0,
        "Tax Provision": 124000000.0,
        "Pretax Income": 512000000.0,
        "Other Income Expense": 109000000.0,
        "Other Non Operating Income Expenses": 108000000.0,
        "Earnings From Equity Interest": 1000000.0,
        "Gain On Sale Of Security": NaN,
        "Net Non Operating Interest Income Expense": -138000000.0,
        "Interest Expense Non Operating": 138000000.0,
        "Interest Income Non Operating": NaN,
        "Operating Income": 540000000.0,
        "Operating Expense": 1362000000.0,
        "Research And Development": 324000000.0,
        "Selling General And Administration": 1038000000.0,
        "Gross Profit": 1902000000.0,
        "Cost Of Revenue": 2749000000.0,
        "Total Revenue": 4650000000.0,
        "Operating Revenue": 4650000000.0
    },
    "2024-06-30": {
        "Tax Effect Of Unusual Items": NaN,
        "Tax Rate For Calcs": NaN,
        "Normalized EBITDA": NaN,
        "Total Unusual Items": NaN,
        "Total Unusual Items Excluding Goodwill": NaN,
        "Net Income From Continuing Operation Net Minority Interest": NaN,
        "Reconciled Depreciation": NaN,
        "Reconciled Cost Of Revenue": NaN,
        "EBITDA": NaN,
        "EBIT": NaN,
        "Net Interest Income": NaN,
        "Interest Expense": NaN,
        "Interest Income": 0.0,
        "Normalized Income": NaN,
        "Net Income From Continuing And Discontinued Operation": NaN,
        "Total Expenses": NaN,
        "Total Operating Income As Reported": NaN,
        "Diluted Average Shares": NaN,
        "Basic Average Shares": NaN,
        "Diluted EPS": NaN,
        "Basic EPS": NaN,
        "Diluted NI Availto Com Stockholders": NaN,
        "Net Income Common Stockholders": NaN,
        "Net Income": NaN,
        "Minority Interests": NaN,
        "Net Income Including Noncontrolling Interests": NaN,
        "Net Income Discontinuous Operations": NaN,
        "Net Income Continuous Operations": NaN,
        "Tax Provision": NaN,
        "Pretax Income": NaN,
        "Other Income Expense": NaN,
        "Other Non Operating Income Expenses": NaN,
        "Earnings From Equity Interest": NaN,
        "Gain On Sale Of Security": NaN,
        "Net Non Operating Interest Income Expense": NaN,
        "Interest Expense Non Operating": NaN,
        "Interest Income Non Operating": 0.0,
        "Operating Income": NaN,
        "Operating Expense": NaN,
        "Research And Development": NaN,
        "Selling General And Administration": NaN,
        "Gross Profit": NaN,
        "Cost Of Revenue": NaN,
        "Total Revenue": NaN,
        "Operating Revenue": NaN
    },
    "2024-09-30": {
        "Tax Effect Of Unusual Items": 0.0,
        "Tax Rate For Calcs": 0.255,
        "Normalized EBITDA": 931000000.0,
        "Total Unusual Items": NaN,
        "Total Unusual Items Excluding Goodwill": NaN,
        "Net Income From Continuing Operation Net Minority Interest": 471000000.0,
        "Reconciled Depreciation": 143000000.0,
        "Reconciled Cost Of Revenue": 2838000000.0,
        "EBITDA": 931000000.0,
        "EBIT": 788000000.0,
        "Net Interest Income": -125000000.0,
        "Interest Expense": 130000000.0,
        "Interest Income": 5000000.0,
        "Normalized Income": 471000000.0,
        "Net Income From Continuing And Discontinued Operation": 471000000.0,
        "Total Expenses": 4188000000.0,
        "Total Operating Income As Reported": 676000000.0,
        "Diluted Average Shares": 459000000.0,
        "Basic Average Shares": 457000000.0,
        "Diluted EPS": 1.02,
        "Basic EPS": 1.03,
        "Diluted NI Availto Com Stockholders": 470000000.0,
        "Net Income Common Stockholders": 470000000.0,
        "Net Income": 471000000.0,
        "Minority Interests": -19000000.0,
        "Net Income Including Noncontrolling Interests": 490000000.0,
        "Net Income Discontinuous Operations": 0.0,
        "Net Income Continuous Operations": 490000000.0,
        "Tax Provision": 168000000.0,
        "Pretax Income": 658000000.0,
        "Other Income Expense": 106000000.0,
        "Other Non Operating Income Expenses": 104000000.0,
        "Earnings From Equity Interest": 2000000.0,
        "Gain On Sale Of Security": NaN,
        "Net Non Operating Interest Income Expense": -125000000.0,
        "Interest Expense Non Operating": 130000000.0,
        "Interest Income Non Operating": 5000000.0,
        "Operating Income": 676000000.0,
        "Operating Expense": 1350000000.0,
        "Research And Development": 316000000.0,
        "Selling General And Administration": 1034000000.0,
        "Gross Profit": 2026000000.0,
        "Cost Of Revenue": 2838000000.0,
        "Total Revenue": 4863000000.0,
        "Operating Revenue": 4863000000.0
    },
    "2024-12-31": {
        "Tax Effect Of Unusual Items": 0.0,
        "Tax Rate For Calcs": 0.115108,
        "Normalized EBITDA": 1085000000.0,
        "Total Unusual Items": NaN,
        "Total Unusual Items Excluding Goodwill": NaN,
        "Net Income From Continuing Operation Net Minority Interest": 721000000.0,
        "Reconciled Depreciation": 140000000.0,
        "Reconciled Cost Of Revenue": 3044000000.0,
        "EBITDA": 1085000000.0,
        "EBIT": 945000000.0,
        "Net Interest Income": -111000000.0,
        "Interest Expense": 111000000.0,
        "Interest Income": NaN,
        "Normalized Income": 721000000.0,
        "Net Income From Continuing And Discontinued Operation": 721000000.0,
        "Total Expenses": 4518000000.0,
        "Total Operating Income As Reported": 801000000.0,
        "Diluted Average Shares": 459000000.0,
        "Basic Average Shares": 457000000.0,
        "Diluted EPS": 1.57,
        "Basic EPS": 1.58,
        "Diluted NI Availto Com Stockholders": 721000000.0,
        "Net Income Common Stockholders": 721000000.0,
        "Net Income": 721000000.0,
        "Minority Interests": -17000000.0,
        "Net Income Including Noncontrolling Interests": 738000000.0,
        "Net Income Discontinuous Operations": 0.0,
        "Net Income Continuous Operations": 738000000.0,
        "Tax Provision": 96000000.0,
        "Pretax Income": 834000000.0,
        "Other Income Expense": 144000000.0,
        "Other Non Operating Income Expenses": 141000000.0,
        "Earnings From Equity Interest": 3000000.0,
        "Gain On Sale Of Security": NaN,
        "Net Non Operating Interest Income Expense": -111000000.0,
        "Interest Expense Non Operating": 111000000.0,
        "Interest Income Non Operating": NaN,
        "Operating Income": 801000000.0,
        "Operating Expense": 1474000000.0,
        "Research And Development": 344000000.0,
        "Selling General And Administration": 1130000000.0,
        "Gross Profit": 2275000000.0,
        "Cost Of Revenue": 3044000000.0,
        "Total Revenue": 5319000000.0,
        "Operating Revenue": 5319000000.0
    },
    "2025-03-31": {
        "Tax Effect Of Unusual Items": 14550000.0,
        "Tax Rate For Calcs": 0.15,
        "Normalized EBITDA": 842000000.0,
        "Total Unusual Items": 97000000.0,
        "Total Unusual Items Excluding Goodwill": 97000000.0,
        "Net Income From Continuing Operation Net Minority Interest": 564000000.0,
        "Reconciled Depreciation": 136000000.0,
        "Reconciled Cost Of Revenue": 2765000000.0,
        "EBITDA": 939000000.0,
        "EBIT": 803000000.0,
        "Net Interest Income": -111000000.0,
        "Interest Expense": 111000000.0,
        "Interest Income": NaN,
        "Normalized Income": 481550000.0,
        "Net Income From Continuing And Discontinued Operation": 564000000.0,
        "Total Expenses": 4149000000.0,
        "Total Operating Income As Reported": 629000000.0,
        "Diluted Average Shares": 459000000.0,
        "Basic Average Shares": 457000000.0,
        "Diluted EPS": 1.23,
        "Basic EPS": 1.23,
        "Diluted NI Availto Com Stockholders": 564000000.0,
        "Net Income Common Stockholders": 564000000.0,
        "Net Income": 564000000.0,
        "Minority Interests": -24000000.0,
        "Net Income Including Noncontrolling Interests": 588000000.0,
        "Net Income Discontinuous Operations": NaN,
        "Net Income Continuous Operations": 588000000.0,
        "Tax Provision": 104000000.0,
        "Pretax Income": 692000000.0,
        "Other Income Expense": 174000000.0,
        "Other Non Operating Income Expenses": 74000000.0,
        "Earnings From Equity Interest": 3000000.0,
        "Gain On Sale Of Security": 97000000.0,
        "Net Non Operating Interest Income Expense": -111000000.0,
        "Interest Expense Non Operating": 111000000.0,
        "Interest Income Non Operating": NaN,
        "Operating Income": 628000000.0,
        "Operating Expense": 1384000000.0,
        "Research And Development": 344000000.0,
        "Selling General And Administration": 1040000000.0,
        "Gross Profit": 2012000000.0,
        "Cost Of Revenue": 2765000000.0,
        "Total Revenue": 4777000000.0,
        "Operating Revenue": 4777000000.0
    },
    "2025-06-30": {
        "Tax Effect Of Unusual Items": 0.0,
        "Tax Rate For Calcs": 0.184339,
        "Normalized EBITDA": 874000000.0,
        "Total Unusual Items": NaN,
        "Total Unusual Items Excluding Goodwill": NaN,
        "Net Income From Continuing Operation Net Minority Interest": 486000000.0,
        "Reconciled Depreciation": 148000000.0,
        "Reconciled Cost Of Revenue": 3023000000.0,
        "EBITDA": 874000000.0,
        "EBIT": 726000000.0,
        "Net Interest Income": -107000000.0,
        "Interest Expense": 113000000.0,
        "Interest Income": 6000000.0,
        "Normalized Income": 486000000.0,
        "Net Income From Continuing And Discontinued Operation": 486000000.0,
        "Total Expenses": 4354000000.0,
        "Total Operating Income As Reported": 654000000.0,
        "Diluted Average Shares": 458000000.0,
        "Basic Average Shares": 457000000.0,
        "Diluted EPS": 1.06,
        "Basic EPS": 1.06,
        "Diluted NI Availto Com Stockholders": 486000000.0,
        "Net Income Common Stockholders": 486000000.0,
        "Net Income": 486000000.0,
        "Minority Interests": -14000000.0,
        "Net Income Including Noncontrolling Interests": 500000000.0,
        "Net Income Discontinuous Operations": NaN,
        "Net Income Continuous Operations": 500000000.0,
        "Tax Provision": 113000000.0,
        "Pretax Income": 613000000.0,
        "Other Income Expense": 66000000.0,
        "Other Non Operating Income Expenses": 65000000.0,
        "Earnings From Equity Interest": 1000000.0,
        "Gain On Sale Of Security": NaN,
        "Net Non Operating Interest Income Expense": -107000000.0,
        "Interest Expense Non Operating": 113000000.0,
        "Interest Income Non Operating": 6000000.0,
        "Operating Income": 654000000.0,
        "Operating Expense": 1331000000.0,
        "Research And Development": 302000000.0,
        "Selling General And Administration": 1029000000.0,
        "Gross Profit": 1985000000.0,
        "Cost Of Revenue": 3023000000.0,
        "Total Revenue": 5006000000.0,
        "Operating Revenue": 5006000000.0
    },
    "2025-09-30": {
        "Tax Effect Of Unusual Items": 0.0,
        "Tax Rate For Calcs": 0.278383,
        "Normalized EBITDA": 902000000.0,
        "Total Unusual Items": NaN,
        "Total Unusual Items Excluding Goodwill": NaN,
        "Net Income From Continuing Operation Net Minority Interest": 446000000.0,
        "Reconciled Depreciation": 148000000.0,
        "Reconciled Cost Of Revenue": 3154000000.0,
        "EBITDA": 902000000.0,
        "EBIT": 754000000.0,
        "Net Interest Income": -99000000.0,
        "Interest Expense": 111000000.0,
        "Interest Income": 12000000.0,
        "Normalized Income": 446000000.0,
        "Net Income From Continuing And Discontinued Operation": 446000000.0,
        "Total Expenses": 4491000000.0,
        "Total Operating Income As Reported": 653000000.0,
        "Diluted Average Shares": 457000000.0,
        "Basic Average Shares": 456000000.0,
        "Diluted EPS": 0.98,
        "Basic EPS": 0.98,
        "Diluted NI Availto Com Stockholders": 446000000.0,
        "Net Income Common Stockholders": 446000000.0,
        "Net Income": 446000000.0,
        "Minority Interests": -18000000.0,
        "Net Income Including Noncontrolling Interests": 464000000.0,
        "Net Income Discontinuous Operations": NaN,
        "Net Income Continuous Operations": 464000000.0,
        "Tax Provision": 179000000.0,
        "Pretax Income": 643000000.0,
        "Other Income Expense": 90000000.0,
        "Other Non Operating Income Expenses": 90000000.0,
        "Earnings From Equity Interest": 0.0,
        "Gain On Sale Of Security": NaN,
        "Net Non Operating Interest Income Expense": -99000000.0,
        "Interest Expense Non Operating": 111000000.0,
        "Interest Income Non Operating": 12000000.0,
        "Operating Income": 653000000.0,
        "Operating Expense": 1337000000.0,
        "Research And Development": 292000000.0,
        "Selling General And Administration": 1045000000.0,
        "Gross Profit": 1990000000.0,
        "Cost Of Revenue": 3154000000.0,
        "Total Revenue": 5144000000.0,
        "Operating Revenue": 5144000000.0
    }
}