{
    "2023-12-31": {
        "Tax Effect Of Unusual Items": NaN,
        "Tax Rate For Calcs": NaN,
        "Normalized EBITDA": NaN,
        "Total Unusual Items": NaN,
        "Total Unusual Items Excluding Goodwill": NaN,
        "Net Income From Continuing Operation Net Minority Interest": NaN,
        "Reconciled Depreciation": NaN,
        "Reconciled Cost Of Revenue": NaN,
        "EBITDA": NaN,
        "EBIT": NaN,
        "Net Interest Income": NaN,
        "Interest Income": NaN,
        "Normalized Income": NaN,
        "Net Income From Continuing And Discontinued Operation": NaN,
        "Total Expenses": NaN,
        "Total Operating Income As Reported": NaN,
        "Diluted Average Shares": 14658000.0,
        "Basic Average Shares": 14658000.0,
        "Diluted EPS": 0.3,
        "Basic EPS": 0.3,
        "Diluted NI Availto Com Stockholders": NaN,
        "Net Income Common Stockholders": NaN,
        "Net Income": NaN,
        "Net Income Including Noncontrolling Interests": NaN,
        "Net Income Continuous Operations": NaN,
        "Tax Provision": NaN,
        "Pretax Income": NaN,
        "Other Income Expense": NaN,
        "Gain On Sale Of Security": NaN,
        "Net Non Operating Interest Income Expense": NaN,
        "Interest Income Non Operating": NaN,
        "Operating Income": NaN,
        "Operating Expense": NaN,
        "Research And Development": NaN,
        "Selling General And Administration": NaN,
        "Gross Profit": NaN,
        "Cost Of Revenue": NaN,
        "Total Revenue": NaN,
        "Operating Revenue": NaN
    },
    "2023-09-30": {
        "Tax Effect Of Unusual Items": 76218.438538,
        "Tax Rate For Calcs": 0.140365,
        "Normalized EBITDA": 2892000.0,
        "Total Unusual Items": 543000.0,
        "Total Unusual Items Excluding Goodwill": 543000.0,
        "Net Income From Continuing Operation Net Minority Interest": 3105000.0,
        "Reconciled Depreciation": 743000.0,
        "Reconciled Cost Of Revenue": 14258000.0,
        "EBITDA": 3435000.0,
        "EBIT": 2692000.0,
        "Net Interest Income": 377000.0,
        "Interest Income": 377000.0,
        "Normalized Income": 2638218.438538,
        "Net Income From Continuing And Discontinued Operation": 3105000.0,
        "Total Expenses": 18179000.0,
        "Total Operating Income As Reported": 2692000.0,
        "Diluted Average Shares": NaN,
        "Basic Average Shares": NaN,
        "Diluted EPS": NaN,
        "Basic EPS": NaN,
        "Diluted NI Availto Com Stockholders": 3105000.0,
        "Net Income Common Stockholders": 3105000.0,
        "Net Income": 3105000.0,
        "Net Income Including Noncontrolling Interests": 3105000.0,
        "Net Income Continuous Operations": 3105000.0,
        "Tax Provision": 507000.0,
        "Pretax Income": 3612000.0,
        "Other Income Expense": 543000.0,
        "Gain On Sale Of Security": 543000.0,
        "Net Non Operating Interest Income Expense": 377000.0,
        "Interest Income Non Operating": 377000.0,
        "Operating Income": 2692000.0,
        "Operating Expense": 3921000.0,
        "Research And Development": 842000.0,
        "Selling General And Administration": 3079000.0,
        "Gross Profit": 6613000.0,
        "Cost Of Revenue": 14258000.0,
        "Total Revenue": 20871000.0,
        "Operating Revenue": 20537000.0
    },
    "2023-06-30": {
        "Tax Effect Of Unusual Items": 10584.85139,
        "Tax Rate For Calcs": 0.230105,
        "Normalized EBITDA": 4104000.0,
        "Total Unusual Items": 46000.0,
        "Total Unusual Items Excluding Goodwill": 46000.0,
        "Net Income From Continuing Operation Net Minority Interest": 3212000.0,
        "Reconciled Depreciation": 697000.0,
        "Reconciled Cost Of Revenue": 20365000.0,
        "EBITDA": 4150000.0,
        "EBIT": 3453000.0,
        "Net Interest Income": 673000.0,
        "Interest Income": 673000.0,
        "Normalized Income": 3176584.85139,
        "Net Income From Continuing And Discontinued Operation": 3212000.0,
        "Total Expenses": 24424000.0,
        "Total Operating Income As Reported": 3453000.0,
        "Diluted Average Shares": 14658000.0,
        "Basic Average Shares": 14658000.0,
        "Diluted EPS": 0.22,
        "Basic EPS": 0.22,
        "Diluted NI Availto Com Stockholders": 3212000.0,
        "Net Income Common Stockholders": 3212000.0,
        "Net Income": 3212000.0,
        "Net Income Including Noncontrolling Interests": 3212000.0,
        "Net Income Continuous Operations": 3212000.0,
        "Tax Provision": 960000.0,
        "Pretax Income": 4172000.0,
        "Other Income Expense": 46000.0,
        "Gain On Sale Of Security": 46000.0,
        "Net Non Operating Interest Income Expense": 673000.0,
        "Interest Income Non Operating": 673000.0,
        "Operating Income": 3453000.0,
        "Operating Expense": 4059000.0,
        "Research And Development": 845000.0,
        "Selling General And Administration": 3214000.0,
        "Gross Profit": 7512000.0,
        "Cost Of Revenue": 20365000.0,
        "Total Revenue": 27877000.0,
        "Operating Revenue": 27779000.0
    },
    "2023-03-31": {
        "Tax Effect Of Unusual Items": NaN,
        "Tax Rate For Calcs": NaN,
        "Normalized EBITDA": NaN,
        "Total Unusual Items": NaN,
        "Total Unusual Items Excluding Goodwill": NaN,
        "Net Income From Continuing Operation Net Minority Interest": NaN,
        "Reconciled Depreciation": NaN,
        "Reconciled Cost Of Revenue": NaN,
        "EBITDA": NaN,
        "EBIT": NaN,
        "Net Interest Income": NaN,
        "Interest Income": NaN,
        "Normalized Income": NaN,
        "Net Income From Continuing And Discontinued Operation": NaN,
        "Total Expenses": NaN,
        "Total Operating Income As Reported": NaN,
        "Diluted Average Shares": 14658000.0,
        "Basic Average Shares": 14658000.0,
        "Diluted EPS": 0.33,
        "Basic EPS": 0.33,
        "Diluted NI Availto Com Stockholders": NaN,
        "Net Income Common Stockholders": NaN,
        "Net Income": NaN,
        "Net Income Including Noncontrolling Interests": NaN,
        "Net Income Continuous Operations": NaN,
        "Tax Provision": NaN,
        "Pretax Income": NaN,
        "Other Income Expense": NaN,
        "Gain On Sale Of Security": NaN,
        "Net Non Operating Interest Income Expense": NaN,
        "Interest Income Non Operating": NaN,
        "Operating Income": NaN,
        "Operating Expense": NaN,
        "Research And Development": NaN,
        "Selling General And Administration": NaN,
        "Gross Profit": NaN,
        "Cost Of Revenue": NaN,
        "Total Revenue": NaN,
        "Operating Revenue": NaN
    },
    "2024-03-31": {
        "Tax Effect Of Unusual Items": NaN,
        "Tax Rate For Calcs": NaN,
        "Normalized EBITDA": NaN,
        "Total Unusual Items": NaN,
        "Total Unusual Items Excluding Goodwill": NaN,
        "Net Income From Continuing Operation Net Minority Interest": NaN,
        "Reconciled Depreciation": NaN,
        "Reconciled Cost Of Revenue": NaN,
        "EBITDA": NaN,
        "EBIT": NaN,
        "Net Interest Income": NaN,
        "Interest Income": NaN,
        "Normalized Income": NaN,
        "Net Income From Continuing And Discontinued Operation": NaN,
        "Total Expenses": NaN,
        "Total Operating Income As Reported": NaN,
        "Diluted Average Shares": 14658000.0,
        "Basic Average Shares": 14658000.0,
        "Diluted EPS": 0.42,
        "Basic EPS": 0.42,
        "Diluted NI Availto Com Stockholders": NaN,
        "Net Income Common Stockholders": NaN,
        "Net Income": NaN,
        "Net Income Including Noncontrolling Interests": NaN,
        "Net Income Continuous Operations": NaN,
        "Tax Provision": NaN,
        "Pretax Income": NaN,
        "Other Income Expense": NaN,
        "Gain On Sale Of Security": NaN,
        "Net Non Operating Interest Income Expense": NaN,
        "Interest Income Non Operating": NaN,
        "Operating Income": NaN,
        "Operating Expense": NaN,
        "Research And Development": NaN,
        "Selling General And Administration": NaN,
        "Gross Profit": NaN,
        "Cost Of Revenue": NaN,
        "Total Revenue": NaN,
        "Operating Revenue": NaN
    },
    "2022-12-31": {
        "Tax Effect Of Unusual Items": NaN,
        "Tax Rate For Calcs": NaN,
        "Normalized EBITDA": NaN,
        "Total Unusual Items": NaN,
        "Total Unusual Items Excluding Goodwill": NaN,
        "Net Income From Continuing Operation Net Minority Interest": NaN,
        "Reconciled Depreciation": NaN,
        "Reconciled Cost Of Revenue": NaN,
        "EBITDA": NaN,
        "EBIT": NaN,
        "Net Interest Income": NaN,
        "Interest Income": NaN,
        "Normalized Income": NaN,
        "Net Income From Continuing And Discontinued Operation": NaN,
        "Total Expenses": NaN,
        "Total Operating Income As Reported": NaN,
        "Diluted Average Shares": 14658000.0,
        "Basic Average Shares": 14658000.0,
        "Diluted EPS": 0.24,
        "Basic EPS": 0.24,
        "Diluted NI Availto Com Stockholders": NaN,
        "Net Income Common Stockholders": NaN,
        "Net Income": NaN,
        "Net Income Including Noncontrolling Interests": NaN,
        "Net Income Continuous Operations": NaN,
        "Tax Provision": NaN,
        "Pretax Income": NaN,
        "Other Income Expense": NaN,
        "Gain On Sale Of Security": NaN,
        "Net Non Operating Interest Income Expense": NaN,
        "Interest Income Non Operating": NaN,
        "Operating Income": NaN,
        "Operating Expense": NaN,
        "Research And Development": NaN,
        "Selling General And Administration": NaN,
        "Gross Profit": NaN,
        "Cost Of Revenue": NaN,
        "Total Revenue": NaN,
        "Operating Revenue": NaN
    },
    "2022-09-30": {
        "Tax Effect Of Unusual Items": NaN,
        "Tax Rate For Calcs": NaN,
        "Normalized EBITDA": NaN,
        "Total Unusual Items": NaN,
        "Total Unusual Items Excluding Goodwill": NaN,
        "Net Income From Continuing Operation Net Minority Interest": NaN,
        "Reconciled Depreciation": NaN,
        "Reconciled Cost Of Revenue": NaN,
        "EBITDA": NaN,
        "EBIT": NaN,
        "Net Interest Income": NaN,
        "Interest Income": NaN,
        "Normalized Income": NaN,
        "Net Income From Continuing And Discontinued Operation": NaN,
        "Total Expenses": NaN,
        "Total Operating Income As Reported": NaN,
        "Diluted Average Shares": NaN,
        "Basic Average Shares": NaN,
        "Diluted EPS": NaN,
        "Basic EPS": NaN,
        "Diluted NI Availto Com Stockholders": NaN,
        "Net Income Common Stockholders": NaN,
        "Net Income": NaN,
        "Net Income Including Noncontrolling Interests": NaN,
        "Net Income Continuous Operations": NaN,
        "Tax Provision": NaN,
        "Pretax Income": NaN,
        "Other Income Expense": NaN,
        "Other Non Operating Income Expenses": -17000.0,
        "Gain On Sale Of Security": NaN,
        "Net Non Operating Interest Income Expense": NaN,
        "Interest Income Non Operating": NaN,
        "Operating Income": NaN,
        "Operating Expense": NaN,
        "Research And Development": NaN,
        "Selling General And Administration": NaN,
        "Gross Profit": NaN,
        "Cost Of Revenue": NaN,
        "Total Revenue": NaN,
        "Operating Revenue": NaN
    },
    "2024-06-30": {
        "Tax Effect Of Unusual Items": NaN,
        "Tax Rate For Calcs": NaN,
        "Normalized EBITDA": NaN,
        "Total Unusual Items": NaN,
        "Total Unusual Items Excluding Goodwill": NaN,
        "Net Income From Continuing Operation Net Minority Interest": NaN,
        "Reconciled Depreciation": NaN,
        "Reconciled Cost Of Revenue": NaN,
        "EBITDA": NaN,
        "EBIT": NaN,
        "Net Interest Income": NaN,
        "Interest Income": NaN,
        "Normalized Income": NaN,
        "Net Income From Continuing And Discontinued Operation": NaN,
        "Total Expenses": NaN,
        "Total Operating Income As Reported": NaN,
        "Diluted Average Shares": 14658000.0,
        "Basic Average Shares": 14658000.0,
        "Diluted EPS": 0.17,
        "Basic EPS": 0.17,
        "Diluted NI Availto Com Stockholders": NaN,
        "Net Income Common Stockholders": NaN,
        "Net Income": NaN,
        "Net Income Including Noncontrolling Interests": NaN,
        "Net Income Continuous Operations": NaN,
        "Tax Provision": NaN,
        "Pretax Income": NaN,
        "Other Income Expense": NaN,
        "Gain On Sale Of Security": NaN,
        "Net Non Operating Interest Income Expense": NaN,
        "Interest Income Non Operating": NaN,
        "Operating Income": NaN,
        "Operating Expense": NaN,
        "Research And Development": NaN,
        "Selling General And Administration": NaN,
        "Gross Profit": NaN,
        "Cost Of Revenue": NaN,
        "Total Revenue": NaN,
        "Operating Revenue": NaN
    },
    "2024-09-30": {
        "Tax Effect Of Unusual Items": 322140.0,
        "Tax Rate For Calcs": 0.21,
        "Normalized EBITDA": 336000.0,
        "Total Unusual Items": 1534000.0,
        "Total Unusual Items Excluding Goodwill": 1534000.0,
        "Net Income From Continuing Operation Net Minority Interest": 1452000.0,
        "Reconciled Depreciation": 631000.0,
        "Reconciled Cost Of Revenue": 15557000.0,
        "EBITDA": 1870000.0,
        "EBIT": 1239000.0,
        "Net Interest Income": 950000.0,
        "Interest Income": 950000.0,
        "Normalized Income": 240140.0,
        "Net Income From Continuing And Discontinued Operation": 1452000.0,
        "Total Expenses": 19682000.0,
        "Total Operating Income As Reported": 1239000.0,
        "Diluted Average Shares": NaN,
        "Basic Average Shares": NaN,
        "Diluted EPS": NaN,
        "Basic EPS": NaN,
        "Diluted NI Availto Com Stockholders": 1452000.0,
        "Net Income Common Stockholders": 1452000.0,
        "Net Income": 1452000.0,
        "Net Income Including Noncontrolling Interests": 1452000.0,
        "Net Income Continuous Operations": 1452000.0,
        "Tax Provision": 2258000.0,
        "Pretax Income": 3710000.0,
        "Other Income Expense": 1521000.0,
        "Gain On Sale Of Security": 1534000.0,
        "Net Non Operating Interest Income Expense": 950000.0,
        "Interest Income Non Operating": 950000.0,
        "Operating Income": 1239000.0,
        "Operating Expense": 4125000.0,
        "Research And Development": 795000.0,
        "Selling General And Administration": 3330000.0,
        "Gross Profit": 5364000.0,
        "Cost Of Revenue": 15557000.0,
        "Total Revenue": 20921000.0,
        "Operating Revenue": 20753000.0
    },
    "2025-03-31": {
        "Tax Effect Of Unusual Items": 155453.861098,
        "Tax Rate For Calcs": 0.259956,
        "Normalized EBITDA": 6466000.0,
        "Total Unusual Items": 598000.0,
        "Total Unusual Items Excluding Goodwill": 598000.0,
        "Net Income From Continuing Operation Net Minority Interest": 6095000.0,
        "Reconciled Depreciation": 584000.0,
        "Reconciled Cost Of Revenue": 26851000.0,
        "EBITDA": 7064000.0,
        "EBIT": 6480000.0,
        "Net Interest Income": 1158000.0,
        "Interest Income": 1158000.0,
        "Normalized Income": 5652453.861098,
        "Net Income From Continuing And Discontinued Operation": 6095000.0,
        "Total Expenses": 31724000.0,
        "Total Operating Income As Reported": 6480000.0,
        "Diluted Average Shares": 14658000.0,
        "Basic Average Shares": 14658000.0,
        "Diluted EPS": 0.42,
        "Basic EPS": 0.42,
        "Diluted NI Availto Com Stockholders": 6095000.0,
        "Net Income Common Stockholders": 6095000.0,
        "Net Income": 6095000.0,
        "Net Income Including Noncontrolling Interests": 6095000.0,
        "Net Income Continuous Operations": 6095000.0,
        "Tax Provision": 2141000.0,
        "Pretax Income": 8236000.0,
        "Other Income Expense": 598000.0,
        "Gain On Sale Of Security": 598000.0,
        "Net Non Operating Interest Income Expense": 1158000.0,
        "Interest Income Non Operating": 1158000.0,
        "Operating Income": 6480000.0,
        "Operating Expense": 4873000.0,
        "Research And Development": 681000.0,
        "Selling General And Administration": 4192000.0,
        "Gross Profit": 11353000.0,
        "Cost Of Revenue": 26851000.0,
        "Total Revenue": 38204000.0,
        "Operating Revenue": 37699000.0
    },
    "2024-12-31": {
        "Tax Effect Of Unusual Items": -118292.943001,
        "Tax Rate For Calcs": 0.259984,
        "Normalized EBITDA": 5701000.0,
        "Total Unusual Items": -455000.0,
        "Total Unusual Items Excluding Goodwill": -455000.0,
        "Net Income From Continuing Operation Net Minority Interest": 3817000.0,
        "Reconciled Depreciation": 622000.0,
        "Reconciled Cost Of Revenue": 22748000.0,
        "EBITDA": 5246000.0,
        "EBIT": 4624000.0,
        "Net Interest Income": 989000.0,
        "Interest Income": 989000.0,
        "Normalized Income": 4153707.056999,
        "Net Income From Continuing And Discontinued Operation": 3817000.0,
        "Total Expenses": 26792000.0,
        "Total Operating Income As Reported": 4624000.0,
        "Diluted Average Shares": 14658000.0,
        "Basic Average Shares": 14658000.0,
        "Diluted EPS": 0.26,
        "Basic EPS": 0.26,
        "Diluted NI Availto Com Stockholders": 3817000.0,
        "Net Income Common Stockholders": 3817000.0,
        "Net Income": 3817000.0,
        "Net Income Including Noncontrolling Interests": 3817000.0,
        "Net Income Continuous Operations": 3817000.0,
        "Tax Provision": 1341000.0,
        "Pretax Income": 5158000.0,
        "Other Income Expense": -455000.0,
        "Gain On Sale Of Security": -455000.0,
        "Net Non Operating Interest Income Expense": 989000.0,
        "Interest Income Non Operating": 989000.0,
        "Operating Income": 4624000.0,
        "Operating Expense": 4044000.0,
        "Research And Development": 677000.0,
        "Selling General And Administration": 3367000.0,
        "Gross Profit": 8668000.0,
        "Cost Of Revenue": 22748000.0,
        "Total Revenue": 31416000.0,
        "Operating Revenue": 31315000.0
    },
    "2025-06-30": {
        "Tax Effect Of Unusual Items": 232440.0,
        "Tax Rate For Calcs": 0.26,
        "Normalized EBITDA": 2819000.0,
        "Total Unusual Items": 894000.0,
        "Total Unusual Items Excluding Goodwill": 894000.0,
        "Net Income From Continuing Operation Net Minority Interest": 3828000.0,
        "Reconciled Depreciation": 576000.0,
        "Reconciled Cost Of Revenue": 19843000.0,
        "EBITDA": 3713000.0,
        "EBIT": 3137000.0,
        "Net Interest Income": 1142000.0,
        "Interest Income": 1142000.0,
        "Normalized Income": 3166440.0,
        "Net Income From Continuing And Discontinued Operation": 3828000.0,
        "Total Expenses": 23849000.0,
        "Total Operating Income As Reported": 3137000.0,
        "Diluted Average Shares": 14658000.0,
        "Basic Average Shares": 14658000.0,
        "Diluted EPS": 0.26,
        "Basic EPS": 0.26,
        "Diluted NI Availto Com Stockholders": 3828000.0,
        "Net Income Common Stockholders": 3828000.0,
        "Net Income": 3828000.0,
        "Net Income Including Noncontrolling Interests": 3828000.0,
        "Net Income Continuous Operations": 3828000.0,
        "Tax Provision": 1345000.0,
        "Pretax Income": 5173000.0,
        "Other Income Expense": 894000.0,
        "Gain On Sale Of Security": 894000.0,
        "Net Non Operating Interest Income Expense": 1142000.0,
        "Interest Income Non Operating": 1142000.0,
        "Operating Income": 3137000.0,
        "Operating Expense": 4006000.0,
        "Research And Development": 741000.0,
        "Selling General And Administration": 3265000.0,
        "Gross Profit": 7143000.0,
        "Cost Of Revenue": 19843000.0,
        "Total Revenue": 26986000.0,
        "Operating Revenue": 26764000.0
    },
    "2025-09-30": {
        "Tax Effect Of Unusual Items": 160230.0,
        "Tax Rate For Calcs": 0.21,
        "Normalized EBITDA": -412000.0,
        "Total Unusual Items": 763000.0,
        "Total Unusual Items Excluding Goodwill": 763000.0,
        "Net Income From Continuing Operation Net Minority Interest": 1921000.0,
        "Reconciled Depreciation": 574000.0,
        "Reconciled Cost Of Revenue": 14282000.0,
        "EBITDA": 351000.0,
        "EBIT": -223000.0,
        "Net Interest Income": 1084000.0,
        "Interest Income": 1084000.0,
        "Normalized Income": 1318230.0,
        "Net Income From Continuing And Discontinued Operation": 1921000.0,
        "Total Expenses": 19054000.0,
        "Total Operating Income As Reported": -223000.0,
        "Diluted Average Shares": NaN,
        "Basic Average Shares": NaN,
        "Diluted EPS": NaN,
        "Basic EPS": NaN,
        "Diluted NI Availto Com Stockholders": 1921000.0,
        "Net Income Common Stockholders": 1921000.0,
        "Net Income": 1921000.0,
        "Net Income Including Noncontrolling Interests": 1921000.0,
        "Net Income Continuous Operations": 1921000.0,
        "Tax Provision": -289000.0,
        "Pretax Income": 1632000.0,
        "Other Income Expense": 771000.0,
        "Gain On Sale Of Security": 763000.0,
        "Net Non Operating Interest Income Expense": 1084000.0,
        "Interest Income Non Operating": 1084000.0,
        "Operating Income": -223000.0,
        "Operating Expense": 4772000.0,
        "Research And Development": 659000.0,
        "Selling General And Administration": 4113000.0,
        "Gross Profit": 4549000.0,
        "Cost Of Revenue": 14282000.0,
        "Total Revenue": 18831000.0,
        "Operating Revenue": 18523000.0
    }
}