{
    "2023-04-30": {
        "Tax Effect Of Unusual Items": NaN,
        "Tax Rate For Calcs": NaN,
        "Normalized EBITDA": NaN,
        "Total Unusual Items": NaN,
        "Total Unusual Items Excluding Goodwill": NaN,
        "Net Income From Continuing Operation Net Minority Interest": NaN,
        "Reconciled Depreciation": NaN,
        "Reconciled Cost Of Revenue": NaN,
        "EBITDA": NaN,
        "EBIT": NaN,
        "Net Interest Income": NaN,
        "Interest Expense": NaN,
        "Interest Income": NaN,
        "Normalized Income": NaN,
        "Net Income From Continuing And Discontinued Operation": NaN,
        "Total Expenses": NaN,
        "Total Operating Income As Reported": NaN,
        "Diluted Average Shares": NaN,
        "Basic Average Shares": NaN,
        "Diluted EPS": NaN,
        "Basic EPS": NaN,
        "Diluted NI Availto Com Stockholders": NaN,
        "Average Dilution Earnings": NaN,
        "Net Income Common Stockholders": NaN,
        "Otherunder Preferred Stock Dividend": NaN,
        "Net Income": NaN,
        "Minority Interests": NaN,
        "Net Income Including Noncontrolling Interests": NaN,
        "Net Income Continuous Operations": NaN,
        "Tax Provision": NaN,
        "Pretax Income": NaN,
        "Other Income Expense": NaN,
        "Other Non Operating Income Expenses": NaN,
        "Special Income Charges": NaN,
        "Gain On Sale Of Ppe": NaN,
        "Other Special Charges": 7696000.0,
        "Impairment Of Capital Assets": NaN,
        "Earnings From Equity Interest": NaN,
        "Net Non Operating Interest Income Expense": NaN,
        "Interest Expense Non Operating": NaN,
        "Interest Income Non Operating": NaN,
        "Operating Income": NaN,
        "Operating Expense": NaN,
        "Selling General And Administration": NaN,
        "Gross Profit": NaN,
        "Cost Of Revenue": NaN,
        "Total Revenue": NaN,
        "Operating Revenue": NaN
    },
    "2023-01-31": {
        "Tax Effect Of Unusual Items": -218587.54841,
        "Tax Rate For Calcs": 0.036762,
        "Normalized EBITDA": 127624000.0,
        "Total Unusual Items": -5946000.0,
        "Total Unusual Items Excluding Goodwill": -5946000.0,
        "Net Income From Continuing Operation Net Minority Interest": 95843000.0,
        "Reconciled Depreciation": 15977000.0,
        "Reconciled Cost Of Revenue": 456058000.0,
        "EBITDA": 121678000.0,
        "EBIT": 105701000.0,
        "Net Interest Income": -2193000.0,
        "Interest Expense": 3449000.0,
        "Interest Income": 1256000.0,
        "Normalized Income": 101570412.45159,
        "Net Income From Continuing And Discontinued Operation": 95843000.0,
        "Total Expenses": 710554000.0,
        "Total Operating Income As Reported": 103551000.0,
        "Diluted Average Shares": 67887000.0,
        "Basic Average Shares": 54036000.0,
        "Diluted EPS": 1.42,
        "Basic EPS": 1.75,
        "Diluted NI Availto Com Stockholders": 96885000.0,
        "Average Dilution Earnings": 1936000.0,
        "Net Income Common Stockholders": 94949000.0,
        "Otherunder Preferred Stock Dividend": 894000.0,
        "Net Income": 95843000.0,
        "Minority Interests": -2650000.0,
        "Net Income Including Noncontrolling Interests": 98493000.0,
        "Net Income Continuous Operations": 98493000.0,
        "Tax Provision": 3759000.0,
        "Pretax Income": 102252000.0,
        "Other Income Expense": -2785000.0,
        "Other Non Operating Income Expenses": 3161000.0,
        "Special Income Charges": -5946000.0,
        "Other Special Charges": NaN,
        "Impairment Of Capital Assets": 4292000.0,
        "Net Non Operating Interest Income Expense": -2193000.0,
        "Interest Expense Non Operating": 3449000.0,
        "Interest Income Non Operating": 1256000.0,
        "Operating Income": 107230000.0,
        "Operating Expense": 254496000.0,
        "Selling General And Administration": 254496000.0,
        "Gross Profit": 361726000.0,
        "Cost Of Revenue": 456058000.0,
        "Total Revenue": 817784000.0,
        "Operating Revenue": 817784000.0
    },
    "2022-10-31": {
        "Tax Effect Of Unusual Items": NaN,
        "Tax Rate For Calcs": NaN,
        "Normalized EBITDA": NaN,
        "Total Unusual Items": NaN,
        "Total Unusual Items Excluding Goodwill": NaN,
        "Net Income From Continuing Operation Net Minority Interest": NaN,
        "Reconciled Depreciation": NaN,
        "Reconciled Cost Of Revenue": NaN,
        "EBITDA": NaN,
        "EBIT": NaN,
        "Net Interest Income": NaN,
        "Interest Expense": NaN,
        "Interest Income": NaN,
        "Normalized Income": NaN,
        "Net Income From Continuing And Discontinued Operation": NaN,
        "Total Expenses": NaN,
        "Total Operating Income As Reported": NaN,
        "Diluted Average Shares": NaN,
        "Basic Average Shares": NaN,
        "Diluted EPS": NaN,
        "Basic EPS": NaN,
        "Diluted NI Availto Com Stockholders": NaN,
        "Average Dilution Earnings": NaN,
        "Net Income Common Stockholders": NaN,
        "Otherunder Preferred Stock Dividend": NaN,
        "Net Income": NaN,
        "Minority Interests": NaN,
        "Net Income Including Noncontrolling Interests": NaN,
        "Net Income Continuous Operations": NaN,
        "Tax Provision": NaN,
        "Pretax Income": NaN,
        "Other Income Expense": NaN,
        "Other Non Operating Income Expenses": NaN,
        "Special Income Charges": NaN,
        "Other Special Charges": -146000.0,
        "Impairment Of Capital Assets": NaN,
        "Net Non Operating Interest Income Expense": NaN,
        "Interest Expense Non Operating": NaN,
        "Interest Income Non Operating": NaN,
        "Operating Income": NaN,
        "Operating Expense": NaN,
        "Selling General And Administration": NaN,
        "Gross Profit": NaN,
        "Cost Of Revenue": NaN,
        "Total Revenue": NaN,
        "Operating Revenue": NaN
    },
    "2022-07-31": {
        "Tax Effect Of Unusual Items": -654379.0,
        "Tax Rate For Calcs": 0.341,
        "Normalized EBITDA": 46731000.0,
        "Total Unusual Items": -1919000.0,
        "Total Unusual Items Excluding Goodwill": -1919000.0,
        "Net Income From Continuing Operation Net Minority Interest": 23962000.0,
        "Reconciled Depreciation": 15229000.0,
        "Reconciled Cost Of Revenue": 372189000.0,
        "EBITDA": 44812000.0,
        "EBIT": 44812000.0,
        "Net Interest Income": -2776000.0,
        "Interest Expense": 3195000.0,
        "Interest Income": 419000.0,
        "Normalized Income": 25226621.0,
        "Net Income From Continuing And Discontinued Operation": 23962000.0,
        "Total Expenses": 588232000.0,
        "Total Operating Income As Reported": 53446000.0,
        "Diluted Average Shares": 70299000.0,
        "Basic Average Shares": 56954000.0,
        "Diluted EPS": 0.35,
        "Basic EPS": 0.42,
        "Diluted NI Availto Com Stockholders": 23962000.0,
        "Average Dilution Earnings": 988000.0,
        "Net Income Common Stockholders": 23962000.0,
        "Otherunder Preferred Stock Dividend": 264000.0,
        "Net Income": 23962000.0,
        "Minority Interests": -3478000.0,
        "Net Income Including Noncontrolling Interests": 27440000.0,
        "Net Income Continuous Operations": 27440000.0,
        "Tax Provision": 14177000.0,
        "Pretax Income": 41617000.0,
        "Other Income Expense": -10065000.0,
        "Other Non Operating Income Expenses": -8146000.0,
        "Special Income Charges": -1919000.0,
        "Other Special Charges": NaN,
        "Write Off": 1919000.0,
        "Impairment Of Capital Assets": 1919000.0,
        "Net Non Operating Interest Income Expense": -2776000.0,
        "Interest Expense Non Operating": 3195000.0,
        "Interest Income Non Operating": 419000.0,
        "Operating Income": 54458000.0,
        "Operating Expense": 216043000.0,
        "Selling General And Administration": 216043000.0,
        "Gross Profit": 270501000.0,
        "Cost Of Revenue": 372189000.0,
        "Total Revenue": 642690000.0,
        "Operating Revenue": 642690000.0
    },
    "2023-07-31": {
        "Tax Effect Of Unusual Items": NaN,
        "Tax Rate For Calcs": NaN,
        "Normalized EBITDA": NaN,
        "Total Unusual Items": NaN,
        "Total Unusual Items Excluding Goodwill": NaN,
        "Net Income From Continuing Operation Net Minority Interest": NaN,
        "Reconciled Depreciation": NaN,
        "Reconciled Cost Of Revenue": NaN,
        "EBITDA": NaN,
        "EBIT": NaN,
        "Net Interest Income": NaN,
        "Interest Expense": NaN,
        "Interest Income": NaN,
        "Normalized Income": NaN,
        "Net Income From Continuing And Discontinued Operation": NaN,
        "Total Expenses": NaN,
        "Total Operating Income As Reported": NaN,
        "Diluted Average Shares": NaN,
        "Basic Average Shares": NaN,
        "Diluted EPS": NaN,
        "Basic EPS": NaN,
        "Diluted NI Availto Com Stockholders": NaN,
        "Average Dilution Earnings": NaN,
        "Net Income Common Stockholders": NaN,
        "Otherunder Preferred Stock Dividend": NaN,
        "Net Income": NaN,
        "Minority Interests": NaN,
        "Net Income Including Noncontrolling Interests": NaN,
        "Net Income Continuous Operations": NaN,
        "Tax Provision": NaN,
        "Pretax Income": NaN,
        "Other Income Expense": NaN,
        "Other Non Operating Income Expenses": NaN,
        "Special Income Charges": NaN,
        "Gain On Sale Of Ppe": 0.0,
        "Other Special Charges": NaN,
        "Impairment Of Capital Assets": NaN,
        "Earnings From Equity Interest": 0.0,
        "Net Non Operating Interest Income Expense": NaN,
        "Interest Expense Non Operating": NaN,
        "Interest Income Non Operating": NaN,
        "Operating Income": NaN,
        "Operating Expense": NaN,
        "Selling General And Administration": NaN,
        "Gross Profit": NaN,
        "Cost Of Revenue": NaN,
        "Total Revenue": NaN,
        "Operating Revenue": NaN
    },
    "2023-10-31": {
        "Tax Effect Of Unusual Items": NaN,
        "Tax Rate For Calcs": NaN,
        "Normalized EBITDA": NaN,
        "Total Unusual Items": NaN,
        "Total Unusual Items Excluding Goodwill": NaN,
        "Net Income From Continuing Operation Net Minority Interest": NaN,
        "Reconciled Depreciation": NaN,
        "Reconciled Cost Of Revenue": NaN,
        "EBITDA": NaN,
        "EBIT": NaN,
        "Net Interest Income": NaN,
        "Interest Expense": NaN,
        "Interest Income": NaN,
        "Normalized Income": NaN,
        "Net Income From Continuing And Discontinued Operation": NaN,
        "Total Expenses": NaN,
        "Total Operating Income As Reported": NaN,
        "Diluted Average Shares": NaN,
        "Basic Average Shares": NaN,
        "Diluted EPS": NaN,
        "Basic EPS": NaN,
        "Diluted NI Availto Com Stockholders": NaN,
        "Average Dilution Earnings": NaN,
        "Net Income Common Stockholders": NaN,
        "Otherunder Preferred Stock Dividend": NaN,
        "Net Income": NaN,
        "Minority Interests": NaN,
        "Net Income Including Noncontrolling Interests": NaN,
        "Net Income Continuous Operations": NaN,
        "Tax Provision": NaN,
        "Pretax Income": NaN,
        "Other Income Expense": NaN,
        "Other Non Operating Income Expenses": NaN,
        "Special Income Charges": NaN,
        "Gain On Sale Of Ppe": 0.0,
        "Other Special Charges": NaN,
        "Impairment Of Capital Assets": NaN,
        "Earnings From Equity Interest": NaN,
        "Net Non Operating Interest Income Expense": NaN,
        "Interest Expense Non Operating": NaN,
        "Interest Income Non Operating": NaN,
        "Operating Income": NaN,
        "Operating Expense": NaN,
        "Selling General And Administration": NaN,
        "Gross Profit": NaN,
        "Cost Of Revenue": NaN,
        "Total Revenue": NaN,
        "Operating Revenue": NaN
    },
    "2024-01-31": {
        "Tax Effect Of Unusual Items": NaN,
        "Tax Rate For Calcs": NaN,
        "Normalized EBITDA": NaN,
        "Total Unusual Items": NaN,
        "Total Unusual Items Excluding Goodwill": NaN,
        "Net Income From Continuing Operation Net Minority Interest": NaN,
        "Reconciled Depreciation": NaN,
        "Reconciled Cost Of Revenue": NaN,
        "EBITDA": NaN,
        "EBIT": NaN,
        "Net Interest Income": NaN,
        "Interest Expense": NaN,
        "Interest Income": NaN,
        "Normalized Income": NaN,
        "Net Income From Continuing And Discontinued Operation": NaN,
        "Total Expenses": NaN,
        "Total Operating Income As Reported": NaN,
        "Diluted Average Shares": NaN,
        "Basic Average Shares": NaN,
        "Diluted EPS": NaN,
        "Basic EPS": NaN,
        "Diluted NI Availto Com Stockholders": NaN,
        "Average Dilution Earnings": NaN,
        "Net Income Common Stockholders": NaN,
        "Otherunder Preferred Stock Dividend": NaN,
        "Net Income": NaN,
        "Minority Interests": NaN,
        "Net Income Including Noncontrolling Interests": NaN,
        "Net Income Continuous Operations": NaN,
        "Tax Provision": NaN,
        "Pretax Income": NaN,
        "Other Income Expense": NaN,
        "Other Non Operating Income Expenses": NaN,
        "Special Income Charges": NaN,
        "Gain On Sale Of Ppe": NaN,
        "Other Special Charges": 4887000.0,
        "Impairment Of Capital Assets": NaN,
        "Earnings From Equity Interest": NaN,
        "Net Non Operating Interest Income Expense": NaN,
        "Interest Expense Non Operating": NaN,
        "Interest Income Non Operating": NaN,
        "Operating Income": NaN,
        "Operating Expense": NaN,
        "Selling General And Administration": NaN,
        "Gross Profit": NaN,
        "Cost Of Revenue": NaN,
        "Total Revenue": NaN,
        "Operating Revenue": NaN
    },
    "2024-04-30": {
        "Tax Effect Of Unusual Items": NaN,
        "Tax Rate For Calcs": NaN,
        "Normalized EBITDA": NaN,
        "Total Unusual Items": NaN,
        "Total Unusual Items Excluding Goodwill": NaN,
        "Net Income From Continuing Operation Net Minority Interest": NaN,
        "Reconciled Depreciation": NaN,
        "Reconciled Cost Of Revenue": NaN,
        "EBITDA": NaN,
        "EBIT": NaN,
        "Net Interest Income": NaN,
        "Interest Expense": NaN,
        "Interest Income": NaN,
        "Normalized Income": NaN,
        "Net Income From Continuing And Discontinued Operation": NaN,
        "Total Expenses": NaN,
        "Total Operating Income As Reported": NaN,
        "Diluted Average Shares": NaN,
        "Basic Average Shares": NaN,
        "Diluted EPS": NaN,
        "Basic EPS": NaN,
        "Diluted NI Availto Com Stockholders": NaN,
        "Average Dilution Earnings": NaN,
        "Net Income Common Stockholders": NaN,
        "Otherunder Preferred Stock Dividend": NaN,
        "Net Income": NaN,
        "Minority Interests": NaN,
        "Net Income Including Noncontrolling Interests": NaN,
        "Net Income Continuous Operations": NaN,
        "Tax Provision": NaN,
        "Pretax Income": NaN,
        "Other Income Expense": NaN,
        "Other Non Operating Income Expenses": NaN,
        "Special Income Charges": NaN,
        "Gain On Sale Of Ppe": NaN,
        "Other Special Charges": 1952000.0,
        "Impairment Of Capital Assets": NaN,
        "Earnings From Equity Interest": NaN,
        "Net Non Operating Interest Income Expense": NaN,
        "Interest Expense Non Operating": NaN,
        "Interest Income Non Operating": NaN,
        "Operating Income": NaN,
        "Operating Expense": NaN,
        "Selling General And Administration": NaN,
        "Gross Profit": NaN,
        "Cost Of Revenue": NaN,
        "Total Revenue": NaN,
        "Operating Revenue": NaN
    },
    "2024-07-31": {
        "Tax Effect Of Unusual Items": NaN,
        "Tax Rate For Calcs": NaN,
        "Normalized EBITDA": NaN,
        "Total Unusual Items": NaN,
        "Total Unusual Items Excluding Goodwill": NaN,
        "Net Income From Continuing Operation Net Minority Interest": NaN,
        "Reconciled Depreciation": NaN,
        "Reconciled Cost Of Revenue": NaN,
        "EBITDA": NaN,
        "EBIT": NaN,
        "Net Interest Income": NaN,
        "Interest Expense": NaN,
        "Interest Income": NaN,
        "Normalized Income": NaN,
        "Net Income From Continuing And Discontinued Operation": NaN,
        "Total Expenses": NaN,
        "Total Operating Income As Reported": NaN,
        "Diluted Average Shares": NaN,
        "Basic Average Shares": NaN,
        "Diluted EPS": NaN,
        "Basic EPS": NaN,
        "Diluted NI Availto Com Stockholders": NaN,
        "Average Dilution Earnings": NaN,
        "Net Income Common Stockholders": NaN,
        "Otherunder Preferred Stock Dividend": NaN,
        "Net Income": NaN,
        "Minority Interests": NaN,
        "Net Income Including Noncontrolling Interests": NaN,
        "Net Income Continuous Operations": NaN,
        "Tax Provision": NaN,
        "Pretax Income": NaN,
        "Other Income Expense": NaN,
        "Other Non Operating Income Expenses": NaN,
        "Special Income Charges": NaN,
        "Gain On Sale Of Ppe": 13781000.0,
        "Other Special Charges": NaN,
        "Impairment Of Capital Assets": NaN,
        "Earnings From Equity Interest": NaN,
        "Net Non Operating Interest Income Expense": NaN,
        "Interest Expense Non Operating": NaN,
        "Interest Income Non Operating": NaN,
        "Operating Income": NaN,
        "Operating Expense": NaN,
        "Selling General And Administration": NaN,
        "Gross Profit": NaN,
        "Cost Of Revenue": NaN,
        "Total Revenue": NaN,
        "Operating Revenue": NaN
    },
    "2024-10-31": {
        "Tax Effect Of Unusual Items": -31705.0,
        "Tax Rate For Calcs": 0.085,
        "Normalized EBITDA": 16969000.0,
        "Total Unusual Items": -373000.0,
        "Total Unusual Items Excluding Goodwill": -373000.0,
        "Net Income From Continuing Operation Net Minority Interest": -23395000.0,
        "Reconciled Depreciation": 17533000.0,
        "Reconciled Cost Of Revenue": 416641000.0,
        "EBITDA": 16596000.0,
        "EBIT": -937000.0,
        "Net Interest Income": -5518000.0,
        "Interest Expense": 8131000.0,
        "Interest Income": 2613000.0,
        "Normalized Income": -23053705.0,
        "Net Income From Continuing And Discontinued Operation": -23395000.0,
        "Total Expenses": 696030000.0,
        "Total Operating Income As Reported": 42276000.0,
        "Diluted Average Shares": 66608000.0,
        "Basic Average Shares": 50798000.0,
        "Diluted EPS": -0.47,
        "Basic EPS": -0.46,
        "Diluted NI Availto Com Stockholders": -31317000.0,
        "Average Dilution Earnings": -7712000.0,
        "Net Income Common Stockholders": -23605000.0,
        "Otherunder Preferred Stock Dividend": 210000.0,
        "Net Income": -23395000.0,
        "Minority Interests": -2640000.0,
        "Net Income Including Noncontrolling Interests": -20755000.0,
        "Net Income Continuous Operations": -20755000.0,
        "Tax Provision": 11687000.0,
        "Pretax Income": -9068000.0,
        "Other Income Expense": -46038000.0,
        "Other Non Operating Income Expenses": -45826000.0,
        "Special Income Charges": -373000.0,
        "Gain On Sale Of Ppe": 0.0,
        "Other Special Charges": -718000.0,
        "Impairment Of Capital Assets": 1091000.0,
        "Earnings From Equity Interest": 161000.0,
        "Net Non Operating Interest Income Expense": -5518000.0,
        "Interest Expense Non Operating": 8131000.0,
        "Interest Income Non Operating": 2613000.0,
        "Operating Income": 42488000.0,
        "Operating Expense": 279389000.0,
        "Selling General And Administration": 279389000.0,
        "Gross Profit": 321877000.0,
        "Cost Of Revenue": 416641000.0,
        "Total Revenue": 738518000.0,
        "Operating Revenue": 738518000.0
    },
    "2025-01-31": {
        "Tax Effect Of Unusual Items": -179775.0,
        "Tax Rate For Calcs": 0.085,
        "Normalized EBITDA": 102237000.0,
        "Total Unusual Items": -2115000.0,
        "Total Unusual Items Excluding Goodwill": -2115000.0,
        "Net Income From Continuing Operation Net Minority Interest": 81399000.0,
        "Reconciled Depreciation": 17080000.0,
        "Reconciled Cost Of Revenue": 521183000.0,
        "EBITDA": 100122000.0,
        "EBIT": 83042000.0,
        "Net Interest Income": -5035000.0,
        "Interest Expense": 7855000.0,
        "Interest Income": 2820000.0,
        "Normalized Income": 83334225.0,
        "Net Income From Continuing And Discontinued Operation": 81399000.0,
        "Total Expenses": 826638000.0,
        "Total Operating Income As Reported": 103649000.0,
        "Diluted Average Shares": 67681000.0,
        "Basic Average Shares": 50934000.0,
        "Diluted EPS": 1.16,
        "Basic EPS": 1.58,
        "Diluted NI Availto Com Stockholders": 74414000.0,
        "Average Dilution Earnings": -6779000.0,
        "Net Income Common Stockholders": 81193000.0,
        "Otherunder Preferred Stock Dividend": 206000.0,
        "Net Income": 81399000.0,
        "Minority Interests": -2864000.0,
        "Net Income Including Noncontrolling Interests": 84263000.0,
        "Net Income Continuous Operations": 84263000.0,
        "Tax Provision": -9076000.0,
        "Pretax Income": 75187000.0,
        "Other Income Expense": -25392000.0,
        "Other Non Operating Income Expenses": -23427000.0,
        "Special Income Charges": -2115000.0,
        "Gain On Sale Of Ppe": 0.0,
        "Other Special Charges": 0.0,
        "Impairment Of Capital Assets": 2115000.0,
        "Earnings From Equity Interest": 150000.0,
        "Net Non Operating Interest Income Expense": -5035000.0,
        "Interest Expense Non Operating": 7855000.0,
        "Interest Income Non Operating": 2820000.0,
        "Operating Income": 105614000.0,
        "Operating Expense": 305455000.0,
        "Selling General And Administration": 305455000.0,
        "Gross Profit": 411069000.0,
        "Cost Of Revenue": 521183000.0,
        "Total Revenue": 932252000.0,
        "Operating Revenue": 932252000.0
    },
    "2025-04-30": {
        "Tax Effect Of Unusual Items": -1012569.0,
        "Tax Rate For Calcs": 0.173,
        "Normalized EBITDA": -6238000.0,
        "Total Unusual Items": -5853000.0,
        "Total Unusual Items Excluding Goodwill": -5853000.0,
        "Net Income From Continuing Operation Net Minority Interest": -32928000.0,
        "Reconciled Depreciation": 17826000.0,
        "Reconciled Cost Of Revenue": 389344000.0,
        "EBITDA": -12091000.0,
        "EBIT": -29917000.0,
        "Net Interest Income": -5811000.0,
        "Interest Expense": 7838000.0,
        "Interest Income": 2027000.0,
        "Normalized Income": -28087569.0,
        "Net Income From Continuing And Discontinued Operation": -32928000.0,
        "Total Expenses": 675880000.0,
        "Total Operating Income As Reported": -33308000.0,
        "Diluted Average Shares": 51375000.0,
        "Basic Average Shares": 51375000.0,
        "Diluted EPS": -0.65,
        "Basic EPS": -0.65,
        "Diluted NI Availto Com Stockholders": -33140000.0,
        "Average Dilution Earnings": 0.0,
        "Net Income Common Stockholders": -33140000.0,
        "Otherunder Preferred Stock Dividend": 212000.0,
        "Net Income": -32928000.0,
        "Minority Interests": -1689000.0,
        "Net Income Including Noncontrolling Interests": -31239000.0,
        "Net Income Continuous Operations": -31239000.0,
        "Tax Provision": -6516000.0,
        "Pretax Income": -37755000.0,
        "Other Income Expense": -3865000.0,
        "Other Non Operating Income Expenses": 1364000.0,
        "Special Income Charges": -5853000.0,
        "Gain On Sale Of Ppe": NaN,
        "Other Special Charges": -236000.0,
        "Impairment Of Capital Assets": 6089000.0,
        "Earnings From Equity Interest": 624000.0,
        "Net Non Operating Interest Income Expense": -5811000.0,
        "Interest Expense Non Operating": 7838000.0,
        "Interest Income Non Operating": 2027000.0,
        "Operating Income": -28079000.0,
        "Operating Expense": 286536000.0,
        "Selling General And Administration": 286536000.0,
        "Gross Profit": 258457000.0,
        "Cost Of Revenue": 389344000.0,
        "Total Revenue": 647801000.0,
        "Operating Revenue": 647801000.0
    },
    "2025-07-31": {
        "Tax Effect Of Unusual Items": -192610.0,
        "Tax Rate For Calcs": 0.085,
        "Normalized EBITDA": 43458000.0,
        "Total Unusual Items": -2266000.0,
        "Total Unusual Items Excluding Goodwill": -2266000.0,
        "Net Income From Continuing Operation Net Minority Interest": 6242000.0,
        "Reconciled Depreciation": 18020000.0,
        "Reconciled Cost Of Revenue": 444168000.0,
        "EBITDA": 41192000.0,
        "EBIT": 23172000.0,
        "Net Interest Income": -4876000.0,
        "Interest Expense": 7871000.0,
        "Interest Income": 2995000.0,
        "Normalized Income": 8315390.0,
        "Net Income From Continuing And Discontinued Operation": 6242000.0,
        "Total Expenses": 752756000.0,
        "Total Operating Income As Reported": 18086000.0,
        "Diluted Average Shares": 52115000.0,
        "Basic Average Shares": 51499000.0,
        "Diluted EPS": 0.12,
        "Basic EPS": 0.12,
        "Diluted NI Availto Com Stockholders": 6049000.0,
        "Average Dilution Earnings": 0.0,
        "Net Income Common Stockholders": 6049000.0,
        "Otherunder Preferred Stock Dividend": 193000.0,
        "Net Income": 6242000.0,
        "Minority Interests": -2048000.0,
        "Net Income Including Noncontrolling Interests": 8290000.0,
        "Net Income Continuous Operations": 8290000.0,
        "Tax Provision": 7011000.0,
        "Pretax Income": 15301000.0,
        "Other Income Expense": -4000.0,
        "Other Non Operating Income Expenses": 2091000.0,
        "Special Income Charges": -2266000.0,
        "Gain On Sale Of Ppe": 0.0,
        "Other Special Charges": NaN,
        "Impairment Of Capital Assets": 2266000.0,
        "Earnings From Equity Interest": 171000.0,
        "Net Non Operating Interest Income Expense": -4876000.0,
        "Interest Expense Non Operating": 7871000.0,
        "Interest Income Non Operating": 2995000.0,
        "Operating Income": 20181000.0,
        "Operating Expense": 308588000.0,
        "Selling General And Administration": 308588000.0,
        "Gross Profit": 328769000.0,
        "Cost Of Revenue": 444168000.0,
        "Total Revenue": 772937000.0,
        "Operating Revenue": 772937000.0
    },
    "2025-10-31": {
        "Tax Effect Of Unusual Items": -1183806.0,
        "Tax Rate For Calcs": 0.234,
        "Normalized EBITDA": 70164000.0,
        "Total Unusual Items": -5059000.0,
        "Total Unusual Items Excluding Goodwill": -5059000.0,
        "Net Income From Continuing Operation Net Minority Interest": 25648000.0,
        "Reconciled Depreciation": 18916000.0,
        "Reconciled Cost Of Revenue": 455445000.0,
        "EBITDA": 65105000.0,
        "EBIT": 46189000.0,
        "Net Interest Income": -6049000.0,
        "Interest Expense": 7809000.0,
        "Interest Income": 1760000.0,
        "Normalized Income": 29523194.0,
        "Net Income From Continuing And Discontinued Operation": 25648000.0,
        "Total Expenses": 764471000.0,
        "Total Operating Income As Reported": 23183000.0,
        "Diluted Average Shares": 53169000.0,
        "Basic Average Shares": 51586000.0,
        "Diluted EPS": 0.48,
        "Basic EPS": 0.49,
        "Diluted NI Availto Com Stockholders": 25351000.0,
        "Average Dilution Earnings": 0.0,
        "Net Income Common Stockholders": 25351000.0,
        "Otherunder Preferred Stock Dividend": 297000.0,
        "Net Income": 25648000.0,
        "Minority Interests": -3739000.0,
        "Net Income Including Noncontrolling Interests": 29387000.0,
        "Net Income Continuous Operations": 29387000.0,
        "Tax Provision": 8993000.0,
        "Pretax Income": 38380000.0,
        "Other Income Expense": 17473000.0,
        "Other Non Operating Income Expenses": 21246000.0,
        "Special Income Charges": -5059000.0,
        "Gain On Sale Of Ppe": 0.0,
        "Other Special Charges": 231000.0,
        "Impairment Of Capital Assets": 4828000.0,
        "Earnings From Equity Interest": 1286000.0,
        "Net Non Operating Interest Income Expense": -6049000.0,
        "Interest Expense Non Operating": 7809000.0,
        "Interest Income Non Operating": 1760000.0,
        "Operating Income": 26956000.0,
        "Operating Expense": 309026000.0,
        "Selling General And Administration": 309026000.0,
        "Gross Profit": 335982000.0,
        "Cost Of Revenue": 455445000.0,
        "Total Revenue": 791427000.0,
        "Operating Revenue": 791427000.0
    }
}