{
    "2023-03-31": {
        "Tax Effect Of Unusual Items": -2767590.0,
        "Tax Rate For Calcs": 0.21,
        "Normalized EBITDA": 70342000.0,
        "Total Unusual Items": -13179000.0,
        "Total Unusual Items Excluding Goodwill": -13179000.0,
        "Net Income From Continuing Operation Net Minority Interest": 2696000.0,
        "Reconciled Depreciation": 20230000.0,
        "Reconciled Cost Of Revenue": 63286000.0,
        "EBITDA": 57163000.0,
        "EBIT": 36933000.0,
        "Net Interest Income": -30497000.0,
        "Interest Expense": 30497000.0,
        "Normalized Income": 13107410.0,
        "Net Income From Continuing And Discontinued Operation": 2696000.0,
        "Total Expenses": 186018000.0,
        "Total Operating Income As Reported": 49452000.0,
        "Diluted Average Shares": 408641000.0,
        "Basic Average Shares": 395307000.0,
        "Diluted EPS": 0.01,
        "Basic EPS": 0.01,
        "Diluted NI Availto Com Stockholders": 2696000.0,
        "Net Income Common Stockholders": 2696000.0,
        "Otherunder Preferred Stock Dividend": NaN,
        "Preferred Stock Dividends": NaN,
        "Net Income": 2696000.0,
        "Minority Interests": -507000.0,
        "Net Income Including Noncontrolling Interests": 3203000.0,
        "Net Income Continuous Operations": 3203000.0,
        "Tax Provision": 3233000.0,
        "Pretax Income": 6436000.0,
        "Other Income Expense": -12691000.0,
        "Other Non Operating Income Expenses": 488000.0,
        "Special Income Charges": -172000.0,
        "Other Special Charges": 172000.0,
        "Gain On Sale Of Security": -13007000.0,
        "Net Non Operating Interest Income Expense": -30497000.0,
        "Interest Expense Non Operating": 30497000.0,
        "Operating Income": 49624000.0,
        "Operating Expense": 122732000.0,
        "Other Operating Expenses": 279000.0,
        "Depreciation Amortization Depletion Income Statement": 20230000.0,
        "Depreciation And Amortization In Income Statement": 20230000.0,
        "Amortization": 7207000.0,
        "Amortization Of Intangibles Income Statement": 7207000.0,
        "Depreciation Income Statement": 13023000.0,
        "Selling General And Administration": 102223000.0,
        "Gross Profit": 172356000.0,
        "Cost Of Revenue": 63286000.0,
        "Total Revenue": 235642000.0,
        "Operating Revenue": 231121000.0
    },
    "2022-12-31": {
        "Tax Effect Of Unusual Items": NaN,
        "Tax Rate For Calcs": NaN,
        "Normalized EBITDA": NaN,
        "Total Unusual Items": NaN,
        "Total Unusual Items Excluding Goodwill": NaN,
        "Net Income From Continuing Operation Net Minority Interest": NaN,
        "Reconciled Depreciation": NaN,
        "Reconciled Cost Of Revenue": NaN,
        "EBITDA": NaN,
        "EBIT": NaN,
        "Net Interest Income": NaN,
        "Interest Expense": NaN,
        "Normalized Income": NaN,
        "Net Income From Continuing And Discontinued Operation": NaN,
        "Total Expenses": NaN,
        "Total Operating Income As Reported": NaN,
        "Diluted Average Shares": NaN,
        "Basic Average Shares": NaN,
        "Diluted EPS": NaN,
        "Basic EPS": NaN,
        "Diluted NI Availto Com Stockholders": NaN,
        "Net Income Common Stockholders": NaN,
        "Otherunder Preferred Stock Dividend": 0.0,
        "Preferred Stock Dividends": 0.0,
        "Net Income": NaN,
        "Minority Interests": NaN,
        "Net Income Including Noncontrolling Interests": NaN,
        "Net Income Continuous Operations": NaN,
        "Tax Provision": NaN,
        "Pretax Income": NaN,
        "Other Income Expense": NaN,
        "Other Non Operating Income Expenses": NaN,
        "Special Income Charges": NaN,
        "Other Special Charges": NaN,
        "Gain On Sale Of Security": NaN,
        "Net Non Operating Interest Income Expense": NaN,
        "Interest Expense Non Operating": NaN,
        "Operating Income": NaN,
        "Operating Expense": NaN,
        "Other Operating Expenses": NaN,
        "Depreciation Amortization Depletion Income Statement": NaN,
        "Depreciation And Amortization In Income Statement": NaN,
        "Amortization": NaN,
        "Amortization Of Intangibles Income Statement": NaN,
        "Depreciation Income Statement": NaN,
        "Selling General And Administration": NaN,
        "Gross Profit": NaN,
        "Cost Of Revenue": NaN,
        "Total Revenue": NaN,
        "Operating Revenue": NaN
    },
    "2022-09-30": {
        "Tax Effect Of Unusual Items": NaN,
        "Tax Rate For Calcs": NaN,
        "Normalized EBITDA": NaN,
        "Total Unusual Items": NaN,
        "Total Unusual Items Excluding Goodwill": NaN,
        "Net Income From Continuing Operation Net Minority Interest": NaN,
        "Reconciled Depreciation": NaN,
        "Reconciled Cost Of Revenue": NaN,
        "EBITDA": NaN,
        "EBIT": NaN,
        "Net Interest Income": NaN,
        "Interest Expense": NaN,
        "Normalized Income": NaN,
        "Net Income From Continuing And Discontinued Operation": NaN,
        "Total Expenses": NaN,
        "Total Operating Income As Reported": NaN,
        "Diluted Average Shares": NaN,
        "Basic Average Shares": NaN,
        "Diluted EPS": NaN,
        "Basic EPS": NaN,
        "Diluted NI Availto Com Stockholders": NaN,
        "Net Income Common Stockholders": NaN,
        "Otherunder Preferred Stock Dividend": 26678000.0,
        "Preferred Stock Dividends": 4666000.0,
        "Net Income": NaN,
        "Minority Interests": NaN,
        "Net Income Including Noncontrolling Interests": NaN,
        "Net Income Continuous Operations": NaN,
        "Tax Provision": NaN,
        "Pretax Income": NaN,
        "Other Income Expense": NaN,
        "Other Non Operating Income Expenses": NaN,
        "Special Income Charges": NaN,
        "Other Special Charges": NaN,
        "Gain On Sale Of Security": NaN,
        "Net Non Operating Interest Income Expense": NaN,
        "Interest Expense Non Operating": NaN,
        "Operating Income": NaN,
        "Operating Expense": NaN,
        "Other Operating Expenses": NaN,
        "Depreciation Amortization Depletion Income Statement": NaN,
        "Depreciation And Amortization In Income Statement": NaN,
        "Amortization": NaN,
        "Amortization Of Intangibles Income Statement": NaN,
        "Depreciation Income Statement": NaN,
        "Selling General And Administration": NaN,
        "Gross Profit": NaN,
        "Cost Of Revenue": NaN,
        "Total Revenue": NaN,
        "Operating Revenue": NaN
    },
    "2022-06-30": {
        "Tax Effect Of Unusual Items": 13299184.0,
        "Tax Rate For Calcs": 0.4,
        "Normalized EBITDA": -34765681.0,
        "Total Unusual Items": 33247960.0,
        "Total Unusual Items Excluding Goodwill": 33247960.0,
        "Net Income From Continuing Operation Net Minority Interest": 31730239.0,
        "Reconciled Depreciation": NaN,
        "Reconciled Cost Of Revenue": NaN,
        "EBITDA": -1517721.0,
        "EBIT": -1517721.0,
        "Net Interest Income": NaN,
        "Interest Expense": NaN,
        "Normalized Income": 11781463.0,
        "Net Income From Continuing And Discontinued Operation": 31730239.0,
        "Total Expenses": 1517721.0,
        "Total Operating Income As Reported": -1517721.0,
        "Diluted Average Shares": 319007226.0,
        "Basic Average Shares": 319007226.0,
        "Diluted EPS": 0.059005,
        "Basic EPS": 0.059005,
        "Diluted NI Availto Com Stockholders": 31730239.0,
        "Net Income Common Stockholders": 31730239.0,
        "Otherunder Preferred Stock Dividend": NaN,
        "Preferred Stock Dividends": NaN,
        "Net Income": 31730239.0,
        "Minority Interests": NaN,
        "Net Income Including Noncontrolling Interests": 31730239.0,
        "Net Income Continuous Operations": 31730239.0,
        "Tax Provision": NaN,
        "Pretax Income": 31730239.0,
        "Other Income Expense": 33247960.0,
        "Other Non Operating Income Expenses": NaN,
        "Special Income Charges": NaN,
        "Other Special Charges": NaN,
        "Gain On Sale Of Security": 33247960.0,
        "Net Non Operating Interest Income Expense": NaN,
        "Interest Expense Non Operating": NaN,
        "Operating Income": -1517721.0,
        "Operating Expense": 1517721.0,
        "Other Operating Expenses": NaN,
        "Depreciation Amortization Depletion Income Statement": NaN,
        "Depreciation And Amortization In Income Statement": NaN,
        "Amortization": NaN,
        "Amortization Of Intangibles Income Statement": NaN,
        "Depreciation Income Statement": NaN,
        "Selling General And Administration": 1517721.0,
        "General And Administrative Expense": 1517721.0,
        "Other Gand A": 1517721.0,
        "Gross Profit": NaN,
        "Cost Of Revenue": NaN,
        "Total Revenue": 0.0,
        "Operating Revenue": 0.0
    },
    "2022-03-31": {
        "Diluted EPS": 0.03,
        "Total Revenue": 231,
        "Gross Profit": 169,
        "Operating Income": 49,
        "EBIT": 75,
        "Net Income": 6
    },
    "2021-12-31": {
        "Diluted EPS": -0.03,
        "Total Revenue": 682,
        "Gross Profit": 496,
        "Operating Income": 148,
        "EBIT": 175,
        "Net Income": 11
    },
    "2021-09-30": {
        "Diluted EPS": 0.08,
        "Total Revenue": 237,
        "Gross Profit": 174,
        "Operating Income": 55,
        "EBIT": 55,
        "Net Income": 15
    },
    "2021-06-30": {
        "Diluted EPS": -0.07,
        "Total Revenue": NaN,
        "Gross Profit": NaN,
        "Operating Income": -1,
        "EBIT": -1,
        "Net Income": -8
    },
    "2021-03-31": {
        "Diluted EPS": 0.25,
        "Total Revenue": NaN,
        "Gross Profit": NaN,
        "Operating Income": 0,
        "EBIT": 0,
        "Net Income": 27
    },
    "2020-12-31": {
        "Diluted EPS": 0.0,
        "Total Revenue": NaN,
        "Gross Profit": NaN,
        "Operating Income": NaN,
        "EBIT": NaN,
        "Net Income": NaN
    },
    "2020-09-30": {
        "Diluted EPS": -0.43,
        "Total Revenue": NaN,
        "Gross Profit": NaN,
        "Operating Income": 0,
        "EBIT": 0,
        "Net Income": -33
    },
    "2020-06-30": {
        "Diluted EPS": 0.0,
        "Total Revenue": NaN,
        "Gross Profit": NaN,
        "Operating Income": 0,
        "EBIT": 0,
        "Net Income": 0
    },
    "2023-06-30": {
        "Tax Effect Of Unusual Items": -2115540.0,
        "Tax Rate For Calcs": 0.21,
        "Normalized EBITDA": 61169000.0,
        "Total Unusual Items": -10074000.0,
        "Total Unusual Items Excluding Goodwill": -10074000.0,
        "Net Income From Continuing Operation Net Minority Interest": -4063000.0,
        "Reconciled Depreciation": 20800000.0,
        "Reconciled Cost Of Revenue": 63354000.0,
        "EBITDA": 51095000.0,
        "EBIT": 30295000.0,
        "Net Interest Income": -31683000.0,
        "Interest Expense": 31683000.0,
        "Normalized Income": 3895460.0,
        "Net Income From Continuing And Discontinued Operation": -4063000.0,
        "Total Expenses": 185940000.0,
        "Total Operating Income As Reported": 33466000.0,
        "Diluted Average Shares": 397417290.0,
        "Basic Average Shares": 397417290.0,
        "Diluted EPS": -0.01,
        "Basic EPS": -0.01,
        "Diluted NI Availto Com Stockholders": -4063000.0,
        "Net Income Common Stockholders": -4063000.0,
        "Otherunder Preferred Stock Dividend": NaN,
        "Net Income": -4063000.0,
        "Minority Interests": 214000.0,
        "Net Income Including Noncontrolling Interests": -4277000.0,
        "Net Income Continuous Operations": -4277000.0,
        "Tax Provision": 2889000.0,
        "Pretax Income": -1388000.0,
        "Other Income Expense": -9440000.0,
        "Other Non Operating Income Expenses": 634000.0,
        "Special Income Charges": -6269000.0,
        "Other Special Charges": 6269000.0,
        "Gain On Sale Of Security": -3805000.0,
        "Net Non Operating Interest Income Expense": -31683000.0,
        "Interest Expense Non Operating": 31683000.0,
        "Operating Income": 39735000.0,
        "Operating Expense": 122586000.0,
        "Other Operating Expenses": 332000.0,
        "Depreciation Amortization Depletion Income Statement": 20800000.0,
        "Depreciation And Amortization In Income Statement": 20800000.0,
        "Amortization": 7260000.0,
        "Amortization Of Intangibles Income Statement": 7260000.0,
        "Depreciation Income Statement": 13540000.0,
        "Selling General And Administration": 101454000.0,
        "Gross Profit": 162321000.0,
        "Cost Of Revenue": 63354000.0,
        "Total Revenue": 225675000.0,
        "Operating Revenue": 221562000.0
    },
    "2023-09-30": {
        "Tax Effect Of Unusual Items": NaN,
        "Tax Rate For Calcs": NaN,
        "Normalized EBITDA": NaN,
        "Total Unusual Items": NaN,
        "Total Unusual Items Excluding Goodwill": NaN,
        "Net Income From Continuing Operation Net Minority Interest": NaN,
        "Reconciled Depreciation": NaN,
        "Reconciled Cost Of Revenue": NaN,
        "EBITDA": NaN,
        "EBIT": NaN,
        "Net Interest Income": NaN,
        "Interest Expense": NaN,
        "Normalized Income": NaN,
        "Net Income From Continuing And Discontinued Operation": NaN,
        "Total Expenses": NaN,
        "Total Operating Income As Reported": NaN,
        "Diluted Average Shares": NaN,
        "Basic Average Shares": NaN,
        "Diluted EPS": NaN,
        "Basic EPS": NaN,
        "Diluted NI Availto Com Stockholders": NaN,
        "Net Income Common Stockholders": NaN,
        "Otherunder Preferred Stock Dividend": 0.0,
        "Net Income": NaN,
        "Minority Interests": NaN,
        "Net Income Including Noncontrolling Interests": NaN,
        "Net Income Continuous Operations": NaN,
        "Tax Provision": NaN,
        "Pretax Income": NaN,
        "Other Income Expense": NaN,
        "Other Non Operating Income Expenses": NaN,
        "Special Income Charges": NaN,
        "Other Special Charges": NaN,
        "Gain On Sale Of Security": NaN,
        "Net Non Operating Interest Income Expense": NaN,
        "Interest Expense Non Operating": NaN,
        "Operating Income": NaN,
        "Operating Expense": NaN,
        "Other Operating Expenses": NaN,
        "Depreciation Amortization Depletion Income Statement": NaN,
        "Depreciation And Amortization In Income Statement": NaN,
        "Amortization": NaN,
        "Amortization Of Intangibles Income Statement": NaN,
        "Depreciation Income Statement": NaN,
        "Selling General And Administration": NaN,
        "Gross Profit": NaN,
        "Cost Of Revenue": NaN,
        "Total Revenue": NaN,
        "Operating Revenue": NaN
    },
    "2023-12-31": {
        "Tax Effect Of Unusual Items": NaN,
        "Tax Rate For Calcs": NaN,
        "Normalized EBITDA": NaN,
        "Total Unusual Items": NaN,
        "Total Unusual Items Excluding Goodwill": NaN,
        "Net Income From Continuing Operation Net Minority Interest": NaN,
        "Reconciled Depreciation": NaN,
        "Reconciled Cost Of Revenue": NaN,
        "EBITDA": NaN,
        "EBIT": NaN,
        "Net Interest Income": NaN,
        "Interest Expense": NaN,
        "Normalized Income": NaN,
        "Net Income From Continuing And Discontinued Operation": NaN,
        "Total Expenses": NaN,
        "Total Operating Income As Reported": NaN,
        "Diluted Average Shares": NaN,
        "Basic Average Shares": NaN,
        "Diluted EPS": NaN,
        "Basic EPS": NaN,
        "Diluted NI Availto Com Stockholders": NaN,
        "Net Income Common Stockholders": NaN,
        "Otherunder Preferred Stock Dividend": 0.0,
        "Net Income": NaN,
        "Minority Interests": NaN,
        "Net Income Including Noncontrolling Interests": NaN,
        "Net Income Continuous Operations": NaN,
        "Tax Provision": NaN,
        "Pretax Income": NaN,
        "Other Income Expense": NaN,
        "Other Non Operating Income Expenses": NaN,
        "Special Income Charges": NaN,
        "Other Special Charges": NaN,
        "Gain On Sale Of Security": NaN,
        "Net Non Operating Interest Income Expense": NaN,
        "Interest Expense Non Operating": NaN,
        "Operating Income": NaN,
        "Operating Expense": NaN,
        "Other Operating Expenses": NaN,
        "Depreciation Amortization Depletion Income Statement": NaN,
        "Depreciation And Amortization In Income Statement": NaN,
        "Amortization": NaN,
        "Amortization Of Intangibles Income Statement": NaN,
        "Depreciation Income Statement": NaN,
        "Selling General And Administration": NaN,
        "Gross Profit": NaN,
        "Cost Of Revenue": NaN,
        "Total Revenue": NaN,
        "Operating Revenue": NaN
    },
    "2024-03-31": {
        "Tax Effect Of Unusual Items": 2717610.0,
        "Tax Rate For Calcs": 0.21,
        "Normalized EBITDA": 59465000.0,
        "Total Unusual Items": 12941000.0,
        "Total Unusual Items Excluding Goodwill": 12941000.0,
        "Net Income From Continuing Operation Net Minority Interest": 13455000.0,
        "Reconciled Depreciation": 14894000.0,
        "Reconciled Cost Of Revenue": 60256000.0,
        "EBITDA": 72406000.0,
        "EBIT": 57512000.0,
        "Net Interest Income": -32724000.0,
        "Interest Expense": 32724000.0,
        "Normalized Income": 3231610.0,
        "Net Income From Continuing And Discontinued Operation": 13455000.0,
        "Total Expenses": 179222000.0,
        "Total Operating Income As Reported": 41034000.0,
        "Diluted Average Shares": 414893486.0,
        "Basic Average Shares": 405635251.0,
        "Diluted EPS": 0.03,
        "Basic EPS": 0.03,
        "Diluted NI Availto Com Stockholders": 13455000.0,
        "Net Income Common Stockholders": 13455000.0,
        "Otherunder Preferred Stock Dividend": NaN,
        "Net Income": 13455000.0,
        "Minority Interests": -132000.0,
        "Net Income Including Noncontrolling Interests": 13587000.0,
        "Net Income Continuous Operations": 13587000.0,
        "Tax Provision": 11201000.0,
        "Pretax Income": 24788000.0,
        "Other Income Expense": 14456000.0,
        "Other Non Operating Income Expenses": 1515000.0,
        "Special Income Charges": -2022000.0,
        "Other Special Charges": 2022000.0,
        "Gain On Sale Of Security": 14963000.0,
        "Net Non Operating Interest Income Expense": -32724000.0,
        "Interest Expense Non Operating": 32724000.0,
        "Operating Income": 43056000.0,
        "Operating Expense": 118966000.0,
        "Other Operating Expenses": 3128000.0,
        "Depreciation Amortization Depletion Income Statement": 14894000.0,
        "Depreciation And Amortization In Income Statement": 14894000.0,
        "Amortization": 534000.0,
        "Amortization Of Intangibles Income Statement": 534000.0,
        "Depreciation Income Statement": 14360000.0,
        "Selling General And Administration": 100944000.0,
        "Gross Profit": 162022000.0,
        "Cost Of Revenue": 60256000.0,
        "Total Revenue": 222278000.0,
        "Operating Revenue": 218271000.0
    },
    "2024-06-30": {
        "Tax Effect Of Unusual Items": -74130.0,
        "Tax Rate For Calcs": 0.21,
        "Normalized EBITDA": 65711000.0,
        "Total Unusual Items": -353000.0,
        "Total Unusual Items Excluding Goodwill": -353000.0,
        "Net Income From Continuing Operation Net Minority Interest": 3847000.0,
        "Reconciled Depreciation": 15281000.0,
        "Reconciled Cost Of Revenue": 63097000.0,
        "EBITDA": 65358000.0,
        "EBIT": 50077000.0,
        "Net Interest Income": -33890000.0,
        "Interest Expense": 33890000.0,
        "Normalized Income": 4125870.0,
        "Net Income From Continuing And Discontinued Operation": 3847000.0,
        "Total Expenses": 179890000.0,
        "Total Operating Income As Reported": 46458000.0,
        "Diluted Average Shares": 414439239.0,
        "Basic Average Shares": 408989273.0,
        "Diluted EPS": 0.01,
        "Basic EPS": 0.01,
        "Diluted NI Availto Com Stockholders": 3847000.0,
        "Net Income Common Stockholders": 3847000.0,
        "Net Income": 3847000.0,
        "Minority Interests": 158000.0,
        "Net Income Including Noncontrolling Interests": 3689000.0,
        "Net Income Continuous Operations": 3689000.0,
        "Tax Provision": 12498000.0,
        "Pretax Income": 16187000.0,
        "Other Income Expense": 827000.0,
        "Other Non Operating Income Expenses": 1180000.0,
        "Special Income Charges": -2792000.0,
        "Other Special Charges": 2792000.0,
        "Gain On Sale Of Security": 2439000.0,
        "Net Non Operating Interest Income Expense": -33890000.0,
        "Interest Expense Non Operating": 33890000.0,
        "Operating Income": 49250000.0,
        "Operating Expense": 116793000.0,
        "Other Operating Expenses": 280000.0,
        "Depreciation Amortization Depletion Income Statement": 15281000.0,
        "Depreciation And Amortization In Income Statement": 15281000.0,
        "Amortization": 592000.0,
        "Amortization Of Intangibles Income Statement": 592000.0,
        "Depreciation Income Statement": 14689000.0,
        "Selling General And Administration": 101232000.0,
        "Gross Profit": 166043000.0,
        "Cost Of Revenue": 63097000.0,
        "Total Revenue": 229140000.0,
        "Operating Revenue": 221516000.0
    },
    "2024-09-30": {
        "Tax Effect Of Unusual Items": -10512480.0,
        "Tax Rate For Calcs": 0.33,
        "Normalized EBITDA": 77556000.0,
        "Total Unusual Items": -31856000.0,
        "Total Unusual Items Excluding Goodwill": -31856000.0,
        "Net Income From Continuing Operation Net Minority Interest": -2195000.0,
        "Reconciled Depreciation": 15469000.0,
        "Reconciled Cost Of Revenue": 64092000.0,
        "EBITDA": 45700000.0,
        "EBIT": 30231000.0,
        "Net Interest Income": -34004000.0,
        "Interest Expense": 34004000.0,
        "Normalized Income": 19148520.0,
        "Net Income From Continuing And Discontinued Operation": -2195000.0,
        "Total Expenses": 179910000.0,
        "Total Operating Income As Reported": 57436000.0,
        "Diluted Average Shares": 410473104.0,
        "Basic Average Shares": 410473104.0,
        "Diluted EPS": -0.01,
        "Basic EPS": -0.01,
        "Diluted NI Availto Com Stockholders": -2195000.0,
        "Net Income Common Stockholders": -2195000.0,
        "Net Income": -2195000.0,
        "Minority Interests": 332000.0,
        "Net Income Including Noncontrolling Interests": -2527000.0,
        "Net Income Continuous Operations": -2527000.0,
        "Tax Provision": -1246000.0,
        "Pretax Income": -3773000.0,
        "Other Income Expense": -30404000.0,
        "Other Non Operating Income Expenses": 1452000.0,
        "Special Income Charges": -3199000.0,
        "Other Special Charges": 3199000.0,
        "Gain On Sale Of Security": -28657000.0,
        "Net Non Operating Interest Income Expense": -34004000.0,
        "Interest Expense Non Operating": 34004000.0,
        "Operating Income": 60635000.0,
        "Operating Expense": 115818000.0,
        "Other Operating Expenses": 219000.0,
        "Depreciation Amortization Depletion Income Statement": 15469000.0,
        "Depreciation And Amortization In Income Statement": 15469000.0,
        "Amortization": 590000.0,
        "Amortization Of Intangibles Income Statement": 590000.0,
        "Depreciation Income Statement": 14879000.0,
        "Selling General And Administration": 100130000.0,
        "Gross Profit": 176453000.0,
        "Cost Of Revenue": 64092000.0,
        "Total Revenue": 240545000.0,
        "Operating Revenue": 226488000.0
    },
    "2024-12-31": {
        "Tax Effect Of Unusual Items": 7011690.0,
        "Tax Rate For Calcs": 0.21,
        "Normalized EBITDA": 62803000.0,
        "Total Unusual Items": 33389000.0,
        "Total Unusual Items Excluding Goodwill": 33389000.0,
        "Net Income From Continuing Operation Net Minority Interest": 24426000.0,
        "Reconciled Depreciation": 15649000.0,
        "Reconciled Cost Of Revenue": 65623000.0,
        "EBITDA": 96192000.0,
        "EBIT": 80543000.0,
        "Net Interest Income": -30790000.0,
        "Interest Expense": 30790000.0,
        "Normalized Income": -1951310.0,
        "Net Income From Continuing And Discontinued Operation": 24426000.0,
        "Total Expenses": 198969000.0,
        "Total Operating Income As Reported": 35877000.0,
        "Diluted Average Shares": 414414173.0,
        "Basic Average Shares": 411441984.0,
        "Diluted EPS": 0.06,
        "Basic EPS": 0.06,
        "Diluted NI Availto Com Stockholders": 24426000.0,
        "Net Income Common Stockholders": 24426000.0,
        "Net Income": 24426000.0,
        "Minority Interests": -297000.0,
        "Net Income Including Noncontrolling Interests": 24723000.0,
        "Net Income Continuous Operations": 24723000.0,
        "Tax Provision": 25030000.0,
        "Pretax Income": 49753000.0,
        "Other Income Expense": 32188000.0,
        "Other Non Operating Income Expenses": -1201000.0,
        "Special Income Charges": -12478000.0,
        "Other Special Charges": 12478000.0,
        "Gain On Sale Of Security": 45867000.0,
        "Net Non Operating Interest Income Expense": -30790000.0,
        "Interest Expense Non Operating": 30790000.0,
        "Operating Income": 48355000.0,
        "Operating Expense": 133346000.0,
        "Other Operating Expenses": 12207000.0,
        "Depreciation Amortization Depletion Income Statement": 15649000.0,
        "Depreciation And Amortization In Income Statement": 15649000.0,
        "Amortization": 590000.0,
        "Amortization Of Intangibles Income Statement": 590000.0,
        "Depreciation Income Statement": 15059000.0,
        "Selling General And Administration": 105490000.0,
        "Gross Profit": 181701000.0,
        "Cost Of Revenue": 65623000.0,
        "Total Revenue": 247324000.0,
        "Operating Revenue": 232488000.0
    },
    "2025-03-31": {
        "Tax Effect Of Unusual Items": -7327950.0,
        "Tax Rate For Calcs": 0.21,
        "Normalized EBITDA": 45104000.0,
        "Total Unusual Items": -34895000.0,
        "Total Unusual Items Excluding Goodwill": -34895000.0,
        "Net Income From Continuing Operation Net Minority Interest": -102572000.0,
        "Reconciled Depreciation": 15513000.0,
        "Reconciled Cost Of Revenue": 60209000.0,
        "EBITDA": 10209000.0,
        "EBIT": -5304000.0,
        "Net Interest Income": -32675000.0,
        "Interest Expense": 32675000.0,
        "Normalized Income": -75004950.0,
        "Net Income From Continuing And Discontinued Operation": -102572000.0,
        "Total Expenses": 192392000.0,
        "Total Operating Income As Reported": 27342000.0,
        "Diluted Average Shares": 412472878.0,
        "Basic Average Shares": 412472878.0,
        "Diluted EPS": -0.25,
        "Basic EPS": -0.25,
        "Diluted NI Availto Com Stockholders": -102572000.0,
        "Net Income Common Stockholders": -102572000.0,
        "Net Income": -102572000.0,
        "Minority Interests": 0.0,
        "Net Income Including Noncontrolling Interests": -102572000.0,
        "Net Income Continuous Operations": -102572000.0,
        "Tax Provision": 64593000.0,
        "Pretax Income": -37979000.0,
        "Other Income Expense": -36989000.0,
        "Other Non Operating Income Expenses": -2094000.0,
        "Special Income Charges": -9817000.0,
        "Other Special Charges": 9817000.0,
        "Gain On Sale Of Security": -25078000.0,
        "Net Non Operating Interest Income Expense": -32675000.0,
        "Interest Expense Non Operating": 32675000.0,
        "Operating Income": 31685000.0,
        "Operating Expense": 132183000.0,
        "Other Operating Expenses": 18402000.0,
        "Depreciation Amortization Depletion Income Statement": 15513000.0,
        "Depreciation And Amortization In Income Statement": 15513000.0,
        "Amortization": 566000.0,
        "Amortization Of Intangibles Income Statement": 566000.0,
        "Depreciation Income Statement": 14947000.0,
        "Selling General And Administration": 98268000.0,
        "Gross Profit": 163868000.0,
        "Cost Of Revenue": 60209000.0,
        "Total Revenue": 224077000.0,
        "Operating Revenue": 214792000.0
    },
    "2025-06-30": {
        "Tax Effect Of Unusual Items": -22711200.0,
        "Tax Rate For Calcs": 0.4,
        "Normalized EBITDA": 51740000.0,
        "Total Unusual Items": -56778000.0,
        "Total Unusual Items Excluding Goodwill": -56778000.0,
        "Net Income From Continuing Operation Net Minority Interest": -35069000.0,
        "Reconciled Depreciation": 16108000.0,
        "Reconciled Cost Of Revenue": 65629000.0,
        "EBITDA": -5038000.0,
        "EBIT": -21146000.0,
        "Net Interest Income": -36556000.0,
        "Interest Expense": 36556000.0,
        "Normalized Income": -1002200.0,
        "Net Income From Continuing And Discontinued Operation": -35069000.0,
        "Total Expenses": 197315000.0,
        "Total Operating Income As Reported": 35560000.0,
        "Diluted Average Shares": 413741878.0,
        "Basic Average Shares": 413741878.0,
        "Diluted EPS": -0.08,
        "Basic EPS": -0.08,
        "Diluted NI Availto Com Stockholders": -35069000.0,
        "Net Income Common Stockholders": -35069000.0,
        "Net Income": -35069000.0,
        "Minority Interests": -710000.0,
        "Net Income Including Noncontrolling Interests": -34359000.0,
        "Net Income Continuous Operations": -34359000.0,
        "Tax Provision": -23343000.0,
        "Pretax Income": -57702000.0,
        "Other Income Expense": -58713000.0,
        "Other Non Operating Income Expenses": -1935000.0,
        "Special Income Charges": -2007000.0,
        "Other Special Charges": 2007000.0,
        "Gain On Sale Of Security": -54771000.0,
        "Net Non Operating Interest Income Expense": -36556000.0,
        "Interest Expense Non Operating": 36556000.0,
        "Operating Income": 37567000.0,
        "Operating Expense": 131686000.0,
        "Other Operating Expenses": 10512000.0,
        "Depreciation Amortization Depletion Income Statement": 16108000.0,
        "Depreciation And Amortization In Income Statement": 16108000.0,
        "Amortization": 573000.0,
        "Amortization Of Intangibles Income Statement": 573000.0,
        "Depreciation Income Statement": 15535000.0,
        "Selling General And Administration": 105066000.0,
        "Gross Profit": 169253000.0,
        "Cost Of Revenue": 65629000.0,
        "Total Revenue": 234882000.0,
        "Operating Revenue": 219166000.0
    }
}