{
    "2024-03-31": {
        "Tax Effect Of Unusual Items": NaN,
        "Tax Rate For Calcs": NaN,
        "Normalized EBITDA": NaN,
        "Total Unusual Items": NaN,
        "Total Unusual Items Excluding Goodwill": NaN,
        "Net Income From Continuing Operation Net Minority Interest": NaN,
        "Reconciled Depreciation": NaN,
        "Reconciled Cost Of Revenue": NaN,
        "EBITDA": NaN,
        "EBIT": NaN,
        "Net Interest Income": NaN,
        "Interest Expense": 14000000.0,
        "Interest Income": NaN,
        "Normalized Income": NaN,
        "Net Income From Continuing And Discontinued Operation": NaN,
        "Total Expenses": NaN,
        "Total Operating Income As Reported": NaN,
        "Diluted Average Shares": NaN,
        "Basic Average Shares": NaN,
        "Diluted EPS": NaN,
        "Basic EPS": NaN,
        "Diluted NI Availto Com Stockholders": NaN,
        "Net Income Common Stockholders": NaN,
        "Net Income": NaN,
        "Minority Interests": NaN,
        "Net Income Including Noncontrolling Interests": NaN,
        "Net Income Continuous Operations": NaN,
        "Tax Provision": NaN,
        "Pretax Income": NaN,
        "Other Income Expense": NaN,
        "Other Non Operating Income Expenses": NaN,
        "Special Income Charges": NaN,
        "Restructuring And Mergern Acquisition": NaN,
        "Earnings From Equity Interest": NaN,
        "Gain On Sale Of Security": NaN,
        "Net Non Operating Interest Income Expense": NaN,
        "Interest Expense Non Operating": 14000000.0,
        "Interest Income Non Operating": NaN,
        "Operating Income": NaN,
        "Operating Expense": NaN,
        "Research And Development": NaN,
        "Selling General And Administration": NaN,
        "Gross Profit": NaN,
        "Cost Of Revenue": NaN,
        "Total Revenue": NaN,
        "Operating Revenue": NaN
    },
    "2023-03-31": {
        "Tax Effect Of Unusual Items": NaN,
        "Tax Rate For Calcs": NaN,
        "Normalized EBITDA": NaN,
        "Total Unusual Items": NaN,
        "Total Unusual Items Excluding Goodwill": NaN,
        "Net Income From Continuing Operation Net Minority Interest": NaN,
        "Reconciled Depreciation": NaN,
        "Reconciled Cost Of Revenue": NaN,
        "EBITDA": NaN,
        "EBIT": NaN,
        "Net Interest Income": NaN,
        "Interest Expense": 21000000.0,
        "Interest Income": NaN,
        "Normalized Income": NaN,
        "Net Income From Continuing And Discontinued Operation": NaN,
        "Total Expenses": NaN,
        "Total Operating Income As Reported": NaN,
        "Diluted Average Shares": NaN,
        "Basic Average Shares": NaN,
        "Diluted EPS": NaN,
        "Basic EPS": NaN,
        "Diluted NI Availto Com Stockholders": NaN,
        "Net Income Common Stockholders": NaN,
        "Net Income": NaN,
        "Minority Interests": NaN,
        "Net Income Including Noncontrolling Interests": NaN,
        "Net Income Continuous Operations": NaN,
        "Tax Provision": NaN,
        "Pretax Income": NaN,
        "Other Income Expense": NaN,
        "Other Non Operating Income Expenses": NaN,
        "Special Income Charges": NaN,
        "Restructuring And Mergern Acquisition": NaN,
        "Earnings From Equity Interest": NaN,
        "Gain On Sale Of Security": NaN,
        "Net Non Operating Interest Income Expense": NaN,
        "Interest Expense Non Operating": 21000000.0,
        "Interest Income Non Operating": NaN,
        "Operating Income": NaN,
        "Operating Expense": NaN,
        "Research And Development": NaN,
        "Selling General And Administration": NaN,
        "Gross Profit": NaN,
        "Cost Of Revenue": NaN,
        "Total Revenue": NaN,
        "Operating Revenue": NaN
    },
    "2024-06-30": {
        "Tax Effect Of Unusual Items": NaN,
        "Tax Rate For Calcs": NaN,
        "Normalized EBITDA": NaN,
        "Total Unusual Items": 845000000.0,
        "Total Unusual Items Excluding Goodwill": 845000000.0,
        "Net Income From Continuing Operation Net Minority Interest": NaN,
        "Reconciled Depreciation": NaN,
        "Reconciled Cost Of Revenue": NaN,
        "EBITDA": NaN,
        "EBIT": NaN,
        "Net Interest Income": NaN,
        "Interest Income": NaN,
        "Normalized Income": NaN,
        "Net Income From Continuing And Discontinued Operation": NaN,
        "Total Expenses": NaN,
        "Total Operating Income As Reported": NaN,
        "Diluted Average Shares": NaN,
        "Basic Average Shares": NaN,
        "Diluted EPS": NaN,
        "Basic EPS": NaN,
        "Diluted NI Availto Com Stockholders": NaN,
        "Net Income Common Stockholders": NaN,
        "Net Income": NaN,
        "Minority Interests": NaN,
        "Net Income Including Noncontrolling Interests": NaN,
        "Net Income Continuous Operations": NaN,
        "Tax Provision": NaN,
        "Pretax Income": NaN,
        "Other Income Expense": NaN,
        "Other Non Operating Income Expenses": NaN,
        "Special Income Charges": 855000000.0,
        "Restructuring And Mergern Acquisition": -855000000.0,
        "Earnings From Equity Interest": 1000000.0,
        "Gain On Sale Of Security": -10000000.0,
        "Net Non Operating Interest Income Expense": NaN,
        "Interest Income Non Operating": NaN,
        "Operating Income": NaN,
        "Operating Expense": NaN,
        "Research And Development": NaN,
        "Selling General And Administration": NaN,
        "Gross Profit": NaN,
        "Cost Of Revenue": NaN,
        "Total Revenue": NaN,
        "Operating Revenue": NaN
    },
    "2023-06-30": {
        "Tax Effect Of Unusual Items": NaN,
        "Tax Rate For Calcs": NaN,
        "Normalized EBITDA": NaN,
        "Total Unusual Items": 89000000.0,
        "Total Unusual Items Excluding Goodwill": 89000000.0,
        "Net Income From Continuing Operation Net Minority Interest": NaN,
        "Reconciled Depreciation": NaN,
        "Reconciled Cost Of Revenue": NaN,
        "EBITDA": NaN,
        "EBIT": NaN,
        "Net Interest Income": NaN,
        "Interest Expense": 21000000.0,
        "Interest Income": 17000000.0,
        "Normalized Income": NaN,
        "Net Income From Continuing And Discontinued Operation": NaN,
        "Total Expenses": NaN,
        "Total Operating Income As Reported": NaN,
        "Diluted Average Shares": 272083576.0,
        "Basic Average Shares": 272083576.0,
        "Diluted EPS": -0.551301,
        "Basic EPS": -0.551301,
        "Diluted NI Availto Com Stockholders": NaN,
        "Net Income Common Stockholders": NaN,
        "Net Income": NaN,
        "Minority Interests": NaN,
        "Net Income Including Noncontrolling Interests": NaN,
        "Net Income Continuous Operations": NaN,
        "Tax Provision": NaN,
        "Pretax Income": NaN,
        "Other Income Expense": NaN,
        "Other Non Operating Income Expenses": NaN,
        "Special Income Charges": 93000000.0,
        "Restructuring And Mergern Acquisition": -93000000.0,
        "Earnings From Equity Interest": 7000000.0,
        "Gain On Sale Of Security": -4000000.0,
        "Net Non Operating Interest Income Expense": NaN,
        "Interest Expense Non Operating": 21000000.0,
        "Interest Income Non Operating": 17000000.0,
        "Operating Income": NaN,
        "Operating Expense": NaN,
        "Research And Development": NaN,
        "Selling General And Administration": NaN,
        "Gross Profit": NaN,
        "Cost Of Revenue": NaN,
        "Total Revenue": NaN,
        "Operating Revenue": NaN
    },
    "2024-09-30": {
        "Tax Effect Of Unusual Items": NaN,
        "Tax Rate For Calcs": NaN,
        "Normalized EBITDA": NaN,
        "Total Unusual Items": 14000000.0,
        "Total Unusual Items Excluding Goodwill": 14000000.0,
        "Net Income From Continuing Operation Net Minority Interest": NaN,
        "Reconciled Depreciation": NaN,
        "Reconciled Cost Of Revenue": NaN,
        "EBITDA": NaN,
        "EBIT": NaN,
        "Net Interest Income": NaN,
        "Interest Income": NaN,
        "Normalized Income": NaN,
        "Net Income From Continuing And Discontinued Operation": NaN,
        "Total Expenses": NaN,
        "Total Operating Income As Reported": NaN,
        "Diluted Average Shares": NaN,
        "Basic Average Shares": NaN,
        "Diluted EPS": NaN,
        "Basic EPS": NaN,
        "Diluted NI Availto Com Stockholders": NaN,
        "Net Income Common Stockholders": NaN,
        "Net Income": NaN,
        "Minority Interests": NaN,
        "Net Income Including Noncontrolling Interests": NaN,
        "Net Income Continuous Operations": NaN,
        "Tax Provision": NaN,
        "Pretax Income": NaN,
        "Other Income Expense": NaN,
        "Other Non Operating Income Expenses": NaN,
        "Special Income Charges": 7000000.0,
        "Restructuring And Mergern Acquisition": -7000000.0,
        "Earnings From Equity Interest": -1000000.0,
        "Gain On Sale Of Security": 7000000.0,
        "Net Non Operating Interest Income Expense": NaN,
        "Interest Income Non Operating": NaN,
        "Operating Income": NaN,
        "Operating Expense": NaN,
        "Research And Development": NaN,
        "Selling General And Administration": NaN,
        "Gross Profit": NaN,
        "Cost Of Revenue": NaN,
        "Total Revenue": NaN,
        "Operating Revenue": NaN
    },
    "2023-12-31": {
        "Tax Effect Of Unusual Items": NaN,
        "Tax Rate For Calcs": NaN,
        "Normalized EBITDA": NaN,
        "Total Unusual Items": NaN,
        "Total Unusual Items Excluding Goodwill": NaN,
        "Net Income From Continuing Operation Net Minority Interest": NaN,
        "Reconciled Depreciation": NaN,
        "Reconciled Cost Of Revenue": NaN,
        "EBITDA": NaN,
        "EBIT": NaN,
        "Net Interest Income": NaN,
        "Interest Expense": 8000000.0,
        "Interest Income": NaN,
        "Normalized Income": NaN,
        "Net Income From Continuing And Discontinued Operation": NaN,
        "Total Expenses": NaN,
        "Total Operating Income As Reported": NaN,
        "Diluted Average Shares": NaN,
        "Basic Average Shares": NaN,
        "Diluted EPS": NaN,
        "Basic EPS": NaN,
        "Diluted NI Availto Com Stockholders": NaN,
        "Net Income Common Stockholders": NaN,
        "Net Income": NaN,
        "Minority Interests": NaN,
        "Net Income Including Noncontrolling Interests": NaN,
        "Net Income Continuous Operations": NaN,
        "Tax Provision": NaN,
        "Pretax Income": NaN,
        "Other Income Expense": NaN,
        "Other Non Operating Income Expenses": NaN,
        "Special Income Charges": NaN,
        "Restructuring And Mergern Acquisition": NaN,
        "Earnings From Equity Interest": NaN,
        "Gain On Sale Of Security": NaN,
        "Net Non Operating Interest Income Expense": NaN,
        "Interest Expense Non Operating": 8000000.0,
        "Interest Income Non Operating": NaN,
        "Operating Income": NaN,
        "Operating Expense": NaN,
        "Research And Development": NaN,
        "Selling General And Administration": NaN,
        "Gross Profit": NaN,
        "Cost Of Revenue": NaN,
        "Total Revenue": NaN,
        "Operating Revenue": NaN
    },
    "2023-09-30": {
        "Tax Effect Of Unusual Items": NaN,
        "Tax Rate For Calcs": NaN,
        "Normalized EBITDA": NaN,
        "Total Unusual Items": 136000000.0,
        "Total Unusual Items Excluding Goodwill": 136000000.0,
        "Net Income From Continuing Operation Net Minority Interest": NaN,
        "Reconciled Depreciation": NaN,
        "Reconciled Cost Of Revenue": NaN,
        "EBITDA": NaN,
        "EBIT": NaN,
        "Net Interest Income": NaN,
        "Interest Expense": 21000000.0,
        "Interest Income": NaN,
        "Normalized Income": NaN,
        "Net Income From Continuing And Discontinued Operation": NaN,
        "Total Expenses": NaN,
        "Total Operating Income As Reported": NaN,
        "Diluted Average Shares": NaN,
        "Basic Average Shares": NaN,
        "Diluted EPS": NaN,
        "Basic EPS": NaN,
        "Diluted NI Availto Com Stockholders": NaN,
        "Net Income Common Stockholders": NaN,
        "Net Income": NaN,
        "Minority Interests": NaN,
        "Net Income Including Noncontrolling Interests": NaN,
        "Net Income Continuous Operations": NaN,
        "Tax Provision": NaN,
        "Pretax Income": NaN,
        "Other Income Expense": NaN,
        "Other Non Operating Income Expenses": NaN,
        "Special Income Charges": 115000000.0,
        "Restructuring And Mergern Acquisition": -115000000.0,
        "Earnings From Equity Interest": -4000000.0,
        "Gain On Sale Of Security": 21000000.0,
        "Net Non Operating Interest Income Expense": NaN,
        "Interest Expense Non Operating": 21000000.0,
        "Interest Income Non Operating": NaN,
        "Operating Income": NaN,
        "Operating Expense": NaN,
        "Research And Development": NaN,
        "Selling General And Administration": NaN,
        "Gross Profit": NaN,
        "Cost Of Revenue": NaN,
        "Total Revenue": NaN,
        "Operating Revenue": NaN
    },
    "2024-12-31": {
        "Tax Effect Of Unusual Items": 0.0,
        "Tax Rate For Calcs": 0.21,
        "Normalized EBITDA": 861000000.0,
        "Total Unusual Items": NaN,
        "Total Unusual Items Excluding Goodwill": NaN,
        "Net Income From Continuing Operation Net Minority Interest": 484000000.0,
        "Reconciled Depreciation": 269000000.0,
        "Reconciled Cost Of Revenue": 8435000000.0,
        "EBITDA": 861000000.0,
        "EBIT": 592000000.0,
        "Net Interest Income": 104000000.0,
        "Interest Income": 104000000.0,
        "Normalized Income": 484000000.0,
        "Net Income From Continuing And Discontinued Operation": 484000000.0,
        "Total Expenses": 9966000000.0,
        "Total Operating Income As Reported": 593000000.0,
        "Diluted Average Shares": 280000000.0,
        "Basic Average Shares": 276000000.0,
        "Diluted EPS": 1.73,
        "Basic EPS": 1.75,
        "Diluted NI Availto Com Stockholders": 484000000.0,
        "Net Income Common Stockholders": 484000000.0,
        "Net Income": 484000000.0,
        "Minority Interests": 0.0,
        "Net Income Including Noncontrolling Interests": 484000000.0,
        "Net Income Continuous Operations": 484000000.0,
        "Tax Provision": 629000000.0,
        "Pretax Income": 1113000000.0,
        "Other Income Expense": 417000000.0,
        "Other Non Operating Income Expenses": -778000000.0,
        "Special Income Charges": NaN,
        "Restructuring And Mergern Acquisition": NaN,
        "Earnings From Equity Interest": NaN,
        "Gain On Sale Of Security": NaN,
        "Net Non Operating Interest Income Expense": 104000000.0,
        "Interest Income Non Operating": 104000000.0,
        "Operating Income": 592000000.0,
        "Operating Expense": 1531000000.0,
        "Research And Development": 265000000.0,
        "Selling General And Administration": 1266000000.0,
        "Gross Profit": 2123000000.0,
        "Cost Of Revenue": 8435000000.0,
        "Total Revenue": 10558000000.0,
        "Operating Revenue": 10558000000.0
    },
    "2025-03-31": {
        "Tax Effect Of Unusual Items": 4715000.0,
        "Tax Rate For Calcs": 0.205,
        "Normalized EBITDA": 225000000.0,
        "Total Unusual Items": 23000000.0,
        "Total Unusual Items Excluding Goodwill": 23000000.0,
        "Net Income From Continuing Operation Net Minority Interest": 254000000.0,
        "Reconciled Depreciation": 205000000.0,
        "Reconciled Cost Of Revenue": 6562000000.0,
        "EBITDA": 248000000.0,
        "EBIT": 43000000.0,
        "Net Interest Income": 72000000.0,
        "Interest Income": 72000000.0,
        "Normalized Income": 235715000.0,
        "Net Income From Continuing And Discontinued Operation": 254000000.0,
        "Total Expenses": 7989000000.0,
        "Total Operating Income As Reported": 43000000.0,
        "Diluted Average Shares": 279000000.0,
        "Basic Average Shares": 275000000.0,
        "Diluted EPS": 0.91,
        "Basic EPS": 0.92,
        "Diluted NI Availto Com Stockholders": 254000000.0,
        "Net Income Common Stockholders": 254000000.0,
        "Net Income": 254000000.0,
        "Minority Interests": -11000000.0,
        "Net Income Including Noncontrolling Interests": 264000000.0,
        "Net Income Continuous Operations": 264000000.0,
        "Tax Provision": 68000000.0,
        "Pretax Income": 332000000.0,
        "Other Income Expense": 218000000.0,
        "Other Non Operating Income Expenses": 135000000.0,
        "Special Income Charges": 21000000.0,
        "Restructuring And Mergern Acquisition": -21000000.0,
        "Earnings From Equity Interest": 60000000.0,
        "Gain On Sale Of Security": 2000000.0,
        "Net Non Operating Interest Income Expense": 72000000.0,
        "Interest Income Non Operating": 72000000.0,
        "Operating Income": 43000000.0,
        "Operating Expense": 1427000000.0,
        "Research And Development": 239000000.0,
        "Selling General And Administration": 1188000000.0,
        "Gross Profit": 1470000000.0,
        "Cost Of Revenue": 6562000000.0,
        "Total Revenue": 8032000000.0,
        "Operating Revenue": 8032000000.0
    },
    "2025-06-30": {
        "Tax Effect Of Unusual Items": 1896000.0,
        "Tax Rate For Calcs": 0.237,
        "Normalized EBITDA": 576000000.0,
        "Total Unusual Items": 8000000.0,
        "Total Unusual Items Excluding Goodwill": 8000000.0,
        "Net Income From Continuing Operation Net Minority Interest": 514000000.0,
        "Reconciled Depreciation": 205000000.0,
        "Reconciled Cost Of Revenue": 7265000000.0,
        "EBITDA": 584000000.0,
        "EBIT": 379000000.0,
        "Net Interest Income": 59000000.0,
        "Interest Income": 59000000.0,
        "Normalized Income": 507896000.0,
        "Net Income From Continuing And Discontinued Operation": 514000000.0,
        "Total Expenses": 8732000000.0,
        "Total Operating Income As Reported": 378000000.0,
        "Diluted Average Shares": 276000000.0,
        "Basic Average Shares": 272000000.0,
        "Diluted EPS": 1.86,
        "Basic EPS": 1.89,
        "Diluted NI Availto Com Stockholders": 514000000.0,
        "Net Income Common Stockholders": 514000000.0,
        "Net Income": 514000000.0,
        "Minority Interests": 22000000.0,
        "Net Income Including Noncontrolling Interests": 492000000.0,
        "Net Income Continuous Operations": 492000000.0,
        "Tax Provision": 153000000.0,
        "Pretax Income": 645000000.0,
        "Other Income Expense": 208000000.0,
        "Other Non Operating Income Expenses": 133000000.0,
        "Special Income Charges": 1000000.0,
        "Restructuring And Mergern Acquisition": -1000000.0,
        "Earnings From Equity Interest": 67000000.0,
        "Gain On Sale Of Security": 7000000.0,
        "Net Non Operating Interest Income Expense": 59000000.0,
        "Interest Income Non Operating": 59000000.0,
        "Operating Income": 379000000.0,
        "Operating Expense": 1467000000.0,
        "Research And Development": 282000000.0,
        "Selling General And Administration": 1185000000.0,
        "Gross Profit": 1846000000.0,
        "Cost Of Revenue": 7265000000.0,
        "Total Revenue": 9111000000.0,
        "Operating Revenue": 9111000000.0
    },
    "2025-09-30": {
        "Tax Effect Of Unusual Items": 10584000.0,
        "Tax Rate For Calcs": 0.392,
        "Normalized EBITDA": 553000000.0,
        "Total Unusual Items": 27000000.0,
        "Total Unusual Items Excluding Goodwill": 27000000.0,
        "Net Income From Continuing Operation Net Minority Interest": 452000000.0,
        "Reconciled Depreciation": 213000000.0,
        "Reconciled Cost Of Revenue": 8071000000.0,
        "EBITDA": 580000000.0,
        "EBIT": 367000000.0,
        "Net Interest Income": 135000000.0,
        "Interest Income": 135000000.0,
        "Normalized Income": 435584000.0,
        "Net Income From Continuing And Discontinued Operation": 452000000.0,
        "Total Expenses": 9602000000.0,
        "Total Operating Income As Reported": 366000000.0,
        "Diluted Average Shares": 275000000.0,
        "Basic Average Shares": 272000000.0,
        "Diluted EPS": 1.64,
        "Basic EPS": 1.66,
        "Diluted NI Availto Com Stockholders": 452000000.0,
        "Net Income Common Stockholders": 452000000.0,
        "Net Income": 452000000.0,
        "Minority Interests": -1000000.0,
        "Net Income Including Noncontrolling Interests": 453000000.0,
        "Net Income Continuous Operations": 453000000.0,
        "Tax Provision": 293000000.0,
        "Pretax Income": 746000000.0,
        "Other Income Expense": 245000000.0,
        "Other Non Operating Income Expenses": 140000000.0,
        "Special Income Charges": 44000000.0,
        "Restructuring And Mergern Acquisition": -44000000.0,
        "Earnings From Equity Interest": 78000000.0,
        "Gain On Sale Of Security": -17000000.0,
        "Net Non Operating Interest Income Expense": 135000000.0,
        "Interest Income Non Operating": 135000000.0,
        "Operating Income": 367000000.0,
        "Operating Expense": 1531000000.0,
        "Research And Development": 310000000.0,
        "Selling General And Administration": 1221000000.0,
        "Gross Profit": 1898000000.0,
        "Cost Of Revenue": 8071000000.0,
        "Total Revenue": 9969000000.0,
        "Operating Revenue": 9969000000.0
    },
    "2025-12-31": {
        "Tax Effect Of Unusual Items": 23730000.0,
        "Tax Rate For Calcs": 0.21,
        "Normalized EBITDA": 719000000.0,
        "Total Unusual Items": 113000000.0,
        "Total Unusual Items Excluding Goodwill": 113000000.0,
        "Net Income From Continuing Operation Net Minority Interest": 3664000000.0,
        "Reconciled Depreciation": 230000000.0,
        "Reconciled Cost Of Revenue": 8634000000.0,
        "EBITDA": 832000000.0,
        "EBIT": 602000000.0,
        "Net Interest Income": 189000000.0,
        "Interest Income": 189000000.0,
        "Normalized Income": 3574730000.0,
        "Net Income From Continuing And Discontinued Operation": 3664000000.0,
        "Total Expenses": 10354000000.0,
        "Total Operating Income As Reported": 601000000.0,
        "Diluted Average Shares": 274000000.0,
        "Basic Average Shares": 270000000.0,
        "Diluted EPS": 13.39,
        "Basic EPS": 13.56,
        "Diluted NI Availto Com Stockholders": 3664000000.0,
        "Net Income Common Stockholders": 3664000000.0,
        "Net Income": 3664000000.0,
        "Minority Interests": -7000000.0,
        "Net Income Including Noncontrolling Interests": 3670000000.0,
        "Net Income Continuous Operations": 3670000000.0,
        "Tax Provision": -2565000000.0,
        "Pretax Income": 1105000000.0,
        "Other Income Expense": 313000000.0,
        "Other Non Operating Income Expenses": 136000000.0,
        "Special Income Charges": 119000000.0,
        "Restructuring And Mergern Acquisition": -119000000.0,
        "Earnings From Equity Interest": 64000000.0,
        "Gain On Sale Of Security": -6000000.0,
        "Net Non Operating Interest Income Expense": 189000000.0,
        "Interest Income Non Operating": 189000000.0,
        "Operating Income": 602000000.0,
        "Operating Expense": 1720000000.0,
        "Research And Development": 365000000.0,
        "Selling General And Administration": 1355000000.0,
        "Gross Profit": 2322000000.0,
        "Cost Of Revenue": 8634000000.0,
        "Total Revenue": 10956000000.0,
        "Operating Revenue": 10956000000.0
    }
}