{
    "2023-03-31": {
        "Tax Effect Of Unusual Items": NaN,
        "Tax Rate For Calcs": NaN,
        "Normalized EBITDA": NaN,
        "Total Unusual Items": 3067000.0,
        "Total Unusual Items Excluding Goodwill": 3067000.0,
        "Net Income From Continuing Operation Net Minority Interest": NaN,
        "Reconciled Depreciation": NaN,
        "Reconciled Cost Of Revenue": NaN,
        "EBITDA": NaN,
        "EBIT": NaN,
        "Net Interest Income": NaN,
        "Interest Expense": NaN,
        "Interest Income": NaN,
        "Normalized Income": NaN,
        "Net Income From Continuing And Discontinued Operation": NaN,
        "Total Expenses": NaN,
        "Total Operating Income As Reported": NaN,
        "Diluted Average Shares": NaN,
        "Basic Average Shares": NaN,
        "Diluted EPS": NaN,
        "Basic EPS": NaN,
        "Diluted NI Availto Com Stockholders": NaN,
        "Net Income Common Stockholders": NaN,
        "Net Income": NaN,
        "Net Income Including Noncontrolling Interests": NaN,
        "Net Income Continuous Operations": NaN,
        "Pretax Income": NaN,
        "Other Income Expense": NaN,
        "Other Non Operating Income Expenses": NaN,
        "Special Income Charges": NaN,
        "Impairment Of Capital Assets": NaN,
        "Gain On Sale Of Security": 3067000.0,
        "Net Non Operating Interest Income Expense": NaN,
        "Interest Expense Non Operating": NaN,
        "Interest Income Non Operating": NaN,
        "Operating Income": NaN,
        "Operating Expense": NaN,
        "Other Operating Expenses": NaN,
        "Depreciation Amortization Depletion Income Statement": NaN,
        "Depreciation And Amortization In Income Statement": NaN,
        "Research And Development": NaN,
        "Selling General And Administration": NaN,
        "General And Administrative Expense": NaN,
        "Other Gand A": NaN,
        "Gross Profit": NaN,
        "Cost Of Revenue": NaN,
        "Total Revenue": NaN,
        "Operating Revenue": NaN
    },
    "2022-12-31": {
        "Tax Effect Of Unusual Items": NaN,
        "Tax Rate For Calcs": NaN,
        "Normalized EBITDA": NaN,
        "Total Unusual Items": 1324000.0,
        "Total Unusual Items Excluding Goodwill": 1324000.0,
        "Net Income From Continuing Operation Net Minority Interest": NaN,
        "Reconciled Depreciation": NaN,
        "Reconciled Cost Of Revenue": NaN,
        "EBITDA": NaN,
        "EBIT": NaN,
        "Net Interest Income": NaN,
        "Interest Expense": NaN,
        "Interest Income": NaN,
        "Normalized Income": NaN,
        "Net Income From Continuing And Discontinued Operation": NaN,
        "Total Expenses": NaN,
        "Total Operating Income As Reported": NaN,
        "Diluted Average Shares": NaN,
        "Basic Average Shares": NaN,
        "Diluted EPS": NaN,
        "Basic EPS": NaN,
        "Diluted NI Availto Com Stockholders": NaN,
        "Net Income Common Stockholders": NaN,
        "Net Income": NaN,
        "Net Income Including Noncontrolling Interests": NaN,
        "Net Income Continuous Operations": NaN,
        "Pretax Income": NaN,
        "Other Income Expense": NaN,
        "Other Non Operating Income Expenses": NaN,
        "Special Income Charges": -499000.0,
        "Gain On Sale Of Ppe": -499000.0,
        "Impairment Of Capital Assets": 0.0,
        "Gain On Sale Of Security": 1823000.0,
        "Net Non Operating Interest Income Expense": NaN,
        "Interest Expense Non Operating": NaN,
        "Interest Income Non Operating": NaN,
        "Operating Income": NaN,
        "Operating Expense": NaN,
        "Other Operating Expenses": NaN,
        "Depreciation Amortization Depletion Income Statement": NaN,
        "Depreciation And Amortization In Income Statement": NaN,
        "Research And Development": NaN,
        "Selling General And Administration": NaN,
        "General And Administrative Expense": NaN,
        "Other Gand A": NaN,
        "Gross Profit": NaN,
        "Cost Of Revenue": NaN,
        "Total Revenue": NaN,
        "Operating Revenue": NaN
    },
    "2022-09-30": {
        "Tax Effect Of Unusual Items": NaN,
        "Tax Rate For Calcs": NaN,
        "Normalized EBITDA": NaN,
        "Total Unusual Items": -24749000.0,
        "Total Unusual Items Excluding Goodwill": -24749000.0,
        "Net Income From Continuing Operation Net Minority Interest": NaN,
        "Reconciled Depreciation": NaN,
        "Reconciled Cost Of Revenue": NaN,
        "EBITDA": NaN,
        "EBIT": NaN,
        "Net Interest Income": NaN,
        "Interest Expense": NaN,
        "Interest Income": NaN,
        "Normalized Income": NaN,
        "Net Income From Continuing And Discontinued Operation": NaN,
        "Total Expenses": NaN,
        "Total Operating Income As Reported": NaN,
        "Diluted Average Shares": NaN,
        "Basic Average Shares": NaN,
        "Diluted EPS": NaN,
        "Basic EPS": NaN,
        "Diluted NI Availto Com Stockholders": NaN,
        "Net Income Common Stockholders": NaN,
        "Net Income": NaN,
        "Net Income Including Noncontrolling Interests": NaN,
        "Net Income Continuous Operations": NaN,
        "Pretax Income": NaN,
        "Other Income Expense": NaN,
        "Other Non Operating Income Expenses": NaN,
        "Special Income Charges": -24749000.0,
        "Gain On Sale Of Ppe": 0.0,
        "Impairment Of Capital Assets": 24749000.0,
        "Gain On Sale Of Security": 874000.0,
        "Net Non Operating Interest Income Expense": NaN,
        "Interest Expense Non Operating": NaN,
        "Interest Income Non Operating": NaN,
        "Operating Income": NaN,
        "Operating Expense": NaN,
        "Other Operating Expenses": NaN,
        "Depreciation Amortization Depletion Income Statement": NaN,
        "Depreciation And Amortization In Income Statement": NaN,
        "Research And Development": NaN,
        "Selling General And Administration": NaN,
        "General And Administrative Expense": NaN,
        "Other Gand A": NaN,
        "Gross Profit": NaN,
        "Cost Of Revenue": NaN,
        "Total Revenue": NaN,
        "Operating Revenue": NaN
    },
    "2022-06-30": {
        "Tax Effect Of Unusual Items": 0.0,
        "Tax Rate For Calcs": 0.0,
        "Normalized EBITDA": -11763000.0,
        "Total Unusual Items": 78000.0,
        "Total Unusual Items Excluding Goodwill": 78000.0,
        "Net Income From Continuing Operation Net Minority Interest": -13161000.0,
        "Reconciled Depreciation": 1474000.0,
        "Reconciled Cost Of Revenue": 2640000.0,
        "EBITDA": -11685000.0,
        "EBIT": -13159000.0,
        "Net Interest Income": -2000.0,
        "Interest Expense": 2000.0,
        "Interest Income": NaN,
        "Normalized Income": -13239000.0,
        "Net Income From Continuing And Discontinued Operation": -13161000.0,
        "Total Expenses": 16204000.0,
        "Total Operating Income As Reported": -16115000.0,
        "Diluted Average Shares": 209809994.0,
        "Basic Average Shares": 209809994.0,
        "Diluted EPS": -0.06,
        "Basic EPS": -0.06,
        "Diluted NI Availto Com Stockholders": -13161000.0,
        "Net Income Common Stockholders": -13161000.0,
        "Net Income": -13161000.0,
        "Net Income Including Noncontrolling Interests": -13161000.0,
        "Net Income Continuous Operations": -13161000.0,
        "Pretax Income": -13161000.0,
        "Other Income Expense": 2956000.0,
        "Other Non Operating Income Expenses": 2878000.0,
        "Special Income Charges": 0.0,
        "Gain On Sale Of Ppe": 0.0,
        "Impairment Of Capital Assets": NaN,
        "Gain On Sale Of Security": 78000.0,
        "Net Non Operating Interest Income Expense": -2000.0,
        "Interest Expense Non Operating": 2000.0,
        "Interest Income Non Operating": NaN,
        "Operating Income": -16115000.0,
        "Operating Expense": 12476000.0,
        "Other Operating Expenses": 915000.0,
        "Depreciation Amortization Depletion Income Statement": 386000.0,
        "Depreciation And Amortization In Income Statement": 386000.0,
        "Research And Development": 1966000.0,
        "Selling General And Administration": 9209000.0,
        "General And Administrative Expense": NaN,
        "Other Gand A": NaN,
        "Gross Profit": -3639000.0,
        "Cost Of Revenue": 3728000.0,
        "Total Revenue": 89000.0,
        "Operating Revenue": 89000.0
    },
    "2022-03-31": {
        "Diluted EPS": -0.08,
        "Total Revenue": 0,
        "Gross Profit": -4,
        "Operating Income": -16,
        "EBIT": -13,
        "Net Income": -16
    },
    "2021-12-31": {
        "Diluted EPS": -0.09,
        "Total Revenue": 0,
        "Gross Profit": 1,
        "Operating Income": -17,
        "EBIT": -10,
        "Net Income": -17
    },
    "2021-09-30": {
        "Diluted EPS": -0.07,
        "Total Revenue": 0,
        "Gross Profit": -3,
        "Operating Income": -15,
        "EBIT": -14,
        "Net Income": -14
    },
    "2021-06-30": {
        "Diluted EPS": -0.09,
        "Total Revenue": 0,
        "Gross Profit": -2,
        "Operating Income": -19,
        "EBIT": -18,
        "Net Income": -18
    },
    "2021-03-31": {
        "Diluted EPS": -0.05,
        "Total Revenue": 0,
        "Gross Profit": -2,
        "Operating Income": -10,
        "EBIT": -9,
        "Net Income": -10
    },
    "2020-12-31": {
        "Diluted EPS": 0.42,
        "Total Revenue": 1,
        "Gross Profit": -1,
        "Operating Income": -8,
        "EBIT": -6,
        "Net Income": -18
    },
    "2020-09-30": {
        "Diluted EPS": -0.09,
        "Total Revenue": 0,
        "Gross Profit": -2,
        "Operating Income": -6,
        "EBIT": -5,
        "Net Income": -7
    },
    "2020-06-30": {
        "Diluted EPS": -0.4,
        "Total Revenue": 1,
        "Gross Profit": -2,
        "Operating Income": -5,
        "EBIT": -4,
        "Net Income": -6
    },
    "2020-03-31": {
        "Diluted EPS": -0.64,
        "Total Revenue": 4,
        "Gross Profit": -4,
        "Operating Income": -8,
        "EBIT": -6,
        "Net Income": -9
    },
    "2019-12-31": {
        "Diluted EPS": -0.49,
        "Total Revenue": 7,
        "Gross Profit": -3,
        "Operating Income": -6,
        "EBIT": -4,
        "Net Income": -7
    },
    "2019-09-30": {
        "Diluted EPS": -0.66,
        "Total Revenue": 6,
        "Gross Profit": -4,
        "Operating Income": -8,
        "EBIT": -6,
        "Net Income": -9
    },
    "2019-06-30": {
        "Diluted EPS": -0.6,
        "Total Revenue": 5,
        "Gross Profit": -3,
        "Operating Income": -6,
        "EBIT": -5,
        "Net Income": -7
    },
    "2019-03-31": {
        "Diluted EPS": -0.6,
        "Total Revenue": 6,
        "Gross Profit": -3,
        "Operating Income": -6,
        "EBIT": -4,
        "Net Income": -6
    },
    "2018-12-31": {
        "Diluted EPS": 4.52,
        "Total Revenue": 7,
        "Gross Profit": -3,
        "Operating Income": -7,
        "EBIT": -5,
        "Net Income": -7
    },
    "2018-09-30": {
        "Diluted EPS": -0.85,
        "Total Revenue": 9,
        "Gross Profit": -2,
        "Operating Income": -6,
        "EBIT": -4,
        "Net Income": -7
    },
    "2018-06-30": {
        "Diluted EPS": -7.19,
        "Total Revenue": 9,
        "Gross Profit": -1,
        "Operating Income": -4,
        "EBIT": -3,
        "Net Income": -11
    },
    "2018-03-31": {
        "Diluted EPS": -2.22,
        "Total Revenue": 8,
        "Gross Profit": -2,
        "Operating Income": -5,
        "EBIT": -3,
        "Net Income": -3
    },
    "2017-12-31": {
        "Diluted EPS": -1.78,
        "Total Revenue": 7,
        "Gross Profit": -3,
        "Operating Income": -5,
        "EBIT": -3,
        "Net Income": -4
    },
    "2017-09-30": {
        "Diluted EPS": -5.03,
        "Total Revenue": 8,
        "Gross Profit": -2,
        "Operating Income": -5,
        "EBIT": -3,
        "Net Income": -4
    },
    "2017-06-30": {
        "Diluted EPS": -13.22,
        "Total Revenue": 8,
        "Gross Profit": -2,
        "Operating Income": -6,
        "EBIT": -5,
        "Net Income": -10
    },
    "2017-03-31": {
        "Diluted EPS": -10.2,
        "Total Revenue": 6,
        "Gross Profit": -4,
        "Operating Income": -7,
        "EBIT": -6,
        "Net Income": -6
    },
    "2016-12-31": {
        "Diluted EPS": 84.88,
        "Total Revenue": 6,
        "Gross Profit": -2,
        "Operating Income": -6,
        "EBIT": -5,
        "Net Income": -2
    },
    "2016-09-30": {
        "Diluted EPS": -40.8,
        "Total Revenue": 7,
        "Gross Profit": -3,
        "Operating Income": -6,
        "EBIT": -4,
        "Net Income": -10
    },
    "2016-06-30": {
        "Diluted EPS": -175.0,
        "Total Revenue": 8,
        "Gross Profit": -2,
        "Operating Income": -5,
        "EBIT": -4,
        "Net Income": -21
    },
    "2016-03-31": {
        "Diluted EPS": -62.6,
        "Total Revenue": 6,
        "Gross Profit": -3,
        "Operating Income": -6,
        "EBIT": -4,
        "Net Income": -4
    },
    "2015-12-31": {
        "Diluted EPS": -84.2,
        "Total Revenue": 7,
        "Gross Profit": -2,
        "Operating Income": -7,
        "EBIT": -5,
        "Net Income": -8
    },
    "2015-09-30": {
        "Diluted EPS": -156.0,
        "Total Revenue": 8,
        "Gross Profit": -3,
        "Operating Income": -9,
        "EBIT": -8,
        "Net Income": -7
    },
    "2015-06-30": {
        "Diluted EPS": -440.0,
        "Total Revenue": 9,
        "Gross Profit": -1,
        "Operating Income": -7,
        "EBIT": -5,
        "Net Income": -14
    },
    "2015-03-31": {
        "Diluted EPS": -352.0,
        "Total Revenue": 6,
        "Gross Profit": -3,
        "Operating Income": -10,
        "EBIT": -8,
        "Net Income": -7
    },
    "2014-12-31": {
        "Diluted EPS": -660.66,
        "Total Revenue": 10,
        "Gross Profit": -1,
        "Operating Income": -9,
        "EBIT": -7,
        "Net Income": -11
    },
    "2014-09-30": {
        "Diluted EPS": -4.0,
        "Total Revenue": 10,
        "Gross Profit": -2,
        "Operating Income": -9,
        "EBIT": -7,
        "Net Income": -1
    },
    "2014-06-30": {
        "Diluted EPS": NaN,
        "Total Revenue": 8,
        "Gross Profit": -1,
        "Operating Income": -9,
        "EBIT": -8,
        "Net Income": -17
    },
    "2014-03-31": {
        "Diluted EPS": NaN,
        "Total Revenue": 1,
        "Gross Profit": -4,
        "Operating Income": -13,
        "EBIT": -12,
        "Net Income": -12
    },
    "2013-12-31": {
        "Diluted EPS": NaN,
        "Total Revenue": 2,
        "Gross Profit": -3,
        "Operating Income": -13,
        "EBIT": -12,
        "Net Income": -17
    },
    "2013-09-30": {
        "Diluted EPS": NaN,
        "Total Revenue": 1,
        "Gross Profit": -4,
        "Operating Income": -16,
        "EBIT": -15,
        "Net Income": -16
    },
    "2013-06-30": {
        "Diluted EPS": NaN,
        "Total Revenue": 2,
        "Gross Profit": -2,
        "Operating Income": -14,
        "EBIT": -13,
        "Net Income": -15
    },
    "2013-03-31": {
        "Diluted EPS": NaN,
        "Total Revenue": 4,
        "Gross Profit": -1,
        "Operating Income": -13,
        "EBIT": -12,
        "Net Income": -18
    },
    "2012-12-31": {
        "Diluted EPS": NaN,
        "Total Revenue": 2,
        "Gross Profit": -1,
        "Operating Income": -13,
        "EBIT": -12,
        "Net Income": -13
    },
    "2012-09-30": {
        "Diluted EPS": NaN,
        "Total Revenue": 1,
        "Gross Profit": -6,
        "Operating Income": -24,
        "EBIT": -24,
        "Net Income": -12
    },
    "2012-06-30": {
        "Diluted EPS": NaN,
        "Total Revenue": 7,
        "Gross Profit": -1,
        "Operating Income": -16,
        "EBIT": -15,
        "Net Income": -16
    },
    "2012-03-31": {
        "Diluted EPS": NaN,
        "Total Revenue": 15,
        "Gross Profit": 0,
        "Operating Income": -18,
        "EBIT": -17,
        "Net Income": -19
    },
    "2011-12-31": {
        "Diluted EPS": NaN,
        "Total Revenue": 17,
        "Gross Profit": 2,
        "Operating Income": -13,
        "EBIT": -12,
        "Net Income": -14
    },
    "2011-09-30": {
        "Diluted EPS": NaN,
        "Total Revenue": 18,
        "Gross Profit": 1,
        "Operating Income": -12,
        "EBIT": -10,
        "Net Income": -12
    },
    "2011-06-30": {
        "Diluted EPS": NaN,
        "Total Revenue": 15,
        "Gross Profit": 1,
        "Operating Income": -12,
        "EBIT": -10,
        "Net Income": -12
    },
    "2011-03-31": {
        "Diluted EPS": NaN,
        "Total Revenue": 15,
        "Gross Profit": 0,
        "Operating Income": -8,
        "EBIT": -7,
        "Net Income": -10
    },
    "2010-12-31": {
        "Diluted EPS": NaN,
        "Total Revenue": 14,
        "Gross Profit": 2,
        "Operating Income": -6,
        "EBIT": -5,
        "Net Income": -7
    },
    "2010-09-30": {
        "Diluted EPS": NaN,
        "Total Revenue": 1,
        "Gross Profit": 1,
        "Operating Income": -15,
        "EBIT": -14,
        "Net Income": -18
    },
    "2010-06-30": {
        "Diluted EPS": NaN,
        "Total Revenue": 0,
        "Gross Profit": 0,
        "Operating Income": -8,
        "EBIT": -7,
        "Net Income": -9
    },
    "2010-03-31": {
        "Diluted EPS": NaN,
        "Total Revenue": 0,
        "Gross Profit": 0,
        "Operating Income": -7,
        "EBIT": -6,
        "Net Income": -8
    },
    "2009-12-31": {
        "Diluted EPS": 0.0,
        "Total Revenue": NaN,
        "Gross Profit": NaN,
        "Operating Income": NaN,
        "EBIT": NaN,
        "Net Income": NaN
    },
    "2023-06-30": {
        "Tax Effect Of Unusual Items": NaN,
        "Tax Rate For Calcs": NaN,
        "Normalized EBITDA": NaN,
        "Total Unusual Items": NaN,
        "Total Unusual Items Excluding Goodwill": NaN,
        "Net Income From Continuing Operation Net Minority Interest": NaN,
        "Reconciled Depreciation": NaN,
        "Reconciled Cost Of Revenue": NaN,
        "EBITDA": NaN,
        "EBIT": NaN,
        "Net Interest Income": NaN,
        "Interest Expense": NaN,
        "Interest Income": NaN,
        "Normalized Income": NaN,
        "Net Income From Continuing And Discontinued Operation": NaN,
        "Total Expenses": NaN,
        "Total Operating Income As Reported": NaN,
        "Diluted Average Shares": 237417618.0,
        "Basic Average Shares": 237417618.0,
        "Diluted EPS": -0.06,
        "Basic EPS": -0.06,
        "Diluted NI Availto Com Stockholders": NaN,
        "Net Income Common Stockholders": NaN,
        "Net Income": NaN,
        "Net Income Including Noncontrolling Interests": NaN,
        "Net Income Continuous Operations": NaN,
        "Pretax Income": NaN,
        "Other Income Expense": NaN,
        "Other Non Operating Income Expenses": NaN,
        "Special Income Charges": NaN,
        "Impairment Of Capital Assets": NaN,
        "Net Non Operating Interest Income Expense": NaN,
        "Interest Expense Non Operating": NaN,
        "Interest Income Non Operating": NaN,
        "Operating Income": NaN,
        "Operating Expense": NaN,
        "Other Operating Expenses": NaN,
        "Depreciation Amortization Depletion Income Statement": NaN,
        "Depreciation And Amortization In Income Statement": NaN,
        "Research And Development": NaN,
        "Selling General And Administration": NaN,
        "General And Administrative Expense": NaN,
        "Other Gand A": NaN,
        "Gross Profit": NaN,
        "Cost Of Revenue": NaN,
        "Total Revenue": NaN,
        "Operating Revenue": NaN
    },
    "2023-09-30": {
        "Tax Effect Of Unusual Items": NaN,
        "Tax Rate For Calcs": NaN,
        "Normalized EBITDA": NaN,
        "Total Unusual Items": 0.0,
        "Total Unusual Items Excluding Goodwill": 0.0,
        "Net Income From Continuing Operation Net Minority Interest": NaN,
        "Reconciled Depreciation": NaN,
        "Reconciled Cost Of Revenue": NaN,
        "EBITDA": NaN,
        "EBIT": NaN,
        "Net Interest Income": NaN,
        "Interest Expense": NaN,
        "Interest Income": NaN,
        "Normalized Income": NaN,
        "Net Income From Continuing And Discontinued Operation": NaN,
        "Total Expenses": NaN,
        "Total Operating Income As Reported": NaN,
        "Diluted Average Shares": 239537811.0,
        "Basic Average Shares": 239537811.0,
        "Diluted EPS": -0.07,
        "Basic EPS": -0.07,
        "Diluted NI Availto Com Stockholders": NaN,
        "Net Income Common Stockholders": NaN,
        "Net Income": NaN,
        "Minority Interests": NaN,
        "Net Income Including Noncontrolling Interests": NaN,
        "Net Income Continuous Operations": NaN,
        "Pretax Income": NaN,
        "Other Income Expense": NaN,
        "Other Non Operating Income Expenses": NaN,
        "Special Income Charges": 0.0,
        "Impairment Of Capital Assets": 0.0,
        "Restructuring And Mergern Acquisition": NaN,
        "Net Non Operating Interest Income Expense": NaN,
        "Interest Expense Non Operating": NaN,
        "Interest Income Non Operating": NaN,
        "Operating Income": NaN,
        "Operating Expense": NaN,
        "Other Operating Expenses": NaN,
        "Depreciation Amortization Depletion Income Statement": NaN,
        "Depreciation And Amortization In Income Statement": NaN,
        "Research And Development": NaN,
        "Selling General And Administration": NaN,
        "General And Administrative Expense": NaN,
        "Other Gand A": NaN,
        "Gross Profit": NaN,
        "Cost Of Revenue": NaN,
        "Total Revenue": NaN,
        "Operating Revenue": NaN
    },
    "2023-12-31": {
        "Tax Effect Of Unusual Items": NaN,
        "Tax Rate For Calcs": NaN,
        "Normalized EBITDA": NaN,
        "Total Unusual Items": 0.0,
        "Total Unusual Items Excluding Goodwill": 0.0,
        "Net Income From Continuing Operation Net Minority Interest": NaN,
        "Reconciled Depreciation": NaN,
        "Reconciled Cost Of Revenue": NaN,
        "EBITDA": NaN,
        "EBIT": NaN,
        "Net Interest Income": NaN,
        "Interest Expense": NaN,
        "Interest Income": NaN,
        "Normalized Income": NaN,
        "Net Income From Continuing And Discontinued Operation": NaN,
        "Total Expenses": NaN,
        "Total Operating Income As Reported": NaN,
        "Diluted Average Shares": NaN,
        "Basic Average Shares": NaN,
        "Diluted EPS": NaN,
        "Basic EPS": NaN,
        "Diluted NI Availto Com Stockholders": NaN,
        "Net Income Common Stockholders": NaN,
        "Net Income": NaN,
        "Minority Interests": NaN,
        "Net Income Including Noncontrolling Interests": NaN,
        "Net Income Continuous Operations": NaN,
        "Pretax Income": NaN,
        "Other Income Expense": NaN,
        "Other Non Operating Income Expenses": NaN,
        "Special Income Charges": 0.0,
        "Impairment Of Capital Assets": 0.0,
        "Restructuring And Mergern Acquisition": NaN,
        "Net Non Operating Interest Income Expense": NaN,
        "Interest Expense Non Operating": NaN,
        "Interest Income Non Operating": NaN,
        "Operating Income": NaN,
        "Operating Expense": NaN,
        "Other Operating Expenses": NaN,
        "Depreciation Amortization Depletion Income Statement": NaN,
        "Depreciation And Amortization In Income Statement": NaN,
        "Research And Development": NaN,
        "Selling General And Administration": NaN,
        "General And Administrative Expense": NaN,
        "Other Gand A": NaN,
        "Gross Profit": NaN,
        "Cost Of Revenue": NaN,
        "Total Revenue": NaN,
        "Operating Revenue": NaN
    },
    "2024-03-31": {
        "Tax Effect Of Unusual Items": NaN,
        "Tax Rate For Calcs": NaN,
        "Normalized EBITDA": NaN,
        "Total Unusual Items": 0.0,
        "Total Unusual Items Excluding Goodwill": 0.0,
        "Net Income From Continuing Operation Net Minority Interest": NaN,
        "Reconciled Depreciation": NaN,
        "Reconciled Cost Of Revenue": NaN,
        "EBITDA": NaN,
        "EBIT": NaN,
        "Net Interest Income": NaN,
        "Interest Expense": NaN,
        "Interest Income": NaN,
        "Normalized Income": NaN,
        "Net Income From Continuing And Discontinued Operation": NaN,
        "Total Expenses": NaN,
        "Total Operating Income As Reported": NaN,
        "Diluted Average Shares": 240844334.0,
        "Basic Average Shares": 240844334.0,
        "Diluted EPS": -0.08,
        "Basic EPS": -0.08,
        "Diluted NI Availto Com Stockholders": NaN,
        "Net Income Common Stockholders": NaN,
        "Net Income": NaN,
        "Minority Interests": 0.0,
        "Net Income Including Noncontrolling Interests": NaN,
        "Net Income Continuous Operations": NaN,
        "Pretax Income": NaN,
        "Other Income Expense": NaN,
        "Other Non Operating Income Expenses": NaN,
        "Special Income Charges": 0.0,
        "Impairment Of Capital Assets": NaN,
        "Restructuring And Mergern Acquisition": 0.0,
        "Net Non Operating Interest Income Expense": NaN,
        "Interest Expense Non Operating": NaN,
        "Interest Income Non Operating": NaN,
        "Operating Income": NaN,
        "Operating Expense": NaN,
        "Other Operating Expenses": NaN,
        "Depreciation Amortization Depletion Income Statement": NaN,
        "Depreciation And Amortization In Income Statement": NaN,
        "Research And Development": NaN,
        "Selling General And Administration": NaN,
        "General And Administrative Expense": NaN,
        "Other Gand A": NaN,
        "Gross Profit": NaN,
        "Cost Of Revenue": NaN,
        "Total Revenue": NaN,
        "Operating Revenue": NaN
    },
    "2024-06-30": {
        "Tax Effect Of Unusual Items": 0.0,
        "Tax Rate For Calcs": 0.0,
        "Normalized EBITDA": -15612000.0,
        "Total Unusual Items": 0.0,
        "Total Unusual Items Excluding Goodwill": 0.0,
        "Net Income From Continuing Operation Net Minority Interest": -21002000.0,
        "Reconciled Depreciation": 4277000.0,
        "Reconciled Cost Of Revenue": 3423000.0,
        "EBITDA": -15612000.0,
        "EBIT": -19889000.0,
        "Net Interest Income": 3030000.0,
        "Interest Expense": 1113000.0,
        "Interest Income": 4143000.0,
        "Normalized Income": -21002000.0,
        "Net Income From Continuing And Discontinued Operation": -21002000.0,
        "Total Expenses": 29289000.0,
        "Total Operating Income As Reported": -24029000.0,
        "Diluted Average Shares": 239014435.0,
        "Basic Average Shares": 239014435.0,
        "Diluted EPS": -0.09,
        "Basic EPS": -0.09,
        "Diluted NI Availto Com Stockholders": -21002000.0,
        "Net Income Common Stockholders": -21002000.0,
        "Net Income": -21002000.0,
        "Minority Interests": 0.0,
        "Net Income Including Noncontrolling Interests": -21002000.0,
        "Net Income Continuous Operations": -21002000.0,
        "Pretax Income": -21002000.0,
        "Other Income Expense": -3000.0,
        "Other Non Operating Income Expenses": -3000.0,
        "Special Income Charges": 0.0,
        "Impairment Of Capital Assets": NaN,
        "Restructuring And Mergern Acquisition": 0.0,
        "Net Non Operating Interest Income Expense": 3030000.0,
        "Interest Expense Non Operating": 1113000.0,
        "Interest Income Non Operating": 4143000.0,
        "Operating Income": -24029000.0,
        "Operating Expense": 25866000.0,
        "Other Operating Expenses": 699000.0,
        "Depreciation Amortization Depletion Income Statement": 4277000.0,
        "Depreciation And Amortization In Income Statement": 4277000.0,
        "Research And Development": 9377000.0,
        "Selling General And Administration": 11513000.0,
        "General And Administrative Expense": 11513000.0,
        "Other Gand A": 11513000.0,
        "Gross Profit": 1837000.0,
        "Cost Of Revenue": 3423000.0,
        "Total Revenue": 5260000.0,
        "Operating Revenue": 5260000.0
    },
    "2024-09-30": {
        "Tax Effect Of Unusual Items": 0.0,
        "Tax Rate For Calcs": 0.0,
        "Normalized EBITDA": -16555000.0,
        "Total Unusual Items": NaN,
        "Total Unusual Items Excluding Goodwill": NaN,
        "Net Income From Continuing Operation Net Minority Interest": -21156000.0,
        "Reconciled Depreciation": 3494000.0,
        "Reconciled Cost Of Revenue": 2544000.0,
        "EBITDA": -16555000.0,
        "EBIT": -20049000.0,
        "Net Interest Income": 2736000.0,
        "Interest Expense": 1107000.0,
        "Interest Income": 3843000.0,
        "Normalized Income": -21156000.0,
        "Net Income From Continuing And Discontinued Operation": -21156000.0,
        "Total Expenses": 25973000.0,
        "Total Operating Income As Reported": -24008000.0,
        "Diluted Average Shares": 239445900.0,
        "Basic Average Shares": 239445900.0,
        "Diluted EPS": -0.09,
        "Basic EPS": -0.09,
        "Diluted NI Availto Com Stockholders": -21156000.0,
        "Net Income Common Stockholders": -21156000.0,
        "Net Income": -21156000.0,
        "Minority Interests": NaN,
        "Net Income Including Noncontrolling Interests": -21156000.0,
        "Net Income Continuous Operations": -21156000.0,
        "Pretax Income": -21156000.0,
        "Other Income Expense": 116000.0,
        "Other Non Operating Income Expenses": 116000.0,
        "Special Income Charges": NaN,
        "Impairment Of Capital Assets": NaN,
        "Restructuring And Mergern Acquisition": NaN,
        "Net Non Operating Interest Income Expense": 2736000.0,
        "Interest Expense Non Operating": 1107000.0,
        "Interest Income Non Operating": 3843000.0,
        "Operating Income": -24008000.0,
        "Operating Expense": 23429000.0,
        "Other Operating Expenses": 550000.0,
        "Depreciation Amortization Depletion Income Statement": 3494000.0,
        "Depreciation And Amortization In Income Statement": 3494000.0,
        "Research And Development": 7706000.0,
        "Selling General And Administration": 11679000.0,
        "General And Administrative Expense": 11679000.0,
        "Other Gand A": 11679000.0,
        "Gross Profit": -579000.0,
        "Cost Of Revenue": 2544000.0,
        "Total Revenue": 1965000.0,
        "Operating Revenue": 1965000.0
    },
    "2024-12-31": {
        "Tax Effect Of Unusual Items": 0.0,
        "Tax Rate For Calcs": 0.0,
        "Normalized EBITDA": -10414000.0,
        "Total Unusual Items": NaN,
        "Total Unusual Items Excluding Goodwill": NaN,
        "Net Income From Continuing Operation Net Minority Interest": -17607000.0,
        "Reconciled Depreciation": 6076000.0,
        "Reconciled Cost Of Revenue": 3448000.0,
        "EBITDA": -10414000.0,
        "EBIT": -16490000.0,
        "Net Interest Income": 2044000.0,
        "Interest Expense": 1117000.0,
        "Interest Income": 3161000.0,
        "Normalized Income": -17607000.0,
        "Net Income From Continuing And Discontinued Operation": -17607000.0,
        "Total Expenses": 20414000.0,
        "Total Operating Income As Reported": -19646000.0,
        "Diluted Average Shares": NaN,
        "Basic Average Shares": NaN,
        "Diluted EPS": NaN,
        "Basic EPS": NaN,
        "Diluted NI Availto Com Stockholders": -17607000.0,
        "Net Income Common Stockholders": -17607000.0,
        "Net Income": -17607000.0,
        "Minority Interests": NaN,
        "Net Income Including Noncontrolling Interests": -17607000.0,
        "Net Income Continuous Operations": -17607000.0,
        "Pretax Income": -17607000.0,
        "Other Income Expense": -4937000.0,
        "Other Non Operating Income Expenses": -5000.0,
        "Special Income Charges": NaN,
        "Impairment Of Capital Assets": NaN,
        "Restructuring And Mergern Acquisition": NaN,
        "Net Non Operating Interest Income Expense": 2044000.0,
        "Interest Expense Non Operating": 1117000.0,
        "Interest Income Non Operating": 3161000.0,
        "Operating Income": -14714000.0,
        "Operating Expense": 16966000.0,
        "Other Operating Expenses": 642000.0,
        "Depreciation Amortization Depletion Income Statement": 6076000.0,
        "Depreciation And Amortization In Income Statement": 6076000.0,
        "Research And Development": -208000.0,
        "Selling General And Administration": 10456000.0,
        "General And Administrative Expense": 10456000.0,
        "Other Gand A": 10456000.0,
        "Gross Profit": 2252000.0,
        "Cost Of Revenue": 3448000.0,
        "Total Revenue": 5700000.0,
        "Operating Revenue": 5700000.0
    },
    "2025-03-31": {
        "Tax Effect Of Unusual Items": 0.0,
        "Tax Rate For Calcs": 0.0,
        "Normalized EBITDA": -8419000.0,
        "Total Unusual Items": -4438000.0,
        "Total Unusual Items Excluding Goodwill": -4438000.0,
        "Net Income From Continuing Operation Net Minority Interest": -21728000.0,
        "Reconciled Depreciation": 5622000.0,
        "Reconciled Cost Of Revenue": 21446000.0,
        "EBITDA": -12857000.0,
        "EBIT": -18479000.0,
        "Net Interest Income": -1524000.0,
        "Interest Expense": 3294000.0,
        "Interest Income": 1770000.0,
        "Normalized Income": -17290000.0,
        "Net Income From Continuing And Discontinued Operation": -21728000.0,
        "Total Expenses": 44810000.0,
        "Total Operating Income As Reported": -20139000.0,
        "Diluted Average Shares": 232027993.0,
        "Basic Average Shares": 232027993.0,
        "Diluted EPS": -0.09,
        "Basic EPS": -0.09,
        "Diluted NI Availto Com Stockholders": -21728000.0,
        "Net Income Common Stockholders": -21728000.0,
        "Net Income": -21728000.0,
        "Minority Interests": 45000.0,
        "Net Income Including Noncontrolling Interests": -21773000.0,
        "Net Income Continuous Operations": -21773000.0,
        "Pretax Income": -21773000.0,
        "Other Income Expense": -4548000.0,
        "Other Non Operating Income Expenses": -110000.0,
        "Special Income Charges": -4438000.0,
        "Impairment Of Capital Assets": NaN,
        "Restructuring And Mergern Acquisition": 4438000.0,
        "Net Non Operating Interest Income Expense": -1524000.0,
        "Interest Expense Non Operating": 3294000.0,
        "Interest Income Non Operating": 1770000.0,
        "Operating Income": -15701000.0,
        "Operating Expense": 23364000.0,
        "Other Operating Expenses": 604000.0,
        "Depreciation Amortization Depletion Income Statement": 5622000.0,
        "Depreciation And Amortization In Income Statement": 5622000.0,
        "Research And Development": 6054000.0,
        "Selling General And Administration": 11084000.0,
        "General And Administrative Expense": 11084000.0,
        "Other Gand A": 11084000.0,
        "Gross Profit": 7663000.0,
        "Cost Of Revenue": 21446000.0,
        "Total Revenue": 29109000.0,
        "Operating Revenue": 29109000.0
    },
    "2025-06-30": {
        "Tax Effect Of Unusual Items": 0.0,
        "Tax Rate For Calcs": 0.21,
        "Normalized EBITDA": 14287000.0,
        "Total Unusual Items": 0.0,
        "Total Unusual Items Excluding Goodwill": 0.0,
        "Net Income From Continuing Operation Net Minority Interest": 2144000.0,
        "Reconciled Depreciation": 7213000.0,
        "Reconciled Cost Of Revenue": 17265000.0,
        "EBITDA": 14287000.0,
        "EBIT": 7074000.0,
        "Net Interest Income": -3023000.0,
        "Interest Expense": 4345000.0,
        "Interest Income": 1322000.0,
        "Normalized Income": 2144000.0,
        "Net Income From Continuing And Discontinued Operation": 2144000.0,
        "Total Expenses": 37617000.0,
        "Total Operating Income As Reported": 5796000.0,
        "Diluted Average Shares": 236839117.0,
        "Basic Average Shares": 232945048.0,
        "Diluted EPS": 0.01,
        "Basic EPS": 0.01,
        "Diluted NI Availto Com Stockholders": 2144000.0,
        "Net Income Common Stockholders": 2144000.0,
        "Net Income": 2144000.0,
        "Minority Interests": -585000.0,
        "Net Income Including Noncontrolling Interests": 2729000.0,
        "Net Income Continuous Operations": 2729000.0,
        "Pretax Income": 2729000.0,
        "Other Income Expense": -44000.0,
        "Other Non Operating Income Expenses": -44000.0,
        "Special Income Charges": 0.0,
        "Impairment Of Capital Assets": NaN,
        "Restructuring And Mergern Acquisition": 0.0,
        "Net Non Operating Interest Income Expense": -3023000.0,
        "Interest Expense Non Operating": 4345000.0,
        "Interest Income Non Operating": 1322000.0,
        "Operating Income": 5796000.0,
        "Operating Expense": 20352000.0,
        "Other Operating Expenses": 591000.0,
        "Depreciation Amortization Depletion Income Statement": 7213000.0,
        "Depreciation And Amortization In Income Statement": 7213000.0,
        "Research And Development": 1765000.0,
        "Selling General And Administration": 10783000.0,
        "General And Administrative Expense": 10783000.0,
        "Other Gand A": 10783000.0,
        "Gross Profit": 26148000.0,
        "Cost Of Revenue": 17265000.0,
        "Total Revenue": 43413000.0,
        "Operating Revenue": 43413000.0
    }
}