{
    "2023-06-30": {
        "Tax Effect Of Unusual Items": NaN,
        "Tax Rate For Calcs": NaN,
        "Normalized EBITDA": NaN,
        "Total Unusual Items": NaN,
        "Total Unusual Items Excluding Goodwill": NaN,
        "Net Income From Continuing Operation Net Minority Interest": NaN,
        "Reconciled Depreciation": NaN,
        "Reconciled Cost Of Revenue": NaN,
        "EBITDA": NaN,
        "EBIT": NaN,
        "Net Interest Income": NaN,
        "Interest Expense": NaN,
        "Normalized Income": NaN,
        "Net Income From Continuing And Discontinued Operation": NaN,
        "Total Expenses": NaN,
        "Diluted Average Shares": NaN,
        "Basic Average Shares": NaN,
        "Diluted EPS": NaN,
        "Basic EPS": NaN,
        "Diluted NI Availto Com Stockholders": NaN,
        "Net Income Common Stockholders": NaN,
        "Net Income": NaN,
        "Minority Interests": NaN,
        "Net Income Including Noncontrolling Interests": NaN,
        "Net Income Discontinuous Operations": 0.0,
        "Net Income Continuous Operations": NaN,
        "Tax Provision": NaN,
        "Pretax Income": NaN,
        "Other Income Expense": NaN,
        "Other Non Operating Income Expenses": NaN,
        "Special Income Charges": NaN,
        "Gain On Sale Of Ppe": NaN,
        "Gain On Sale Of Business": NaN,
        "Other Special Charges": NaN,
        "Earnings From Equity Interest": NaN,
        "Gain On Sale Of Security": NaN,
        "Net Non Operating Interest Income Expense": NaN,
        "Total Other Finance Cost": 11700000.0,
        "Interest Expense Non Operating": NaN,
        "Operating Income": NaN,
        "Operating Expense": NaN,
        "Other Operating Expenses": 8700000.0,
        "Selling General And Administration": NaN,
        "General And Administrative Expense": 234200000.0,
        "Other Gand A": 234200000.0,
        "Gross Profit": NaN,
        "Cost Of Revenue": NaN,
        "Total Revenue": NaN,
        "Operating Revenue": NaN
    },
    "2023-03-31": {
        "Tax Effect Of Unusual Items": NaN,
        "Tax Rate For Calcs": NaN,
        "Normalized EBITDA": NaN,
        "Total Unusual Items": NaN,
        "Total Unusual Items Excluding Goodwill": NaN,
        "Net Income From Continuing Operation Net Minority Interest": NaN,
        "Reconciled Depreciation": NaN,
        "Reconciled Cost Of Revenue": NaN,
        "EBITDA": NaN,
        "EBIT": NaN,
        "Net Interest Income": NaN,
        "Interest Expense": NaN,
        "Normalized Income": NaN,
        "Net Income From Continuing And Discontinued Operation": NaN,
        "Total Expenses": NaN,
        "Diluted Average Shares": NaN,
        "Basic Average Shares": NaN,
        "Diluted EPS": NaN,
        "Basic EPS": NaN,
        "Diluted NI Availto Com Stockholders": NaN,
        "Net Income Common Stockholders": NaN,
        "Net Income": NaN,
        "Minority Interests": NaN,
        "Net Income Including Noncontrolling Interests": NaN,
        "Net Income Discontinuous Operations": 0.0,
        "Net Income Continuous Operations": NaN,
        "Tax Provision": NaN,
        "Pretax Income": NaN,
        "Other Income Expense": NaN,
        "Other Non Operating Income Expenses": NaN,
        "Special Income Charges": NaN,
        "Gain On Sale Of Ppe": NaN,
        "Gain On Sale Of Business": NaN,
        "Earnings From Equity Interest": NaN,
        "Gain On Sale Of Security": NaN,
        "Net Non Operating Interest Income Expense": NaN,
        "Total Other Finance Cost": NaN,
        "Interest Expense Non Operating": NaN,
        "Operating Income": NaN,
        "Operating Expense": NaN,
        "Other Operating Expenses": NaN,
        "Selling General And Administration": NaN,
        "General And Administrative Expense": NaN,
        "Other Gand A": NaN,
        "Gross Profit": NaN,
        "Cost Of Revenue": NaN,
        "Total Revenue": NaN,
        "Operating Revenue": NaN
    },
    "2022-12-31": {
        "Tax Effect Of Unusual Items": NaN,
        "Tax Rate For Calcs": NaN,
        "Normalized EBITDA": NaN,
        "Total Unusual Items": NaN,
        "Total Unusual Items Excluding Goodwill": NaN,
        "Net Income From Continuing Operation Net Minority Interest": NaN,
        "Reconciled Depreciation": NaN,
        "Reconciled Cost Of Revenue": NaN,
        "EBITDA": NaN,
        "EBIT": NaN,
        "Net Interest Income": NaN,
        "Interest Expense": NaN,
        "Normalized Income": NaN,
        "Net Income From Continuing And Discontinued Operation": NaN,
        "Total Expenses": NaN,
        "Diluted Average Shares": NaN,
        "Basic Average Shares": NaN,
        "Diluted EPS": NaN,
        "Basic EPS": NaN,
        "Diluted NI Availto Com Stockholders": NaN,
        "Net Income Common Stockholders": NaN,
        "Net Income": NaN,
        "Minority Interests": NaN,
        "Net Income Including Noncontrolling Interests": NaN,
        "Net Income Discontinuous Operations": 0.0,
        "Net Income Continuous Operations": NaN,
        "Tax Provision": NaN,
        "Pretax Income": NaN,
        "Other Income Expense": NaN,
        "Other Non Operating Income Expenses": NaN,
        "Special Income Charges": NaN,
        "Gain On Sale Of Ppe": NaN,
        "Gain On Sale Of Business": NaN,
        "Write Off": -5300000.0,
        "Earnings From Equity Interest": NaN,
        "Gain On Sale Of Security": NaN,
        "Net Non Operating Interest Income Expense": NaN,
        "Total Other Finance Cost": 11800000.0,
        "Interest Expense Non Operating": NaN,
        "Operating Income": NaN,
        "Operating Expense": NaN,
        "Other Operating Expenses": 5000000.0,
        "Selling General And Administration": NaN,
        "General And Administrative Expense": NaN,
        "Other Gand A": NaN,
        "Gross Profit": NaN,
        "Cost Of Revenue": NaN,
        "Total Revenue": NaN,
        "Operating Revenue": NaN
    },
    "2022-09-30": {
        "Tax Effect Of Unusual Items": NaN,
        "Tax Rate For Calcs": NaN,
        "Normalized EBITDA": NaN,
        "Total Unusual Items": NaN,
        "Total Unusual Items Excluding Goodwill": NaN,
        "Net Income From Continuing Operation Net Minority Interest": NaN,
        "Reconciled Depreciation": NaN,
        "Reconciled Cost Of Revenue": NaN,
        "EBITDA": NaN,
        "EBIT": NaN,
        "Net Interest Income": NaN,
        "Interest Expense": NaN,
        "Normalized Income": NaN,
        "Net Income From Continuing And Discontinued Operation": NaN,
        "Total Expenses": NaN,
        "Diluted Average Shares": NaN,
        "Basic Average Shares": NaN,
        "Diluted EPS": NaN,
        "Basic EPS": NaN,
        "Diluted NI Availto Com Stockholders": NaN,
        "Net Income Common Stockholders": NaN,
        "Preferred Stock Dividends": -200000.0,
        "Net Income": NaN,
        "Minority Interests": NaN,
        "Net Income Including Noncontrolling Interests": NaN,
        "Net Income Discontinuous Operations": NaN,
        "Net Income Continuous Operations": NaN,
        "Tax Provision": NaN,
        "Pretax Income": NaN,
        "Other Income Expense": NaN,
        "Other Non Operating Income Expenses": -3400000.0,
        "Special Income Charges": NaN,
        "Gain On Sale Of Ppe": NaN,
        "Gain On Sale Of Business": NaN,
        "Write Off": 3400000.0,
        "Earnings From Equity Interest": NaN,
        "Gain On Sale Of Security": NaN,
        "Net Non Operating Interest Income Expense": NaN,
        "Total Other Finance Cost": 11400000.0,
        "Interest Expense Non Operating": NaN,
        "Operating Income": NaN,
        "Operating Expense": NaN,
        "Other Operating Expenses": 5900000.0,
        "Selling General And Administration": NaN,
        "General And Administrative Expense": NaN,
        "Other Gand A": NaN,
        "Gross Profit": NaN,
        "Cost Of Revenue": NaN,
        "Total Revenue": NaN,
        "Operating Revenue": NaN
    },
    "2022-06-30": {
        "Tax Effect Of Unusual Items": 34840000.0,
        "Tax Rate For Calcs": 0.4,
        "Normalized EBITDA": 426900000.0,
        "Total Unusual Items": 87100000.0,
        "Total Unusual Items Excluding Goodwill": 87100000.0,
        "Net Income From Continuing Operation Net Minority Interest": 82600000.0,
        "Reconciled Depreciation": 374500000.0,
        "Reconciled Cost Of Revenue": 1482000000.0,
        "EBITDA": 514000000.0,
        "EBIT": 139500000.0,
        "Net Interest Income": -104800000.0,
        "Interest Expense": 104800000.0,
        "Normalized Income": 30340000.0,
        "Net Income From Continuing And Discontinued Operation": 64300000.0,
        "Total Expenses": 1660400000.0,
        "Diluted Average Shares": 368706685.0,
        "Basic Average Shares": 366843674.0,
        "Diluted EPS": 0.12,
        "Basic EPS": 0.12,
        "Diluted NI Availto Com Stockholders": 64300000.0,
        "Net Income Common Stockholders": 64300000.0,
        "Preferred Stock Dividends": NaN,
        "Net Income": 64300000.0,
        "Minority Interests": NaN,
        "Net Income Including Noncontrolling Interests": 64300000.0,
        "Net Income Discontinuous Operations": -18300000.0,
        "Net Income Continuous Operations": 82600000.0,
        "Tax Provision": -47900000.0,
        "Pretax Income": 34700000.0,
        "Other Income Expense": 92400000.0,
        "Other Non Operating Income Expenses": NaN,
        "Special Income Charges": -6500000.0,
        "Gain On Sale Of Ppe": 2600000.0,
        "Gain On Sale Of Business": 0.0,
        "Write Off": 9100000.0,
        "Earnings From Equity Interest": 5300000.0,
        "Gain On Sale Of Security": 93600000.0,
        "Net Non Operating Interest Income Expense": -104800000.0,
        "Total Other Finance Cost": NaN,
        "Interest Expense Non Operating": 104800000.0,
        "Operating Income": 47100000.0,
        "Operating Expense": 178400000.0,
        "Other Operating Expenses": NaN,
        "Selling General And Administration": 178400000.0,
        "General And Administrative Expense": NaN,
        "Other Gand A": NaN,
        "Gross Profit": 225500000.0,
        "Cost Of Revenue": 1482000000.0,
        "Total Revenue": 1707500000.0,
        "Operating Revenue": 1707500000.0
    },
    "2022-03-31": {
        "Diluted EPS": 0.02,
        "Total Revenue": NaN,
        "Gross Profit": 107,
        "Operating Income": -21,
        "EBIT": 261,
        "Net Income": 22
    },
    "2021-12-31": {
        "Diluted EPS": -0.4,
        "Total Revenue": NaN,
        "Gross Profit": 86,
        "Operating Income": -49,
        "EBIT": 278,
        "Net Income": -131
    },
    "2021-09-30": {
        "Diluted EPS": -0.56,
        "Total Revenue": NaN,
        "Gross Profit": 153,
        "Operating Income": 32,
        "EBIT": 290,
        "Net Income": -195
    },
    "2021-06-30": {
        "Diluted EPS": 0.02,
        "Total Revenue": NaN,
        "Gross Profit": 103,
        "Operating Income": -8,
        "EBIT": 270,
        "Net Income": 21
    },
    "2021-03-31": {
        "Diluted EPS": -0.52,
        "Total Revenue": 937,
        "Gross Profit": 79,
        "Operating Income": -26,
        "EBIT": 222,
        "Net Income": -179
    },
    "2020-12-31": {
        "Diluted EPS": -1.05,
        "Total Revenue": 944,
        "Gross Profit": -93,
        "Operating Income": -203,
        "EBIT": 202,
        "Net Income": -366
    },
    "2020-09-30": {
        "Diluted EPS": -0.24,
        "Total Revenue": 778,
        "Gross Profit": 95,
        "Operating Income": 17,
        "EBIT": 206,
        "Net Income": -86
    },
    "2020-06-30": {
        "Diluted EPS": -0.23,
        "Total Revenue": 717,
        "Gross Profit": 81,
        "Operating Income": 6,
        "EBIT": 170,
        "Net Income": -83
    },
    "2020-03-31": {
        "Diluted EPS": -0.57,
        "Total Revenue": 694,
        "Gross Profit": 59,
        "Operating Income": -57,
        "EBIT": 109,
        "Net Income": -207
    },
    "2019-06-30": {
        "Diluted EPS": 0.0,
        "Total Revenue": 831,
        "Gross Profit": 92,
        "Operating Income": 11,
        "EBIT": 11,
        "Net Income": -68
    },
    "2023-09-30": {
        "Tax Effect Of Unusual Items": NaN,
        "Tax Rate For Calcs": NaN,
        "Normalized EBITDA": NaN,
        "Total Unusual Items": NaN,
        "Total Unusual Items Excluding Goodwill": NaN,
        "Net Income From Continuing Operation Net Minority Interest": NaN,
        "Reconciled Depreciation": NaN,
        "Reconciled Cost Of Revenue": NaN,
        "EBITDA": NaN,
        "EBIT": NaN,
        "Net Interest Income": NaN,
        "Interest Expense": NaN,
        "Normalized Income": NaN,
        "Net Income From Continuing And Discontinued Operation": NaN,
        "Total Expenses": NaN,
        "Diluted Average Shares": NaN,
        "Basic Average Shares": NaN,
        "Diluted EPS": NaN,
        "Basic EPS": NaN,
        "Diluted NI Availto Com Stockholders": NaN,
        "Net Income Common Stockholders": NaN,
        "Net Income": NaN,
        "Minority Interests": NaN,
        "Net Income Including Noncontrolling Interests": NaN,
        "Net Income Discontinuous Operations": 0.0,
        "Net Income Continuous Operations": NaN,
        "Tax Provision": NaN,
        "Pretax Income": NaN,
        "Other Income Expense": NaN,
        "Other Non Operating Income Expenses": NaN,
        "Special Income Charges": NaN,
        "Gain On Sale Of Ppe": NaN,
        "Gain On Sale Of Business": NaN,
        "Other Special Charges": NaN,
        "Earnings From Equity Interest": NaN,
        "Gain On Sale Of Security": NaN,
        "Net Non Operating Interest Income Expense": NaN,
        "Total Other Finance Cost": 11900000.0,
        "Interest Expense Non Operating": NaN,
        "Operating Income": NaN,
        "Operating Expense": NaN,
        "Other Operating Expenses": 8900000.0,
        "Selling General And Administration": NaN,
        "Gross Profit": NaN,
        "Cost Of Revenue": NaN,
        "Total Revenue": NaN,
        "Operating Revenue": NaN
    },
    "2023-12-31": {
        "Tax Effect Of Unusual Items": NaN,
        "Tax Rate For Calcs": NaN,
        "Normalized EBITDA": NaN,
        "Total Unusual Items": NaN,
        "Total Unusual Items Excluding Goodwill": NaN,
        "Net Income From Continuing Operation Net Minority Interest": NaN,
        "Reconciled Depreciation": NaN,
        "Reconciled Cost Of Revenue": NaN,
        "EBITDA": NaN,
        "EBIT": NaN,
        "Net Interest Income": NaN,
        "Interest Expense": NaN,
        "Normalized Income": NaN,
        "Net Income From Continuing And Discontinued Operation": NaN,
        "Total Expenses": NaN,
        "Diluted Average Shares": NaN,
        "Basic Average Shares": NaN,
        "Diluted EPS": NaN,
        "Basic EPS": NaN,
        "Diluted NI Availto Com Stockholders": NaN,
        "Net Income Common Stockholders": NaN,
        "Net Income": NaN,
        "Minority Interests": NaN,
        "Net Income Including Noncontrolling Interests": NaN,
        "Net Income Discontinuous Operations": 0.0,
        "Net Income Continuous Operations": NaN,
        "Tax Provision": NaN,
        "Pretax Income": NaN,
        "Other Income Expense": NaN,
        "Other Non Operating Income Expenses": NaN,
        "Special Income Charges": NaN,
        "Gain On Sale Of Ppe": NaN,
        "Gain On Sale Of Business": NaN,
        "Other Special Charges": 0.0,
        "Restructuring And Mergern Acquisition": NaN,
        "Earnings From Equity Interest": NaN,
        "Gain On Sale Of Security": NaN,
        "Net Non Operating Interest Income Expense": NaN,
        "Total Other Finance Cost": 14200000.0,
        "Interest Expense Non Operating": NaN,
        "Operating Income": NaN,
        "Operating Expense": NaN,
        "Other Operating Expenses": -14100000.0,
        "Depreciation Amortization Depletion Income Statement": NaN,
        "Depreciation And Amortization In Income Statement": NaN,
        "Depreciation Income Statement": NaN,
        "Selling General And Administration": NaN,
        "General And Administrative Expense": NaN,
        "Other Gand A": NaN,
        "Salaries And Wages": NaN,
        "Gross Profit": NaN,
        "Cost Of Revenue": NaN,
        "Total Revenue": NaN,
        "Operating Revenue": NaN
    },
    "2024-03-31": {
        "Tax Effect Of Unusual Items": NaN,
        "Tax Rate For Calcs": NaN,
        "Normalized EBITDA": NaN,
        "Total Unusual Items": NaN,
        "Total Unusual Items Excluding Goodwill": NaN,
        "Net Income From Continuing Operation Net Minority Interest": NaN,
        "Reconciled Depreciation": NaN,
        "Reconciled Cost Of Revenue": NaN,
        "EBITDA": NaN,
        "EBIT": NaN,
        "Net Interest Income": NaN,
        "Interest Expense": NaN,
        "Normalized Income": NaN,
        "Net Income From Continuing And Discontinued Operation": NaN,
        "Total Expenses": NaN,
        "Diluted Average Shares": NaN,
        "Basic Average Shares": NaN,
        "Diluted EPS": NaN,
        "Basic EPS": NaN,
        "Diluted NI Availto Com Stockholders": NaN,
        "Net Income Common Stockholders": NaN,
        "Net Income": NaN,
        "Minority Interests": NaN,
        "Net Income Including Noncontrolling Interests": NaN,
        "Net Income Discontinuous Operations": 19300000.0,
        "Net Income Continuous Operations": NaN,
        "Tax Provision": NaN,
        "Pretax Income": NaN,
        "Other Income Expense": NaN,
        "Other Non Operating Income Expenses": NaN,
        "Special Income Charges": NaN,
        "Gain On Sale Of Ppe": NaN,
        "Gain On Sale Of Business": NaN,
        "Restructuring And Mergern Acquisition": NaN,
        "Earnings From Equity Interest": NaN,
        "Gain On Sale Of Security": NaN,
        "Net Non Operating Interest Income Expense": NaN,
        "Total Other Finance Cost": NaN,
        "Interest Expense Non Operating": NaN,
        "Operating Income": NaN,
        "Operating Expense": NaN,
        "Other Operating Expenses": NaN,
        "Depreciation Amortization Depletion Income Statement": NaN,
        "Depreciation And Amortization In Income Statement": NaN,
        "Depreciation Income Statement": NaN,
        "Selling General And Administration": NaN,
        "General And Administrative Expense": NaN,
        "Other Gand A": NaN,
        "Salaries And Wages": NaN,
        "Gross Profit": NaN,
        "Cost Of Revenue": NaN,
        "Total Revenue": NaN,
        "Operating Revenue": NaN
    },
    "2024-06-30": {
        "Tax Effect Of Unusual Items": NaN,
        "Tax Rate For Calcs": NaN,
        "Normalized EBITDA": NaN,
        "Total Unusual Items": NaN,
        "Total Unusual Items Excluding Goodwill": NaN,
        "Net Income From Continuing Operation Net Minority Interest": NaN,
        "Reconciled Depreciation": NaN,
        "Reconciled Cost Of Revenue": NaN,
        "EBITDA": NaN,
        "EBIT": NaN,
        "Net Interest Income": NaN,
        "Interest Expense": NaN,
        "Normalized Income": NaN,
        "Net Income From Continuing And Discontinued Operation": NaN,
        "Total Expenses": NaN,
        "Diluted Average Shares": NaN,
        "Basic Average Shares": NaN,
        "Diluted EPS": NaN,
        "Basic EPS": NaN,
        "Diluted NI Availto Com Stockholders": NaN,
        "Net Income Common Stockholders": NaN,
        "Net Income": NaN,
        "Minority Interests": NaN,
        "Net Income Including Noncontrolling Interests": NaN,
        "Net Income Discontinuous Operations": 59600000.0,
        "Net Income Continuous Operations": NaN,
        "Tax Provision": NaN,
        "Pretax Income": NaN,
        "Other Income Expense": NaN,
        "Other Non Operating Income Expenses": NaN,
        "Special Income Charges": NaN,
        "Gain On Sale Of Ppe": NaN,
        "Gain On Sale Of Business": -494100000.0,
        "Restructuring And Mergern Acquisition": 14100000.0,
        "Earnings From Equity Interest": NaN,
        "Gain On Sale Of Security": NaN,
        "Net Non Operating Interest Income Expense": NaN,
        "Total Other Finance Cost": 11100000.0,
        "Interest Expense Non Operating": NaN,
        "Operating Income": NaN,
        "Operating Expense": NaN,
        "Other Operating Expenses": 10600000.0,
        "Depreciation Amortization Depletion Income Statement": 5700000.0,
        "Depreciation And Amortization In Income Statement": 5700000.0,
        "Depreciation Income Statement": 5700000.0,
        "Selling General And Administration": NaN,
        "General And Administrative Expense": 190200000.0,
        "Other Gand A": 65400000.0,
        "Salaries And Wages": 124800000.0,
        "Gross Profit": NaN,
        "Cost Of Revenue": NaN,
        "Total Revenue": NaN,
        "Operating Revenue": NaN
    },
    "2024-09-30": {
        "Tax Effect Of Unusual Items": 10945842.86804,
        "Tax Rate For Calcs": 0.156369,
        "Normalized EBITDA": 608500000.0,
        "Total Unusual Items": 70000000.0,
        "Total Unusual Items Excluding Goodwill": 70000000.0,
        "Net Income From Continuing Operation Net Minority Interest": 110400000.0,
        "Reconciled Depreciation": 399900000.0,
        "Reconciled Cost Of Revenue": 1604500000.0,
        "EBITDA": 678500000.0,
        "EBIT": 278600000.0,
        "Net Interest Income": -158700000.0,
        "Interest Expense": 147500000.0,
        "Normalized Income": 51345842.86804,
        "Net Income From Continuing And Discontinued Operation": 110400000.0,
        "Total Expenses": 1851800000.0,
        "Diluted Average Shares": 385321424.0,
        "Basic Average Shares": 380144960.0,
        "Diluted EPS": 0.23,
        "Basic EPS": 0.24,
        "Diluted NI Availto Com Stockholders": 110400000.0,
        "Net Income Common Stockholders": 110400000.0,
        "Net Income": 110400000.0,
        "Minority Interests": -200000.0,
        "Net Income Including Noncontrolling Interests": 110600000.0,
        "Net Income Discontinuous Operations": NaN,
        "Net Income Continuous Operations": 110600000.0,
        "Tax Provision": 20500000.0,
        "Pretax Income": 131100000.0,
        "Other Income Expense": 126900000.0,
        "Other Non Operating Income Expenses": 25100000.0,
        "Special Income Charges": 1900000.0,
        "Gain On Sale Of Ppe": 2400000.0,
        "Gain On Sale Of Business": -500000.0,
        "Restructuring And Mergern Acquisition": NaN,
        "Earnings From Equity Interest": 31800000.0,
        "Gain On Sale Of Security": 68100000.0,
        "Net Non Operating Interest Income Expense": -158700000.0,
        "Total Other Finance Cost": 11200000.0,
        "Interest Expense Non Operating": 147500000.0,
        "Operating Income": 162900000.0,
        "Operating Expense": 247300000.0,
        "Other Operating Expenses": 11100000.0,
        "Depreciation Amortization Depletion Income Statement": NaN,
        "Depreciation And Amortization In Income Statement": NaN,
        "Depreciation Income Statement": NaN,
        "Selling General And Administration": 236200000.0,
        "General And Administrative Expense": NaN,
        "Other Gand A": NaN,
        "Salaries And Wages": NaN,
        "Gross Profit": 410200000.0,
        "Cost Of Revenue": 1604500000.0,
        "Total Revenue": 2014700000.0,
        "Operating Revenue": 2014700000.0
    },
    "2024-12-31": {
        "Tax Effect Of Unusual Items": -99316793.16888,
        "Tax Rate For Calcs": 0.36907,
        "Normalized EBITDA": 501700000.0,
        "Total Unusual Items": -269100000.0,
        "Total Unusual Items Excluding Goodwill": -269100000.0,
        "Net Income From Continuing Operation Net Minority Interest": -189100000.0,
        "Reconciled Depreciation": 406300000.0,
        "Reconciled Cost Of Revenue": 1606400000.0,
        "EBITDA": 232600000.0,
        "EBIT": -173700000.0,
        "Net Interest Income": -154500000.0,
        "Interest Expense": 142500000.0,
        "Normalized Income": -19316793.16888,
        "Net Income From Continuing And Discontinued Operation": -189100000.0,
        "Total Expenses": 1880800000.0,
        "Diluted Average Shares": 393503219.0,
        "Basic Average Shares": 393503219.0,
        "Diluted EPS": -0.52,
        "Basic EPS": -0.52,
        "Diluted NI Availto Com Stockholders": -269400000.0,
        "Net Income Common Stockholders": -269400000.0,
        "Net Income": -189100000.0,
        "Minority Interests": 10400000.0,
        "Net Income Including Noncontrolling Interests": -199500000.0,
        "Net Income Discontinuous Operations": NaN,
        "Net Income Continuous Operations": -199500000.0,
        "Tax Provision": -116700000.0,
        "Pretax Income": -316200000.0,
        "Other Income Expense": -266800000.0,
        "Other Non Operating Income Expenses": 1000000.0,
        "Special Income Charges": 10700000.0,
        "Gain On Sale Of Ppe": -2100000.0,
        "Gain On Sale Of Business": 12800000.0,
        "Restructuring And Mergern Acquisition": NaN,
        "Earnings From Equity Interest": 1300000.0,
        "Gain On Sale Of Security": -279800000.0,
        "Net Non Operating Interest Income Expense": -154500000.0,
        "Total Other Finance Cost": 12000000.0,
        "Interest Expense Non Operating": 142500000.0,
        "Operating Income": 105100000.0,
        "Operating Expense": 274400000.0,
        "Other Operating Expenses": 10700000.0,
        "Depreciation Amortization Depletion Income Statement": NaN,
        "Depreciation And Amortization In Income Statement": NaN,
        "Depreciation Income Statement": NaN,
        "Selling General And Administration": 263700000.0,
        "General And Administrative Expense": NaN,
        "Other Gand A": NaN,
        "Salaries And Wages": NaN,
        "Gross Profit": 379500000.0,
        "Cost Of Revenue": 1606400000.0,
        "Total Revenue": 1985900000.0,
        "Operating Revenue": 1985900000.0
    },
    "2025-03-31": {
        "Tax Effect Of Unusual Items": 491926.398798,
        "Tax Rate For Calcs": 0.196771,
        "Normalized EBITDA": 260900000.0,
        "Total Unusual Items": 2500000.0,
        "Total Unusual Items Excluding Goodwill": 2500000.0,
        "Net Income From Continuing Operation Net Minority Interest": -211200000.0,
        "Reconciled Depreciation": 319300000.0,
        "Reconciled Cost Of Revenue": 1272600000.0,
        "EBITDA": 263400000.0,
        "EBIT": -55900000.0,
        "Net Interest Income": -210400000.0,
        "Interest Expense": 210400000.0,
        "Normalized Income": -213208073.601202,
        "Net Income From Continuing And Discontinued Operation": 3409600000.0,
        "Total Expenses": 1558800000.0,
        "Diluted Average Shares": 391360731.0,
        "Basic Average Shares": 391360731.0,
        "Diluted EPS": 8.67,
        "Basic EPS": 8.67,
        "Diluted NI Availto Com Stockholders": 3409600000.0,
        "Net Income Common Stockholders": 3409600000.0,
        "Net Income": 3409600000.0,
        "Minority Interests": 2700000.0,
        "Net Income Including Noncontrolling Interests": 3406900000.0,
        "Net Income Discontinuous Operations": 3620800000.0,
        "Net Income Continuous Operations": -213900000.0,
        "Tax Provision": -52400000.0,
        "Pretax Income": -266300000.0,
        "Other Income Expense": -57200000.0,
        "Other Non Operating Income Expenses": -8000000.0,
        "Special Income Charges": -3200000.0,
        "Gain On Sale Of Ppe": -3200000.0,
        "Gain On Sale Of Business": NaN,
        "Restructuring And Mergern Acquisition": NaN,
        "Earnings From Equity Interest": -51700000.0,
        "Gain On Sale Of Security": 5700000.0,
        "Net Non Operating Interest Income Expense": -210400000.0,
        "Total Other Finance Cost": NaN,
        "Interest Expense Non Operating": 210400000.0,
        "Operating Income": 1300000.0,
        "Operating Expense": 286200000.0,
        "Other Operating Expenses": NaN,
        "Depreciation Amortization Depletion Income Statement": NaN,
        "Depreciation And Amortization In Income Statement": NaN,
        "Depreciation Income Statement": NaN,
        "Selling General And Administration": 286200000.0,
        "General And Administrative Expense": NaN,
        "Other Gand A": NaN,
        "Salaries And Wages": NaN,
        "Gross Profit": 287500000.0,
        "Cost Of Revenue": 1272600000.0,
        "Total Revenue": 1560100000.0,
        "Operating Revenue": 1560100000.0
    },
    "2025-06-30": {
        "Tax Effect Of Unusual Items": 24090006.618134,
        "Tax Rate For Calcs": 0.092654,
        "Normalized EBITDA": 463700000.0,
        "Total Unusual Items": 260000000.0,
        "Total Unusual Items Excluding Goodwill": 260000000.0,
        "Net Income From Continuing Operation Net Minority Interest": 276300000.0,
        "Reconciled Depreciation": 322900000.0,
        "Reconciled Cost Of Revenue": 990100000.0,
        "EBITDA": 723700000.0,
        "EBIT": 400800000.0,
        "Net Interest Income": -107600000.0,
        "Interest Expense": 98600000.0,
        "Normalized Income": 40390006.618134,
        "Net Income From Continuing And Discontinued Operation": 276300000.0,
        "Total Expenses": 1530700000.0,
        "Diluted Average Shares": 383211513.0,
        "Basic Average Shares": 365815712.0,
        "Diluted EPS": 0.7,
        "Basic EPS": 0.72,
        "Diluted NI Availto Com Stockholders": 276300000.0,
        "Net Income Common Stockholders": 276300000.0,
        "Net Income": 276300000.0,
        "Minority Interests": 2100000.0,
        "Net Income Including Noncontrolling Interests": 274200000.0,
        "Net Income Discontinuous Operations": 0.0,
        "Net Income Continuous Operations": 274200000.0,
        "Tax Provision": 28000000.0,
        "Pretax Income": 302200000.0,
        "Other Income Expense": 265300000.0,
        "Other Non Operating Income Expenses": 24400000.0,
        "Special Income Charges": -6400000.0,
        "Gain On Sale Of Ppe": 2800000.0,
        "Gain On Sale Of Business": 0.0,
        "Restructuring And Mergern Acquisition": 9200000.0,
        "Earnings From Equity Interest": -19100000.0,
        "Gain On Sale Of Security": 266400000.0,
        "Net Non Operating Interest Income Expense": -107600000.0,
        "Total Other Finance Cost": 9000000.0,
        "Interest Expense Non Operating": 98600000.0,
        "Operating Income": 144500000.0,
        "Operating Expense": 227500000.0,
        "Other Operating Expenses": 13500000.0,
        "Depreciation Amortization Depletion Income Statement": 9800000.0,
        "Depreciation And Amortization In Income Statement": 9800000.0,
        "Depreciation Income Statement": 9800000.0,
        "Selling General And Administration": 204200000.0,
        "General And Administrative Expense": 204200000.0,
        "Other Gand A": 70000000.0,
        "Salaries And Wages": 134200000.0,
        "Gross Profit": 372000000.0,
        "Cost Of Revenue": 1303200000.0,
        "Total Revenue": 1675200000.0,
        "Operating Revenue": 1675200000.0
    },
    "2025-09-30": {
        "Tax Effect Of Unusual Items": -29067201.068804,
        "Tax Rate For Calcs": 0.277889,
        "Normalized EBITDA": 717000000.0,
        "Total Unusual Items": -104600000.0,
        "Total Unusual Items Excluding Goodwill": -104600000.0,
        "Net Income From Continuing Operation Net Minority Interest": 114300000.0,
        "Reconciled Depreciation": 333500000.0,
        "Reconciled Cost Of Revenue": 1324000000.0,
        "EBITDA": 612400000.0,
        "EBIT": 278900000.0,
        "Net Interest Income": -129200000.0,
        "Interest Expense": 129200000.0,
        "Normalized Income": 189832798.931196,
        "Net Income From Continuing And Discontinued Operation": 114300000.0,
        "Total Expenses": 1527300000.0,
        "Diluted Average Shares": 370243683.0,
        "Basic Average Shares": 362084803.0,
        "Diluted EPS": 0.28,
        "Basic EPS": 0.28,
        "Diluted NI Availto Com Stockholders": 114300000.0,
        "Net Income Common Stockholders": 114300000.0,
        "Net Income": 114300000.0,
        "Minority Interests": 6200000.0,
        "Net Income Including Noncontrolling Interests": 108100000.0,
        "Net Income Discontinuous Operations": 0.0,
        "Net Income Continuous Operations": 108100000.0,
        "Tax Provision": 41600000.0,
        "Pretax Income": 149700000.0,
        "Other Income Expense": 112000000.0,
        "Other Non Operating Income Expenses": 168800000.0,
        "Special Income Charges": -4100000.0,
        "Gain On Sale Of Ppe": -4100000.0,
        "Gain On Sale Of Business": 0.0,
        "Restructuring And Mergern Acquisition": NaN,
        "Earnings From Equity Interest": 47800000.0,
        "Gain On Sale Of Security": -100500000.0,
        "Net Non Operating Interest Income Expense": -129200000.0,
        "Total Other Finance Cost": NaN,
        "Interest Expense Non Operating": 129200000.0,
        "Operating Income": 166900000.0,
        "Operating Expense": 203300000.0,
        "Other Operating Expenses": NaN,
        "Depreciation Amortization Depletion Income Statement": NaN,
        "Depreciation And Amortization In Income Statement": NaN,
        "Depreciation Income Statement": NaN,
        "Selling General And Administration": 203300000.0,
        "General And Administrative Expense": NaN,
        "Other Gand A": NaN,
        "Salaries And Wages": NaN,
        "Gross Profit": 370200000.0,
        "Cost Of Revenue": 1324000000.0,
        "Total Revenue": 1694200000.0,
        "Operating Revenue": 1694200000.0
    }
}