{
    "2023-03-31": {
        "Tax Effect Of Unusual Items": NaN,
        "Tax Rate For Calcs": NaN,
        "Normalized EBITDA": NaN,
        "Total Unusual Items": NaN,
        "Total Unusual Items Excluding Goodwill": NaN,
        "Net Income From Continuing Operation Net Minority Interest": NaN,
        "Reconciled Depreciation": NaN,
        "Reconciled Cost Of Revenue": NaN,
        "EBITDA": NaN,
        "EBIT": NaN,
        "Net Interest Income": NaN,
        "Interest Expense": NaN,
        "Interest Income": 1000000.0,
        "Normalized Income": NaN,
        "Net Income From Continuing And Discontinued Operation": NaN,
        "Total Expenses": NaN,
        "Total Operating Income As Reported": NaN,
        "Diluted Average Shares": NaN,
        "Basic Average Shares": NaN,
        "Diluted EPS": NaN,
        "Basic EPS": NaN,
        "Diluted NI Availto Com Stockholders": NaN,
        "Net Income Common Stockholders": NaN,
        "Net Income": NaN,
        "Minority Interests": NaN,
        "Net Income Including Noncontrolling Interests": NaN,
        "Net Income Continuous Operations": NaN,
        "Tax Provision": NaN,
        "Pretax Income": NaN,
        "Other Income Expense": NaN,
        "Other Non Operating Income Expenses": NaN,
        "Special Income Charges": NaN,
        "Restructuring And Mergern Acquisition": NaN,
        "Earnings From Equity Interest": 1000000.0,
        "Net Non Operating Interest Income Expense": NaN,
        "Total Other Finance Cost": NaN,
        "Interest Expense Non Operating": NaN,
        "Interest Income Non Operating": 1000000.0,
        "Operating Income": NaN,
        "Operating Expense": NaN,
        "Research And Development": NaN,
        "Selling General And Administration": NaN,
        "Gross Profit": NaN,
        "Cost Of Revenue": NaN,
        "Total Revenue": NaN,
        "Operating Revenue": NaN
    },
    "2022-12-31": {
        "Tax Effect Of Unusual Items": NaN,
        "Tax Rate For Calcs": NaN,
        "Normalized EBITDA": NaN,
        "Total Unusual Items": NaN,
        "Total Unusual Items Excluding Goodwill": NaN,
        "Net Income From Continuing Operation Net Minority Interest": NaN,
        "Reconciled Depreciation": NaN,
        "Reconciled Cost Of Revenue": NaN,
        "EBITDA": NaN,
        "EBIT": NaN,
        "Net Interest Income": NaN,
        "Interest Expense": 2000000.0,
        "Interest Income": NaN,
        "Normalized Income": NaN,
        "Net Income From Continuing And Discontinued Operation": NaN,
        "Total Expenses": NaN,
        "Total Operating Income As Reported": NaN,
        "Diluted Average Shares": NaN,
        "Basic Average Shares": NaN,
        "Diluted EPS": NaN,
        "Basic EPS": NaN,
        "Diluted NI Availto Com Stockholders": NaN,
        "Net Income Common Stockholders": NaN,
        "Net Income": NaN,
        "Minority Interests": NaN,
        "Net Income Including Noncontrolling Interests": NaN,
        "Net Income Continuous Operations": NaN,
        "Tax Provision": NaN,
        "Pretax Income": NaN,
        "Other Income Expense": NaN,
        "Other Non Operating Income Expenses": NaN,
        "Special Income Charges": NaN,
        "Gain On Sale Of Business": 403000000.0,
        "Restructuring And Mergern Acquisition": NaN,
        "Earnings From Equity Interest": -3000000.0,
        "Net Non Operating Interest Income Expense": NaN,
        "Total Other Finance Cost": NaN,
        "Interest Expense Non Operating": 2000000.0,
        "Interest Income Non Operating": NaN,
        "Operating Income": NaN,
        "Operating Expense": NaN,
        "Research And Development": NaN,
        "Selling General And Administration": NaN,
        "Gross Profit": NaN,
        "Cost Of Revenue": NaN,
        "Total Revenue": NaN,
        "Operating Revenue": NaN
    },
    "2022-09-30": {
        "Tax Effect Of Unusual Items": NaN,
        "Tax Rate For Calcs": NaN,
        "Normalized EBITDA": NaN,
        "Total Unusual Items": NaN,
        "Total Unusual Items Excluding Goodwill": NaN,
        "Net Income From Continuing Operation Net Minority Interest": NaN,
        "Reconciled Depreciation": NaN,
        "Reconciled Cost Of Revenue": NaN,
        "EBITDA": NaN,
        "EBIT": NaN,
        "Net Interest Income": NaN,
        "Interest Expense": 11000000.0,
        "Interest Income": NaN,
        "Normalized Income": NaN,
        "Net Income From Continuing And Discontinued Operation": NaN,
        "Total Expenses": NaN,
        "Total Operating Income As Reported": NaN,
        "Diluted Average Shares": NaN,
        "Basic Average Shares": NaN,
        "Diluted EPS": NaN,
        "Basic EPS": NaN,
        "Diluted NI Availto Com Stockholders": NaN,
        "Net Income Common Stockholders": NaN,
        "Net Income": NaN,
        "Minority Interests": NaN,
        "Net Income Including Noncontrolling Interests": NaN,
        "Net Income Continuous Operations": NaN,
        "Tax Provision": NaN,
        "Pretax Income": NaN,
        "Other Income Expense": NaN,
        "Other Non Operating Income Expenses": NaN,
        "Special Income Charges": NaN,
        "Gain On Sale Of Business": NaN,
        "Restructuring And Mergern Acquisition": NaN,
        "Earnings From Equity Interest": NaN,
        "Net Non Operating Interest Income Expense": NaN,
        "Total Other Finance Cost": 11000000.0,
        "Interest Expense Non Operating": 11000000.0,
        "Interest Income Non Operating": NaN,
        "Operating Income": NaN,
        "Operating Expense": NaN,
        "Research And Development": NaN,
        "Selling General And Administration": NaN,
        "Gross Profit": NaN,
        "Cost Of Revenue": NaN,
        "Total Revenue": NaN,
        "Operating Revenue": NaN
    },
    "2022-06-30": {
        "Tax Effect Of Unusual Items": 0.0,
        "Tax Rate For Calcs": 0.102041,
        "Normalized EBITDA": 724000000.0,
        "Total Unusual Items": NaN,
        "Total Unusual Items Excluding Goodwill": NaN,
        "Net Income From Continuing Operation Net Minority Interest": 264000000.0,
        "Reconciled Depreciation": 411000000.0,
        "Reconciled Cost Of Revenue": 1455000000.0,
        "EBITDA": 724000000.0,
        "EBIT": 313000000.0,
        "Net Interest Income": -19000000.0,
        "Interest Expense": 19000000.0,
        "Interest Income": NaN,
        "Normalized Income": 264000000.0,
        "Net Income From Continuing And Discontinued Operation": 264000000.0,
        "Total Expenses": 1696000000.0,
        "Total Operating Income As Reported": 297000000.0,
        "Diluted Average Shares": 550000000.0,
        "Basic Average Shares": 535000000.0,
        "Diluted EPS": 0.48,
        "Basic EPS": 0.49,
        "Diluted NI Availto Com Stockholders": 264000000.0,
        "Net Income Common Stockholders": 264000000.0,
        "Net Income": 264000000.0,
        "Minority Interests": 0.0,
        "Net Income Including Noncontrolling Interests": 264000000.0,
        "Net Income Continuous Operations": 264000000.0,
        "Tax Provision": 30000000.0,
        "Pretax Income": 294000000.0,
        "Other Income Expense": 16000000.0,
        "Other Non Operating Income Expenses": 15000000.0,
        "Special Income Charges": NaN,
        "Gain On Sale Of Business": NaN,
        "Restructuring And Mergern Acquisition": NaN,
        "Earnings From Equity Interest": 1000000.0,
        "Net Non Operating Interest Income Expense": -19000000.0,
        "Interest Expense Non Operating": 19000000.0,
        "Interest Income Non Operating": NaN,
        "Operating Income": 297000000.0,
        "Operating Expense": 241000000.0,
        "Research And Development": 120000000.0,
        "Selling General And Administration": 121000000.0,
        "Gross Profit": 538000000.0,
        "Cost Of Revenue": 1455000000.0,
        "Total Revenue": 1993000000.0,
        "Operating Revenue": 1993000000.0
    },
    "2022-03-31": {
        "Diluted EPS": 0.33,
        "Total Revenue": NaN,
        "Gross Profit": 469,
        "Operating Income": 225,
        "EBIT": 625,
        "Net Income": 179
    },
    "2021-12-31": {
        "Diluted EPS": 0.1,
        "Total Revenue": NaN,
        "Gross Profit": 383,
        "Operating Income": 86,
        "EBIT": 495,
        "Net Income": 43
    },
    "2021-09-30": {
        "Diluted EPS": 0.01,
        "Total Revenue": NaN,
        "Gross Profit": 300,
        "Operating Income": 52,
        "EBIT": 460,
        "Net Income": 6
    },
    "2021-06-30": {
        "Diluted EPS": -0.35,
        "Total Revenue": NaN,
        "Gross Profit": 231,
        "Operating Income": -103,
        "EBIT": 297,
        "Net Income": -173
    },
    "2021-03-31": {
        "Diluted EPS": -0.25,
        "Total Revenue": NaN,
        "Gross Profit": 99,
        "Operating Income": -95,
        "EBIT": 273,
        "Net Income": -126
    },
    "2020-12-31": {
        "Diluted EPS": 0.0,
        "Total Revenue": NaN,
        "Gross Profit": NaN,
        "Operating Income": NaN,
        "EBIT": NaN,
        "Net Income": NaN
    },
    "2020-09-30": {
        "Diluted EPS": -0.58,
        "Total Revenue": NaN,
        "Gross Profit": -134,
        "Operating Income": -350,
        "EBIT": NaN,
        "Net Income": -293
    },
    "2020-06-30": {
        "Diluted EPS": 0.0,
        "Total Revenue": NaN,
        "Gross Profit": NaN,
        "Operating Income": NaN,
        "EBIT": NaN,
        "Net Income": NaN
    },
    "2019-12-31": {
        "Diluted EPS": 0.0,
        "Total Revenue": NaN,
        "Gross Profit": NaN,
        "Operating Income": NaN,
        "EBIT": NaN,
        "Net Income": NaN
    },
    "2018-12-31": {
        "Diluted EPS": 0.0,
        "Total Revenue": NaN,
        "Gross Profit": NaN,
        "Operating Income": NaN,
        "EBIT": NaN,
        "Net Income": NaN
    },
    "2023-06-30": {
        "Tax Effect Of Unusual Items": NaN,
        "Tax Rate For Calcs": NaN,
        "Normalized EBITDA": NaN,
        "Total Unusual Items": NaN,
        "Total Unusual Items Excluding Goodwill": NaN,
        "Net Income From Continuing Operation Net Minority Interest": NaN,
        "Reconciled Depreciation": NaN,
        "Reconciled Cost Of Revenue": NaN,
        "EBITDA": NaN,
        "EBIT": NaN,
        "Net Interest Income": NaN,
        "Interest Expense": 0.0,
        "Normalized Income": NaN,
        "Net Income From Continuing And Discontinued Operation": NaN,
        "Total Expenses": NaN,
        "Total Operating Income As Reported": NaN,
        "Diluted Average Shares": NaN,
        "Basic Average Shares": NaN,
        "Diluted EPS": NaN,
        "Basic EPS": NaN,
        "Diluted NI Availto Com Stockholders": NaN,
        "Net Income Common Stockholders": NaN,
        "Net Income": NaN,
        "Minority Interests": NaN,
        "Net Income Including Noncontrolling Interests": NaN,
        "Net Income Continuous Operations": NaN,
        "Tax Provision": NaN,
        "Pretax Income": NaN,
        "Other Income Expense": NaN,
        "Other Non Operating Income Expenses": NaN,
        "Special Income Charges": NaN,
        "Restructuring And Mergern Acquisition": NaN,
        "Earnings From Equity Interest": 1000000.0,
        "Net Non Operating Interest Income Expense": NaN,
        "Total Other Finance Cost": NaN,
        "Interest Expense Non Operating": 0.0,
        "Operating Income": NaN,
        "Operating Expense": NaN,
        "Research And Development": NaN,
        "Selling General And Administration": NaN,
        "Gross Profit": NaN,
        "Cost Of Revenue": NaN,
        "Total Revenue": NaN,
        "Operating Revenue": NaN
    },
    "2023-09-30": {
        "Tax Effect Of Unusual Items": NaN,
        "Tax Rate For Calcs": NaN,
        "Normalized EBITDA": NaN,
        "Total Unusual Items": NaN,
        "Total Unusual Items Excluding Goodwill": NaN,
        "Net Income From Continuing Operation Net Minority Interest": NaN,
        "Reconciled Depreciation": NaN,
        "Reconciled Cost Of Revenue": NaN,
        "EBITDA": NaN,
        "EBIT": NaN,
        "Net Interest Income": NaN,
        "Normalized Income": NaN,
        "Net Income From Continuing And Discontinued Operation": NaN,
        "Total Expenses": NaN,
        "Total Operating Income As Reported": NaN,
        "Diluted Average Shares": NaN,
        "Basic Average Shares": NaN,
        "Diluted EPS": NaN,
        "Basic EPS": NaN,
        "Diluted NI Availto Com Stockholders": NaN,
        "Net Income Common Stockholders": NaN,
        "Net Income": NaN,
        "Minority Interests": NaN,
        "Net Income Including Noncontrolling Interests": NaN,
        "Net Income Continuous Operations": NaN,
        "Tax Provision": NaN,
        "Pretax Income": NaN,
        "Other Income Expense": NaN,
        "Other Non Operating Income Expenses": NaN,
        "Special Income Charges": NaN,
        "Restructuring And Mergern Acquisition": NaN,
        "Earnings From Equity Interest": 0.0,
        "Net Non Operating Interest Income Expense": NaN,
        "Total Other Finance Cost": NaN,
        "Operating Income": NaN,
        "Operating Expense": NaN,
        "Research And Development": NaN,
        "Selling General And Administration": NaN,
        "Gross Profit": NaN,
        "Cost Of Revenue": NaN,
        "Total Revenue": NaN,
        "Operating Revenue": NaN
    },
    "2023-12-31": {
        "Tax Effect Of Unusual Items": -7585284.280936,
        "Tax Rate For Calcs": 0.070234,
        "Normalized EBITDA": 828000000.0,
        "Total Unusual Items": -108000000.0,
        "Total Unusual Items Excluding Goodwill": -108000000.0,
        "Net Income From Continuing Operation Net Minority Interest": 277000000.0,
        "Reconciled Depreciation": 402000000.0,
        "Reconciled Cost Of Revenue": 1329000000.0,
        "EBITDA": 720000000.0,
        "EBIT": 318000000.0,
        "Net Interest Income": 8000000.0,
        "Normalized Income": 377414715.719064,
        "Net Income From Continuing And Discontinued Operation": 277000000.0,
        "Total Expenses": 1521000000.0,
        "Total Operating Income As Reported": 303000000.0,
        "Diluted Average Shares": 557000000.0,
        "Basic Average Shares": 553000000.0,
        "Diluted EPS": 0.5,
        "Basic EPS": 0.5,
        "Diluted NI Availto Com Stockholders": 277000000.0,
        "Net Income Common Stockholders": 277000000.0,
        "Net Income": 277000000.0,
        "Minority Interests": -1000000.0,
        "Net Income Including Noncontrolling Interests": 278000000.0,
        "Net Income Continuous Operations": 278000000.0,
        "Tax Provision": 21000000.0,
        "Pretax Income": 299000000.0,
        "Other Income Expense": -42000000.0,
        "Other Non Operating Income Expenses": 68000000.0,
        "Special Income Charges": -30000000.0,
        "Restructuring And Mergern Acquisition": 30000000.0,
        "Earnings From Equity Interest": NaN,
        "Net Non Operating Interest Income Expense": 8000000.0,
        "Total Other Finance Cost": 40000000.0,
        "Operating Income": 333000000.0,
        "Operating Expense": 192000000.0,
        "Research And Development": 105000000.0,
        "Selling General And Administration": 62000000.0,
        "Gross Profit": 525000000.0,
        "Cost Of Revenue": 1329000000.0,
        "Total Revenue": 1854000000.0,
        "Operating Revenue": 1854000000.0
    },
    "2024-03-31": {
        "Tax Effect Of Unusual Items": 0.0,
        "Tax Rate For Calcs": 0.135,
        "Normalized EBITDA": 539000000.0,
        "Total Unusual Items": 0.0,
        "Total Unusual Items Excluding Goodwill": 0.0,
        "Net Income From Continuing Operation Net Minority Interest": 133000000.0,
        "Reconciled Depreciation": 392000000.0,
        "Reconciled Cost Of Revenue": 1156000000.0,
        "EBITDA": 539000000.0,
        "EBIT": 147000000.0,
        "Net Interest Income": 10000000.0,
        "Normalized Income": 133000000.0,
        "Net Income From Continuing And Discontinued Operation": 133000000.0,
        "Total Expenses": 1402000000.0,
        "Total Operating Income As Reported": 147000000.0,
        "Diluted Average Shares": 558000000.0,
        "Basic Average Shares": 555000000.0,
        "Diluted EPS": 0.24,
        "Basic EPS": 0.24,
        "Diluted NI Availto Com Stockholders": 133000000.0,
        "Net Income Common Stockholders": 133000000.0,
        "Net Income": 133000000.0,
        "Minority Interests": -1000000.0,
        "Net Income Including Noncontrolling Interests": 134000000.0,
        "Net Income Continuous Operations": 134000000.0,
        "Tax Provision": 21000000.0,
        "Pretax Income": 155000000.0,
        "Other Income Expense": -2000000.0,
        "Other Non Operating Income Expenses": -2000000.0,
        "Special Income Charges": 0.0,
        "Restructuring And Mergern Acquisition": 0.0,
        "Earnings From Equity Interest": 0.0,
        "Net Non Operating Interest Income Expense": 10000000.0,
        "Total Other Finance Cost": -10000000.0,
        "Operating Income": 147000000.0,
        "Operating Expense": 246000000.0,
        "Research And Development": 124000000.0,
        "Selling General And Administration": 122000000.0,
        "Gross Profit": 393000000.0,
        "Cost Of Revenue": 1156000000.0,
        "Total Revenue": 1549000000.0,
        "Operating Revenue": 1549000000.0
    },
    "2024-06-30": {
        "Tax Effect Of Unusual Items": -360000.0,
        "Tax Rate For Calcs": 0.072,
        "Normalized EBITDA": 567000000.0,
        "Total Unusual Items": -5000000.0,
        "Total Unusual Items Excluding Goodwill": -5000000.0,
        "Net Income From Continuing Operation Net Minority Interest": 155000000.0,
        "Reconciled Depreciation": 402000000.0,
        "Reconciled Cost Of Revenue": 1237000000.0,
        "EBITDA": 562000000.0,
        "EBIT": 160000000.0,
        "Net Interest Income": 16000000.0,
        "Normalized Income": 159640000.0,
        "Net Income From Continuing And Discontinued Operation": 155000000.0,
        "Total Expenses": 1472000000.0,
        "Total Operating Income As Reported": 155000000.0,
        "Diluted Average Shares": 557000000.0,
        "Basic Average Shares": 554000000.0,
        "Diluted EPS": 0.28,
        "Basic EPS": 0.28,
        "Diluted NI Availto Com Stockholders": 155000000.0,
        "Net Income Common Stockholders": 155000000.0,
        "Net Income": 155000000.0,
        "Minority Interests": 0.0,
        "Net Income Including Noncontrolling Interests": 155000000.0,
        "Net Income Continuous Operations": 155000000.0,
        "Tax Provision": 12000000.0,
        "Pretax Income": 167000000.0,
        "Other Income Expense": -9000000.0,
        "Other Non Operating Income Expenses": -4000000.0,
        "Special Income Charges": -5000000.0,
        "Restructuring And Mergern Acquisition": 5000000.0,
        "Earnings From Equity Interest": NaN,
        "Net Non Operating Interest Income Expense": 16000000.0,
        "Total Other Finance Cost": -16000000.0,
        "Operating Income": 160000000.0,
        "Operating Expense": 235000000.0,
        "Research And Development": 121000000.0,
        "Selling General And Administration": 114000000.0,
        "Gross Profit": 395000000.0,
        "Cost Of Revenue": 1237000000.0,
        "Total Revenue": 1632000000.0,
        "Operating Revenue": 1632000000.0
    },
    "2024-09-30": {
        "Tax Effect Of Unusual Items": -87000.0,
        "Tax Rate For Calcs": 0.087,
        "Normalized EBITDA": 583000000.0,
        "Total Unusual Items": -1000000.0,
        "Total Unusual Items Excluding Goodwill": -1000000.0,
        "Net Income From Continuing Operation Net Minority Interest": 177000000.0,
        "Reconciled Depreciation": 396000000.0,
        "Reconciled Cost Of Revenue": 1325000000.0,
        "EBITDA": 582000000.0,
        "EBIT": 186000000.0,
        "Net Interest Income": 15000000.0,
        "Normalized Income": 177913000.0,
        "Net Income From Continuing And Discontinued Operation": 177000000.0,
        "Total Expenses": 1553000000.0,
        "Total Operating Income As Reported": 185000000.0,
        "Diluted Average Shares": 555000000.0,
        "Basic Average Shares": 552000000.0,
        "Diluted EPS": 0.32,
        "Basic EPS": 0.32,
        "Diluted NI Availto Com Stockholders": 177000000.0,
        "Net Income Common Stockholders": 177000000.0,
        "Net Income": 177000000.0,
        "Minority Interests": -1000000.0,
        "Net Income Including Noncontrolling Interests": 178000000.0,
        "Net Income Continuous Operations": 178000000.0,
        "Tax Provision": 17000000.0,
        "Pretax Income": 195000000.0,
        "Other Income Expense": -6000000.0,
        "Other Non Operating Income Expenses": -5000000.0,
        "Special Income Charges": -1000000.0,
        "Restructuring And Mergern Acquisition": 1000000.0,
        "Earnings From Equity Interest": NaN,
        "Net Non Operating Interest Income Expense": 15000000.0,
        "Total Other Finance Cost": -15000000.0,
        "Operating Income": 186000000.0,
        "Operating Expense": 228000000.0,
        "Research And Development": 130000000.0,
        "Selling General And Administration": 98000000.0,
        "Gross Profit": 414000000.0,
        "Cost Of Revenue": 1325000000.0,
        "Total Revenue": 1739000000.0,
        "Operating Revenue": 1739000000.0
    },
    "2024-12-31": {
        "Tax Effect Of Unusual Items": -213780000.0,
        "Tax Rate For Calcs": 0.21,
        "Normalized EBITDA": 839000000.0,
        "Total Unusual Items": -1018000000.0,
        "Total Unusual Items Excluding Goodwill": -1018000000.0,
        "Net Income From Continuing Operation Net Minority Interest": -730000000.0,
        "Reconciled Depreciation": 378000000.0,
        "Reconciled Cost Of Revenue": 1381000000.0,
        "EBITDA": -179000000.0,
        "EBIT": -557000000.0,
        "Net Interest Income": 15000000.0,
        "Normalized Income": 74220000.0,
        "Net Income From Continuing And Discontinued Operation": -730000000.0,
        "Total Expenses": 1595000000.0,
        "Total Operating Income As Reported": -701000000.0,
        "Diluted Average Shares": 553000000.0,
        "Basic Average Shares": 553000000.0,
        "Diluted EPS": -1.32,
        "Basic EPS": -1.32,
        "Diluted NI Availto Com Stockholders": -730000000.0,
        "Net Income Common Stockholders": -730000000.0,
        "Net Income": -730000000.0,
        "Minority Interests": -1000000.0,
        "Net Income Including Noncontrolling Interests": -729000000.0,
        "Net Income Continuous Operations": -729000000.0,
        "Tax Provision": 42000000.0,
        "Pretax Income": -687000000.0,
        "Other Income Expense": -937000000.0,
        "Other Non Operating Income Expenses": 81000000.0,
        "Special Income Charges": -936000000.0,
        "Restructuring And Mergern Acquisition": 1000000.0,
        "Earnings From Equity Interest": NaN,
        "Net Non Operating Interest Income Expense": 15000000.0,
        "Total Other Finance Cost": 80000000.0,
        "Operating Income": 235000000.0,
        "Operating Expense": 214000000.0,
        "Research And Development": 121000000.0,
        "Selling General And Administration": 67000000.0,
        "Gross Profit": 449000000.0,
        "Cost Of Revenue": 1381000000.0,
        "Total Revenue": 1830000000.0,
        "Operating Revenue": 1830000000.0
    }
}