{
    "2023-03-31": {
        "Tax Effect Of Unusual Items": 0.0,
        "Tax Rate For Calcs": 0.21,
        "Normalized EBITDA": -122304000.0,
        "Net Income From Continuing Operation Net Minority Interest": -133533000.0,
        "Reconciled Depreciation": 10345000.0,
        "Reconciled Cost Of Revenue": 53073000.0,
        "EBITDA": -122304000.0,
        "EBIT": -132649000.0,
        "Net Interest Income": 2416000.0,
        "Interest Expense": 644000.0,
        "Interest Income": 3060000.0,
        "Normalized Income": -133533000.0,
        "Net Income From Continuing And Discontinued Operation": -133533000.0,
        "Total Expenses": 262769000.0,
        "Total Operating Income As Reported": -134055000.0,
        "Diluted Average Shares": 102663000.0,
        "Basic Average Shares": 102663000.0,
        "Diluted EPS": -1.3,
        "Basic EPS": -1.3,
        "Diluted NI Availto Com Stockholders": -133533000.0,
        "Net Income Common Stockholders": -133533000.0,
        "Net Income": -133533000.0,
        "Minority Interests": NaN,
        "Net Income Including Noncontrolling Interests": -133533000.0,
        "Net Income Continuous Operations": -133533000.0,
        "Tax Provision": 240000.0,
        "Pretax Income": -133293000.0,
        "Other Income Expense": -1654000.0,
        "Other Non Operating Income Expenses": -1654000.0,
        "Net Non Operating Interest Income Expense": 2416000.0,
        "Interest Expense Non Operating": 644000.0,
        "Interest Income Non Operating": 3060000.0,
        "Operating Income": -134055000.0,
        "Operating Expense": 209696000.0,
        "Research And Development": 93128000.0,
        "Selling General And Administration": 116568000.0,
        "Selling And Marketing Expense": 76123000.0,
        "General And Administrative Expense": 40445000.0,
        "Other Gand A": 40445000.0,
        "Gross Profit": 75641000.0,
        "Cost Of Revenue": 53073000.0,
        "Total Revenue": 128714000.0,
        "Operating Revenue": 128714000.0
    },
    "2022-12-31": {
        "Tax Effect Of Unusual Items": NaN,
        "Tax Rate For Calcs": NaN,
        "Normalized EBITDA": NaN,
        "Net Income From Continuing Operation Net Minority Interest": NaN,
        "Reconciled Depreciation": NaN,
        "Reconciled Cost Of Revenue": NaN,
        "EBITDA": NaN,
        "EBIT": NaN,
        "Net Interest Income": NaN,
        "Interest Expense": NaN,
        "Interest Income": NaN,
        "Normalized Income": NaN,
        "Net Income From Continuing And Discontinued Operation": NaN,
        "Total Expenses": NaN,
        "Total Operating Income As Reported": NaN,
        "Diluted Average Shares": NaN,
        "Basic Average Shares": NaN,
        "Diluted EPS": NaN,
        "Basic EPS": NaN,
        "Diluted NI Availto Com Stockholders": NaN,
        "Net Income Common Stockholders": NaN,
        "Net Income": NaN,
        "Minority Interests": 0.0,
        "Net Income Including Noncontrolling Interests": NaN,
        "Net Income Continuous Operations": NaN,
        "Tax Provision": NaN,
        "Pretax Income": NaN,
        "Other Income Expense": NaN,
        "Other Non Operating Income Expenses": NaN,
        "Net Non Operating Interest Income Expense": NaN,
        "Interest Expense Non Operating": NaN,
        "Interest Income Non Operating": NaN,
        "Operating Income": NaN,
        "Operating Expense": NaN,
        "Research And Development": NaN,
        "Selling General And Administration": NaN,
        "Selling And Marketing Expense": NaN,
        "General And Administrative Expense": NaN,
        "Other Gand A": NaN,
        "Gross Profit": NaN,
        "Cost Of Revenue": NaN,
        "Total Revenue": NaN,
        "Operating Revenue": NaN
    },
    "2022-09-30": {
        "Tax Effect Of Unusual Items": NaN,
        "Tax Rate For Calcs": NaN,
        "Normalized EBITDA": NaN,
        "Net Income From Continuing Operation Net Minority Interest": NaN,
        "Reconciled Depreciation": NaN,
        "Reconciled Cost Of Revenue": NaN,
        "EBITDA": NaN,
        "EBIT": NaN,
        "Net Interest Income": NaN,
        "Interest Expense": NaN,
        "Interest Income": NaN,
        "Normalized Income": NaN,
        "Net Income From Continuing And Discontinued Operation": NaN,
        "Total Expenses": NaN,
        "Total Operating Income As Reported": NaN,
        "Diluted Average Shares": NaN,
        "Basic Average Shares": NaN,
        "Diluted EPS": NaN,
        "Basic EPS": NaN,
        "Diluted NI Availto Com Stockholders": NaN,
        "Net Income Common Stockholders": NaN,
        "Net Income": NaN,
        "Minority Interests": 0.0,
        "Net Income Including Noncontrolling Interests": NaN,
        "Net Income Continuous Operations": NaN,
        "Tax Provision": NaN,
        "Pretax Income": NaN,
        "Other Income Expense": NaN,
        "Other Non Operating Income Expenses": NaN,
        "Net Non Operating Interest Income Expense": NaN,
        "Interest Expense Non Operating": NaN,
        "Interest Income Non Operating": NaN,
        "Operating Income": NaN,
        "Operating Expense": NaN,
        "Research And Development": NaN,
        "Selling General And Administration": NaN,
        "Selling And Marketing Expense": NaN,
        "General And Administrative Expense": NaN,
        "Other Gand A": NaN,
        "Gross Profit": NaN,
        "Cost Of Revenue": NaN,
        "Total Revenue": NaN,
        "Operating Revenue": NaN
    },
    "2022-06-30": {
        "Tax Effect Of Unusual Items": 0.0,
        "Tax Rate For Calcs": 0.4,
        "Normalized EBITDA": -219556000.0,
        "Net Income From Continuing Operation Net Minority Interest": -229432000.0,
        "Reconciled Depreciation": 8785000.0,
        "Reconciled Cost Of Revenue": 36727000.0,
        "EBITDA": -219556000.0,
        "EBIT": -228341000.0,
        "Net Interest Income": 742000.0,
        "Interest Expense": 645000.0,
        "Interest Income": 1387000.0,
        "Normalized Income": -229432000.0,
        "Net Income From Continuing And Discontinued Operation": -229432000.0,
        "Total Expenses": 239465000.0,
        "Total Operating Income As Reported": -130321000.0,
        "Diluted Average Shares": 102047000.0,
        "Basic Average Shares": 102047000.0,
        "Diluted EPS": -2.25,
        "Basic EPS": -2.25,
        "Diluted NI Availto Com Stockholders": -229432000.0,
        "Net Income Common Stockholders": -229432000.0,
        "Net Income": -229432000.0,
        "Minority Interests": 0.0,
        "Net Income Including Noncontrolling Interests": -229432000.0,
        "Net Income Continuous Operations": -229432000.0,
        "Tax Provision": 446000.0,
        "Pretax Income": -228986000.0,
        "Other Income Expense": -99407000.0,
        "Other Non Operating Income Expenses": -99407000.0,
        "Net Non Operating Interest Income Expense": 742000.0,
        "Interest Expense Non Operating": 645000.0,
        "Interest Income Non Operating": 1387000.0,
        "Operating Income": -130321000.0,
        "Operating Expense": 202738000.0,
        "Research And Development": 85455000.0,
        "Selling General And Administration": 117283000.0,
        "Selling And Marketing Expense": 73603000.0,
        "General And Administrative Expense": 43680000.0,
        "Other Gand A": 43680000.0,
        "Gross Profit": 72417000.0,
        "Cost Of Revenue": 36727000.0,
        "Total Revenue": 109144000.0,
        "Operating Revenue": 109144000.0
    },
    "2023-06-30": {
        "Tax Effect Of Unusual Items": 0.0,
        "Tax Rate For Calcs": 0.21,
        "Normalized EBITDA": -60999000.0,
        "Net Income From Continuing Operation Net Minority Interest": -72771000.0,
        "Reconciled Depreciation": 10631000.0,
        "Reconciled Cost Of Revenue": 53848000.0,
        "EBITDA": -60999000.0,
        "EBIT": -71630000.0,
        "Net Interest Income": 6082000.0,
        "Interest Expense": 645000.0,
        "Interest Income": 6727000.0,
        "Normalized Income": -72771000.0,
        "Net Income From Continuing And Discontinued Operation": -72771000.0,
        "Total Expenses": 256766000.0,
        "Total Operating Income As Reported": -119616000.0,
        "Diluted Average Shares": 108808000.0,
        "Basic Average Shares": 108808000.0,
        "Diluted EPS": -0.67,
        "Basic EPS": -0.67,
        "Diluted NI Availto Com Stockholders": -72771000.0,
        "Net Income Common Stockholders": -72771000.0,
        "Net Income": -72771000.0,
        "Net Income Including Noncontrolling Interests": -72771000.0,
        "Net Income Continuous Operations": -72771000.0,
        "Tax Provision": 496000.0,
        "Pretax Income": -72275000.0,
        "Other Income Expense": 41259000.0,
        "Other Non Operating Income Expenses": 41259000.0,
        "Net Non Operating Interest Income Expense": 6082000.0,
        "Interest Expense Non Operating": 645000.0,
        "Interest Income Non Operating": 6727000.0,
        "Operating Income": -119616000.0,
        "Operating Expense": 202918000.0,
        "Research And Development": 90359000.0,
        "Selling General And Administration": 112559000.0,
        "Selling And Marketing Expense": 71043000.0,
        "General And Administrative Expense": 41516000.0,
        "Other Gand A": 41516000.0,
        "Gross Profit": 83302000.0,
        "Cost Of Revenue": 53848000.0,
        "Total Revenue": 137150000.0,
        "Operating Revenue": 137150000.0
    },
    "2023-09-30": {
        "Tax Effect Of Unusual Items": NaN,
        "Tax Rate For Calcs": NaN,
        "Normalized EBITDA": NaN,
        "Net Income From Continuing Operation Net Minority Interest": NaN,
        "Reconciled Depreciation": NaN,
        "Reconciled Cost Of Revenue": NaN,
        "EBITDA": NaN,
        "EBIT": NaN,
        "Net Interest Income": NaN,
        "Interest Expense": NaN,
        "Interest Income": NaN,
        "Normalized Income": NaN,
        "Net Income From Continuing And Discontinued Operation": NaN,
        "Total Expenses": NaN,
        "Total Operating Income As Reported": NaN,
        "Diluted Average Shares": 117736000.0,
        "Basic Average Shares": 117736000.0,
        "Diluted EPS": -0.73,
        "Basic EPS": -0.73,
        "Diluted NI Availto Com Stockholders": NaN,
        "Net Income Common Stockholders": NaN,
        "Net Income": NaN,
        "Net Income Including Noncontrolling Interests": NaN,
        "Net Income Continuous Operations": NaN,
        "Tax Provision": NaN,
        "Pretax Income": NaN,
        "Other Income Expense": NaN,
        "Other Non Operating Income Expenses": NaN,
        "Net Non Operating Interest Income Expense": NaN,
        "Interest Expense Non Operating": NaN,
        "Interest Income Non Operating": NaN,
        "Operating Income": NaN,
        "Operating Expense": NaN,
        "Research And Development": NaN,
        "Selling General And Administration": NaN,
        "Selling And Marketing Expense": NaN,
        "General And Administrative Expense": NaN,
        "Other Gand A": NaN,
        "Gross Profit": NaN,
        "Cost Of Revenue": NaN,
        "Total Revenue": NaN,
        "Operating Revenue": NaN
    },
    "2023-12-31": {
        "Tax Effect Of Unusual Items": 0.0,
        "Tax Rate For Calcs": 0.002884,
        "Normalized EBITDA": -176071000.0,
        "Net Income From Continuing Operation Net Minority Interest": -187043000.0,
        "Reconciled Depreciation": 10868000.0,
        "Reconciled Cost Of Revenue": 62517000.0,
        "EBITDA": -176071000.0,
        "EBIT": -186939000.0,
        "Net Interest Income": 13243000.0,
        "Interest Expense": 645000.0,
        "Interest Income": 13888000.0,
        "Normalized Income": -187043000.0,
        "Net Income From Continuing And Discontinued Operation": -187043000.0,
        "Total Expenses": 352565000.0,
        "Total Operating Income As Reported": -197511000.0,
        "Diluted Average Shares": 118508000.0,
        "Basic Average Shares": 118508000.0,
        "Diluted EPS": -1.58,
        "Basic EPS": -1.58,
        "Diluted NI Availto Com Stockholders": -187043000.0,
        "Net Income Common Stockholders": -187043000.0,
        "Net Income": -187043000.0,
        "Net Income Including Noncontrolling Interests": -187043000.0,
        "Net Income Continuous Operations": -187043000.0,
        "Tax Provision": -541000.0,
        "Pretax Income": -187584000.0,
        "Other Income Expense": -3316000.0,
        "Other Non Operating Income Expenses": -3316000.0,
        "Net Non Operating Interest Income Expense": 13243000.0,
        "Interest Expense Non Operating": 645000.0,
        "Interest Income Non Operating": 13888000.0,
        "Operating Income": -197511000.0,
        "Operating Expense": 290048000.0,
        "Research And Development": 89856000.0,
        "Selling General And Administration": 116792000.0,
        "Selling And Marketing Expense": 79127000.0,
        "General And Administrative Expense": 37665000.0,
        "Other Gand A": 37665000.0,
        "Gross Profit": 92537000.0,
        "Cost Of Revenue": 62517000.0,
        "Total Revenue": 155054000.0,
        "Operating Revenue": 155054000.0
    },
    "2024-03-31": {
        "Tax Effect Of Unusual Items": 0.0,
        "Tax Rate For Calcs": 0.21,
        "Normalized EBITDA": -103223000.0,
        "Net Income From Continuing Operation Net Minority Interest": -114985000.0,
        "Reconciled Depreciation": 10712000.0,
        "Reconciled Cost Of Revenue": 65296000.0,
        "EBITDA": -103223000.0,
        "EBIT": -113935000.0,
        "Net Interest Income": 14223000.0,
        "Interest Expense": 645000.0,
        "Interest Income": 14868000.0,
        "Normalized Income": -114985000.0,
        "Net Income From Continuing And Discontinued Operation": -114985000.0,
        "Total Expenses": 268174000.0,
        "Total Operating Income As Reported": -99683000.0,
        "Diluted Average Shares": 121712000.0,
        "Basic Average Shares": 121712000.0,
        "Diluted EPS": -0.94,
        "Basic EPS": -0.94,
        "Diluted NI Availto Com Stockholders": -114985000.0,
        "Net Income Common Stockholders": -114985000.0,
        "Net Income": -114985000.0,
        "Net Income Including Noncontrolling Interests": -114985000.0,
        "Net Income Continuous Operations": -114985000.0,
        "Tax Provision": 405000.0,
        "Pretax Income": -114580000.0,
        "Other Income Expense": -29120000.0,
        "Other Non Operating Income Expenses": -29120000.0,
        "Net Non Operating Interest Income Expense": 14223000.0,
        "Interest Expense Non Operating": 645000.0,
        "Interest Income Non Operating": 14868000.0,
        "Operating Income": -99683000.0,
        "Operating Expense": 202878000.0,
        "Research And Development": 83802000.0,
        "Selling General And Administration": 119076000.0,
        "Selling And Marketing Expense": 80425000.0,
        "General And Administrative Expense": 38651000.0,
        "Other Gand A": 38651000.0,
        "Gross Profit": 103195000.0,
        "Cost Of Revenue": 65296000.0,
        "Total Revenue": 168491000.0,
        "Operating Revenue": 168491000.0
    },
    "2024-06-30": {
        "Tax Effect Of Unusual Items": 0.0,
        "Tax Rate For Calcs": 0.21,
        "Normalized EBITDA": -91227000.0,
        "Net Income From Continuing Operation Net Minority Interest": -102628000.0,
        "Reconciled Depreciation": 10623000.0,
        "Reconciled Cost Of Revenue": 72421000.0,
        "EBITDA": -91227000.0,
        "EBIT": -101850000.0,
        "Net Interest Income": 13268000.0,
        "Interest Expense": 645000.0,
        "Interest Income": 13913000.0,
        "Normalized Income": -102628000.0,
        "Net Income From Continuing And Discontinued Operation": -102628000.0,
        "Total Expenses": 277853000.0,
        "Total Operating Income As Reported": -100618000.0,
        "Diluted Average Shares": 122447000.0,
        "Basic Average Shares": 122447000.0,
        "Diluted EPS": -0.84,
        "Basic EPS": -0.84,
        "Diluted NI Availto Com Stockholders": -102628000.0,
        "Net Income Common Stockholders": -102628000.0,
        "Net Income": -102628000.0,
        "Net Income Including Noncontrolling Interests": -102628000.0,
        "Net Income Continuous Operations": -102628000.0,
        "Tax Provision": 133000.0,
        "Pretax Income": -102495000.0,
        "Other Income Expense": -15145000.0,
        "Other Non Operating Income Expenses": -15145000.0,
        "Net Non Operating Interest Income Expense": 13268000.0,
        "Interest Expense Non Operating": 645000.0,
        "Interest Income Non Operating": 13913000.0,
        "Operating Income": -100618000.0,
        "Operating Expense": 205432000.0,
        "Research And Development": 83102000.0,
        "Selling General And Administration": 122330000.0,
        "Selling And Marketing Expense": 81867000.0,
        "General And Administrative Expense": 40463000.0,
        "Other Gand A": 40463000.0,
        "Gross Profit": 104814000.0,
        "Cost Of Revenue": 72421000.0,
        "Total Revenue": 177235000.0,
        "Operating Revenue": 177235000.0
    },
    "2024-09-30": {
        "Tax Effect Of Unusual Items": 0.0,
        "Tax Rate For Calcs": 0.21,
        "Normalized EBITDA": -96480000.0,
        "Net Income From Continuing Operation Net Minority Interest": -107754000.0,
        "Reconciled Depreciation": 10598000.0,
        "Reconciled Cost Of Revenue": 74489000.0,
        "EBITDA": -96480000.0,
        "EBIT": -107078000.0,
        "Net Interest Income": 12611000.0,
        "Interest Expense": 646000.0,
        "Interest Income": 13257000.0,
        "Normalized Income": -107754000.0,
        "Net Income From Continuing And Discontinued Operation": -107754000.0,
        "Total Expenses": 308804000.0,
        "Total Operating Income As Reported": -117328000.0,
        "Diluted Average Shares": 123051000.0,
        "Basic Average Shares": 123051000.0,
        "Diluted EPS": -0.88,
        "Basic EPS": -0.88,
        "Diluted NI Availto Com Stockholders": -107754000.0,
        "Net Income Common Stockholders": -107754000.0,
        "Net Income": -107754000.0,
        "Net Income Including Noncontrolling Interests": -107754000.0,
        "Net Income Continuous Operations": -107754000.0,
        "Tax Provision": 30000.0,
        "Pretax Income": -107724000.0,
        "Other Income Expense": -3007000.0,
        "Other Non Operating Income Expenses": -3007000.0,
        "Net Non Operating Interest Income Expense": 12611000.0,
        "Interest Expense Non Operating": 646000.0,
        "Interest Income Non Operating": 13257000.0,
        "Operating Income": -117328000.0,
        "Operating Expense": 234315000.0,
        "Research And Development": 87306000.0,
        "Selling General And Administration": 147009000.0,
        "Selling And Marketing Expense": 97880000.0,
        "General And Administrative Expense": 49129000.0,
        "Other Gand A": 49129000.0,
        "Gross Profit": 116987000.0,
        "Cost Of Revenue": 74489000.0,
        "Total Revenue": 191476000.0,
        "Operating Revenue": 191476000.0
    },
    "2024-12-31": {
        "Tax Effect Of Unusual Items": 0.0,
        "Tax Rate For Calcs": 0.21,
        "Normalized EBITDA": -99191000.0,
        "Net Income From Continuing Operation Net Minority Interest": -111006000.0,
        "Reconciled Depreciation": 10454000.0,
        "Reconciled Cost Of Revenue": 77593000.0,
        "EBITDA": -99191000.0,
        "EBIT": -109645000.0,
        "Net Interest Income": 11008000.0,
        "Interest Expense": 645000.0,
        "Interest Income": 11653000.0,
        "Normalized Income": -111006000.0,
        "Net Income From Continuing And Discontinued Operation": -111006000.0,
        "Total Expenses": 327779000.0,
        "Total Operating Income As Reported": -125965000.0,
        "Diluted Average Shares": NaN,
        "Basic Average Shares": NaN,
        "Diluted EPS": NaN,
        "Basic EPS": NaN,
        "Diluted NI Availto Com Stockholders": -111006000.0,
        "Net Income Common Stockholders": -111006000.0,
        "Net Income": -111006000.0,
        "Net Income Including Noncontrolling Interests": -111006000.0,
        "Net Income Continuous Operations": -111006000.0,
        "Tax Provision": 716000.0,
        "Pretax Income": -110290000.0,
        "Other Income Expense": 4667000.0,
        "Other Non Operating Income Expenses": 4667000.0,
        "Net Non Operating Interest Income Expense": 11008000.0,
        "Interest Expense Non Operating": 645000.0,
        "Interest Income Non Operating": 11653000.0,
        "Operating Income": -125965000.0,
        "Operating Expense": 250186000.0,
        "Research And Development": 93543000.0,
        "Selling General And Administration": 156643000.0,
        "Selling And Marketing Expense": 104763000.0,
        "General And Administrative Expense": 51880000.0,
        "Other Gand A": 51880000.0,
        "Gross Profit": 124221000.0,
        "Cost Of Revenue": 77593000.0,
        "Total Revenue": 201814000.0,
        "Operating Revenue": 201814000.0
    }
}