{
    "2023-03-31": {
        "Tax Effect Of Unusual Items": NaN,
        "Tax Rate For Calcs": NaN,
        "Normalized EBITDA": NaN,
        "Total Unusual Items": NaN,
        "Total Unusual Items Excluding Goodwill": NaN,
        "Net Income From Continuing Operation Net Minority Interest": NaN,
        "Reconciled Depreciation": NaN,
        "Reconciled Cost Of Revenue": NaN,
        "EBITDA": NaN,
        "EBIT": NaN,
        "Net Interest Income": NaN,
        "Interest Income": NaN,
        "Normalized Income": NaN,
        "Net Income From Continuing And Discontinued Operation": NaN,
        "Total Expenses": NaN,
        "Total Operating Income As Reported": NaN,
        "Diluted Average Shares": 1267340.0,
        "Basic Average Shares": 1267340.0,
        "Diluted EPS": 0.42,
        "Basic EPS": 0.42,
        "Diluted NI Availto Com Stockholders": NaN,
        "Net Income Common Stockholders": NaN,
        "Net Income": NaN,
        "Net Income Including Noncontrolling Interests": NaN,
        "Net Income Discontinuous Operations": NaN,
        "Net Income Continuous Operations": NaN,
        "Pretax Income": NaN,
        "Other Income Expense": NaN,
        "Other Non Operating Income Expenses": NaN,
        "Special Income Charges": NaN,
        "Gain On Sale Of Ppe": NaN,
        "Impairment Of Capital Assets": 0.0,
        "Restructuring And Mergern Acquisition": 87668.0,
        "Gain On Sale Of Security": NaN,
        "Net Non Operating Interest Income Expense": NaN,
        "Interest Income Non Operating": NaN,
        "Operating Income": NaN,
        "Operating Expense": NaN,
        "Research And Development": NaN,
        "Selling General And Administration": NaN,
        "Selling And Marketing Expense": NaN,
        "General And Administrative Expense": NaN,
        "Other Gand A": NaN,
        "Gross Profit": NaN,
        "Cost Of Revenue": NaN,
        "Total Revenue": NaN,
        "Operating Revenue": NaN
    },
    "2022-12-31": {
        "Tax Effect Of Unusual Items": NaN,
        "Tax Rate For Calcs": NaN,
        "Normalized EBITDA": NaN,
        "Total Unusual Items": NaN,
        "Total Unusual Items Excluding Goodwill": NaN,
        "Net Income From Continuing Operation Net Minority Interest": NaN,
        "Reconciled Depreciation": NaN,
        "Reconciled Cost Of Revenue": NaN,
        "EBITDA": NaN,
        "EBIT": NaN,
        "Net Interest Income": NaN,
        "Interest Income": NaN,
        "Normalized Income": NaN,
        "Net Income From Continuing And Discontinued Operation": NaN,
        "Total Expenses": NaN,
        "Total Operating Income As Reported": NaN,
        "Diluted Average Shares": NaN,
        "Basic Average Shares": NaN,
        "Diluted EPS": NaN,
        "Basic EPS": NaN,
        "Diluted NI Availto Com Stockholders": NaN,
        "Net Income Common Stockholders": NaN,
        "Net Income": NaN,
        "Net Income Including Noncontrolling Interests": NaN,
        "Net Income Discontinuous Operations": NaN,
        "Net Income Continuous Operations": NaN,
        "Pretax Income": NaN,
        "Other Income Expense": NaN,
        "Other Non Operating Income Expenses": NaN,
        "Special Income Charges": NaN,
        "Gain On Sale Of Ppe": NaN,
        "Impairment Of Capital Assets": 10065833.0,
        "Restructuring And Mergern Acquisition": 0.0,
        "Gain On Sale Of Security": NaN,
        "Net Non Operating Interest Income Expense": NaN,
        "Interest Income Non Operating": NaN,
        "Operating Income": NaN,
        "Operating Expense": NaN,
        "Research And Development": NaN,
        "Selling General And Administration": NaN,
        "Selling And Marketing Expense": NaN,
        "General And Administrative Expense": NaN,
        "Other Gand A": NaN,
        "Gross Profit": NaN,
        "Cost Of Revenue": NaN,
        "Total Revenue": NaN,
        "Operating Revenue": NaN
    },
    "2022-09-30": {
        "Tax Effect Of Unusual Items": NaN,
        "Tax Rate For Calcs": NaN,
        "Normalized EBITDA": NaN,
        "Total Unusual Items": NaN,
        "Total Unusual Items Excluding Goodwill": NaN,
        "Net Income From Continuing Operation Net Minority Interest": NaN,
        "Reconciled Depreciation": NaN,
        "Reconciled Cost Of Revenue": NaN,
        "EBITDA": NaN,
        "EBIT": NaN,
        "Net Interest Income": NaN,
        "Interest Income": NaN,
        "Normalized Income": NaN,
        "Net Income From Continuing And Discontinued Operation": NaN,
        "Total Expenses": NaN,
        "Total Operating Income As Reported": NaN,
        "Diluted Average Shares": 1232016.0,
        "Basic Average Shares": 1232016.0,
        "Diluted EPS": -0.67,
        "Basic EPS": -0.67,
        "Diluted NI Availto Com Stockholders": NaN,
        "Net Income Common Stockholders": NaN,
        "Net Income": NaN,
        "Net Income Including Noncontrolling Interests": NaN,
        "Net Income Continuous Operations": NaN,
        "Pretax Income": NaN,
        "Other Income Expense": NaN,
        "Special Income Charges": NaN,
        "Gain On Sale Of Ppe": NaN,
        "Impairment Of Capital Assets": NaN,
        "Restructuring And Mergern Acquisition": 0.0,
        "Gain On Sale Of Security": NaN,
        "Net Non Operating Interest Income Expense": NaN,
        "Interest Income Non Operating": NaN,
        "Operating Income": NaN,
        "Operating Expense": NaN,
        "Research And Development": NaN,
        "Selling General And Administration": NaN,
        "Selling And Marketing Expense": NaN,
        "General And Administrative Expense": NaN,
        "Other Gand A": NaN,
        "Gross Profit": NaN,
        "Cost Of Revenue": NaN,
        "Total Revenue": NaN,
        "Operating Revenue": NaN
    },
    "2022-06-30": {
        "Tax Effect Of Unusual Items": 0.0,
        "Tax Rate For Calcs": 0.0,
        "Normalized EBITDA": -1394448.0,
        "Total Unusual Items": 0.0,
        "Total Unusual Items Excluding Goodwill": 0.0,
        "Net Income From Continuing Operation Net Minority Interest": -1701963.0,
        "Reconciled Depreciation": 317130.0,
        "Reconciled Cost Of Revenue": 1875669.0,
        "EBITDA": -1394448.0,
        "EBIT": -1711578.0,
        "Net Interest Income": 9615.0,
        "Interest Income": 9615.0,
        "Normalized Income": -1701963.0,
        "Net Income From Continuing And Discontinued Operation": -1701963.0,
        "Total Expenses": 4986791.0,
        "Total Operating Income As Reported": -1711578.0,
        "Diluted Average Shares": 1231063.0,
        "Basic Average Shares": 1231063.0,
        "Diluted EPS": 2.97,
        "Basic EPS": 2.97,
        "Diluted NI Availto Com Stockholders": -1701963.0,
        "Net Income Common Stockholders": -1701963.0,
        "Net Income": -1701963.0,
        "Net Income Including Noncontrolling Interests": -1701963.0,
        "Net Income Continuous Operations": -1701963.0,
        "Pretax Income": -1701963.0,
        "Other Income Expense": NaN,
        "Special Income Charges": 0.0,
        "Gain On Sale Of Ppe": NaN,
        "Impairment Of Capital Assets": 0.0,
        "Restructuring And Mergern Acquisition": 0.0,
        "Gain On Sale Of Security": NaN,
        "Net Non Operating Interest Income Expense": 9615.0,
        "Interest Income Non Operating": 9615.0,
        "Operating Income": -1711578.0,
        "Operating Expense": 3111122.0,
        "Research And Development": 95524.0,
        "Selling General And Administration": 3015598.0,
        "Selling And Marketing Expense": 388511.0,
        "General And Administrative Expense": 2627087.0,
        "Other Gand A": 2627087.0,
        "Gross Profit": 1399544.0,
        "Cost Of Revenue": 1875669.0,
        "Total Revenue": 3275213.0,
        "Operating Revenue": 3275213.0
    },
    "2022-03-31": {
        "Diluted EPS": -6.77,
        "Total Revenue": 2,
        "Gross Profit": 1,
        "Operating Income": -3,
        "EBIT": -2,
        "Net Income": -5
    },
    "2021-12-31": {
        "Diluted EPS": -30.23,
        "Total Revenue": 3,
        "Gross Profit": 1,
        "Operating Income": -15,
        "EBIT": -2,
        "Net Income": -15
    },
    "2021-09-30": {
        "Diluted EPS": -6.0,
        "Total Revenue": 3,
        "Gross Profit": 1,
        "Operating Income": -3,
        "EBIT": -3,
        "Net Income": -3
    },
    "2021-06-30": {
        "Diluted EPS": -9.5,
        "Total Revenue": 1,
        "Gross Profit": 1,
        "Operating Income": -5,
        "EBIT": -4,
        "Net Income": -5
    },
    "2021-03-31": {
        "Diluted EPS": -6.5,
        "Total Revenue": 0,
        "Gross Profit": 0,
        "Operating Income": -3,
        "EBIT": -3,
        "Net Income": -3
    },
    "2020-12-31": {
        "Diluted EPS": -11.0,
        "Total Revenue": 0,
        "Gross Profit": -1,
        "Operating Income": -3,
        "EBIT": -3,
        "Net Income": -3
    },
    "2020-09-30": {
        "Diluted EPS": -7.5,
        "Total Revenue": 0,
        "Gross Profit": 0,
        "Operating Income": -2,
        "EBIT": -2,
        "Net Income": -2
    },
    "2020-06-30": {
        "Diluted EPS": -2.5,
        "Total Revenue": 1,
        "Gross Profit": 1,
        "Operating Income": -1,
        "EBIT": -1,
        "Net Income": -1
    },
    "2020-03-31": {
        "Diluted EPS": -9.0,
        "Total Revenue": 0,
        "Gross Profit": 0,
        "Operating Income": -2,
        "EBIT": -2,
        "Net Income": -2
    },
    "2019-12-31": {
        "Diluted EPS": -5.52,
        "Total Revenue": 0,
        "Gross Profit": 0,
        "Operating Income": -4,
        "EBIT": -2,
        "Net Income": -4
    },
    "2019-09-30": {
        "Diluted EPS": -21.0,
        "Total Revenue": 0,
        "Gross Profit": 0,
        "Operating Income": -2,
        "EBIT": -2,
        "Net Income": -2
    },
    "2019-06-30": {
        "Diluted EPS": -41.99,
        "Total Revenue": 0,
        "Gross Profit": 0,
        "Operating Income": -3,
        "EBIT": -2,
        "Net Income": -3
    },
    "2019-03-31": {
        "Diluted EPS": -21.0,
        "Total Revenue": 0,
        "Gross Profit": 0,
        "Operating Income": -1,
        "EBIT": -1,
        "Net Income": -1
    },
    "2018-12-31": {
        "Diluted EPS": -18.0,
        "Total Revenue": 0,
        "Gross Profit": 0,
        "Operating Income": -1,
        "EBIT": -1,
        "Net Income": -1
    },
    "2018-09-30": {
        "Diluted EPS": -32.99,
        "Total Revenue": 0,
        "Gross Profit": 0,
        "Operating Income": -1,
        "EBIT": -1,
        "Net Income": -2
    },
    "2018-06-30": {
        "Diluted EPS": -27.0,
        "Total Revenue": 0,
        "Gross Profit": 0,
        "Operating Income": -1,
        "EBIT": -1,
        "Net Income": -2
    },
    "2018-03-31": {
        "Diluted EPS": -35.99,
        "Total Revenue": 0,
        "Gross Profit": 0,
        "Operating Income": -2,
        "EBIT": -2,
        "Net Income": -2
    },
    "2017-12-31": {
        "Diluted EPS": -92.98,
        "Total Revenue": 0,
        "Gross Profit": 0,
        "Operating Income": -2,
        "EBIT": -2,
        "Net Income": -3
    },
    "2017-09-30": {
        "Diluted EPS": -21.0,
        "Total Revenue": 0,
        "Gross Profit": 0,
        "Operating Income": -2,
        "EBIT": -2,
        "Net Income": -2
    },
    "2017-06-30": {
        "Diluted EPS": -12.0,
        "Total Revenue": 0,
        "Gross Profit": 0,
        "Operating Income": -1,
        "EBIT": -1,
        "Net Income": -1
    },
    "2017-03-31": {
        "Diluted EPS": -9.0,
        "Total Revenue": 0,
        "Gross Profit": 0,
        "Operating Income": -1,
        "EBIT": -1,
        "Net Income": -1
    },
    "2016-12-31": {
        "Diluted EPS": -38.99,
        "Total Revenue": 0,
        "Gross Profit": 0,
        "Operating Income": 19,
        "EBIT": 19,
        "Net Income": -2
    },
    "2016-09-30": {
        "Diluted EPS": -18.0,
        "Total Revenue": 0,
        "Gross Profit": 0,
        "Operating Income": -1,
        "EBIT": -1,
        "Net Income": -1
    },
    "2016-06-30": {
        "Diluted EPS": -18.0,
        "Total Revenue": 0,
        "Gross Profit": 0,
        "Operating Income": -1,
        "EBIT": -1,
        "Net Income": -1
    },
    "2016-03-31": {
        "Diluted EPS": -15.0,
        "Total Revenue": 0,
        "Gross Profit": 0,
        "Operating Income": -1,
        "EBIT": -1,
        "Net Income": -1
    },
    "2015-12-31": {
        "Diluted EPS": 0.0,
        "Total Revenue": NaN,
        "Gross Profit": NaN,
        "Operating Income": NaN,
        "EBIT": NaN,
        "Net Income": NaN
    },
    "2023-06-30": {
        "Tax Effect Of Unusual Items": 0.0,
        "Tax Rate For Calcs": 0.0,
        "Normalized EBITDA": -1160256.0,
        "Total Unusual Items": -255300.0,
        "Total Unusual Items Excluding Goodwill": -255300.0,
        "Net Income From Continuing Operation Net Minority Interest": -1580150.0,
        "Reconciled Depreciation": 4828.0,
        "Reconciled Cost Of Revenue": 86574.0,
        "EBITDA": -1415556.0,
        "EBIT": -1420384.0,
        "Net Interest Income": 95534.0,
        "Interest Income": 95534.0,
        "Normalized Income": -1324850.0,
        "Net Income From Continuing And Discontinued Operation": -1172411.0,
        "Total Expenses": 1500017.0,
        "Total Operating Income As Reported": -1420384.0,
        "Diluted Average Shares": 1267340.0,
        "Basic Average Shares": 1267340.0,
        "Diluted EPS": -0.93,
        "Basic EPS": -0.93,
        "Diluted NI Availto Com Stockholders": -1172411.0,
        "Net Income Common Stockholders": -1172411.0,
        "Net Income": -1172411.0,
        "Net Income Including Noncontrolling Interests": -1172411.0,
        "Net Income Discontinuous Operations": 407739.0,
        "Net Income Continuous Operations": -1580150.0,
        "Pretax Income": -1580150.0,
        "Other Income Expense": -255300.0,
        "Other Non Operating Income Expenses": NaN,
        "Special Income Charges": 0.0,
        "Gain On Sale Of Ppe": 0.0,
        "Impairment Of Capital Assets": 0.0,
        "Restructuring And Mergern Acquisition": NaN,
        "Gain On Sale Of Security": -255300.0,
        "Net Non Operating Interest Income Expense": 95534.0,
        "Interest Income Non Operating": 95534.0,
        "Operating Income": -1420384.0,
        "Operating Expense": 1413443.0,
        "Research And Development": 0.0,
        "Selling General And Administration": 1413443.0,
        "Selling And Marketing Expense": 7672.0,
        "General And Administrative Expense": 1405771.0,
        "Other Gand A": 1405771.0,
        "Gross Profit": -6941.0,
        "Cost Of Revenue": 86574.0,
        "Total Revenue": 79633.0,
        "Operating Revenue": 79633.0
    },
    "2023-09-30": {
        "Tax Effect Of Unusual Items": 220668.0,
        "Tax Rate For Calcs": 0.21,
        "Normalized EBITDA": -1818816.0,
        "Total Unusual Items": 1050800.0,
        "Total Unusual Items Excluding Goodwill": 1050800.0,
        "Net Income From Continuing Operation Net Minority Interest": 372633.0,
        "Reconciled Depreciation": 4898.0,
        "Reconciled Cost Of Revenue": 1876938.0,
        "EBITDA": -768016.0,
        "EBIT": -772914.0,
        "Net Interest Income": 94747.0,
        "Interest Income": 94747.0,
        "Normalized Income": -457499.0,
        "Net Income From Continuing And Discontinued Operation": 372633.0,
        "Total Expenses": 4110104.0,
        "Total Operating Income As Reported": -772914.0,
        "Diluted Average Shares": 1273486.0,
        "Basic Average Shares": 1273486.0,
        "Diluted EPS": 0.29,
        "Basic EPS": 0.29,
        "Diluted NI Availto Com Stockholders": 372633.0,
        "Net Income Common Stockholders": 372633.0,
        "Net Income": 372633.0,
        "Net Income Including Noncontrolling Interests": 372633.0,
        "Net Income Discontinuous Operations": NaN,
        "Net Income Continuous Operations": 372633.0,
        "Pretax Income": 372633.0,
        "Other Income Expense": 1050800.0,
        "Other Non Operating Income Expenses": NaN,
        "Special Income Charges": 0.0,
        "Gain On Sale Of Ppe": 0.0,
        "Impairment Of Capital Assets": 0.0,
        "Restructuring And Mergern Acquisition": NaN,
        "Gain On Sale Of Security": 1050800.0,
        "Net Non Operating Interest Income Expense": 94747.0,
        "Interest Income Non Operating": 94747.0,
        "Operating Income": -772914.0,
        "Operating Expense": 2233166.0,
        "Research And Development": 10671.0,
        "Selling General And Administration": 2222495.0,
        "Selling And Marketing Expense": 318734.0,
        "General And Administrative Expense": 1903761.0,
        "Other Gand A": 1903761.0,
        "Gross Profit": 1460252.0,
        "Cost Of Revenue": 1876938.0,
        "Total Revenue": 3337190.0,
        "Operating Revenue": 3337190.0
    },
    "2023-12-31": {
        "Tax Effect Of Unusual Items": 215603.64,
        "Tax Rate For Calcs": 0.21,
        "Normalized EBITDA": -1713989.0,
        "Total Unusual Items": 1026684.0,
        "Total Unusual Items Excluding Goodwill": 1026684.0,
        "Net Income From Continuing Operation Net Minority Interest": 424720.0,
        "Reconciled Depreciation": 4900.0,
        "Reconciled Cost Of Revenue": 1586159.0,
        "EBITDA": -687305.0,
        "EBIT": -692205.0,
        "Net Interest Income": 90240.0,
        "Interest Income": 90240.0,
        "Normalized Income": -386360.36,
        "Net Income From Continuing And Discontinued Operation": 424720.0,
        "Total Expenses": 3628060.0,
        "Total Operating Income As Reported": -1086750.0,
        "Diluted Average Shares": NaN,
        "Basic Average Shares": NaN,
        "Diluted EPS": NaN,
        "Basic EPS": NaN,
        "Diluted NI Availto Com Stockholders": 424720.0,
        "Net Income Common Stockholders": 424720.0,
        "Net Income": 424720.0,
        "Net Income Including Noncontrolling Interests": 424719.0,
        "Net Income Discontinuous Operations": NaN,
        "Net Income Continuous Operations": 424719.0,
        "Pretax Income": 424719.0,
        "Other Income Expense": 1026684.0,
        "Other Non Operating Income Expenses": NaN,
        "Special Income Charges": -264616.0,
        "Gain On Sale Of Ppe": 0.0,
        "Impairment Of Capital Assets": 0.0,
        "Restructuring And Mergern Acquisition": NaN,
        "Gain On Sale Of Security": 1291300.0,
        "Net Non Operating Interest Income Expense": 90240.0,
        "Interest Income Non Operating": 90240.0,
        "Operating Income": -692205.0,
        "Operating Expense": 2041901.0,
        "Research And Development": 80.0,
        "Selling General And Administration": 2041821.0,
        "Selling And Marketing Expense": 372211.0,
        "General And Administrative Expense": 1669610.0,
        "Other Gand A": 1669610.0,
        "Gross Profit": 1349696.0,
        "Cost Of Revenue": 1586159.0,
        "Total Revenue": 2935855.0,
        "Operating Revenue": 2935855.0
    },
    "2024-03-31": {
        "Tax Effect Of Unusual Items": 0.0,
        "Tax Rate For Calcs": 0.0,
        "Normalized EBITDA": 2785689.0,
        "Total Unusual Items": -3801644.0,
        "Total Unusual Items Excluding Goodwill": -3801644.0,
        "Net Income From Continuing Operation Net Minority Interest": -4746744.0,
        "Reconciled Depreciation": 4790.0,
        "Reconciled Cost Of Revenue": 1820645.0,
        "EBITDA": -1015955.0,
        "EBIT": -1020745.0,
        "Net Interest Income": 75645.0,
        "Interest Income": 75645.0,
        "Normalized Income": -945100.0,
        "Net Income From Continuing And Discontinued Operation": -4746744.0,
        "Total Expenses": 4020390.0,
        "Total Operating Income As Reported": -1553801.0,
        "Diluted Average Shares": 1280306.0,
        "Basic Average Shares": 1280306.0,
        "Diluted EPS": -3.71,
        "Basic EPS": -3.71,
        "Diluted NI Availto Com Stockholders": -4746744.0,
        "Net Income Common Stockholders": -4746744.0,
        "Net Income": -4746744.0,
        "Net Income Including Noncontrolling Interests": -4746744.0,
        "Net Income Discontinuous Operations": NaN,
        "Net Income Continuous Operations": -4746744.0,
        "Pretax Income": -4746744.0,
        "Other Income Expense": -3801644.0,
        "Other Non Operating Income Expenses": NaN,
        "Special Income Charges": -533056.0,
        "Gain On Sale Of Ppe": -3366.0,
        "Impairment Of Capital Assets": NaN,
        "Restructuring And Mergern Acquisition": 529690.0,
        "Gain On Sale Of Security": -3268588.0,
        "Net Non Operating Interest Income Expense": 75645.0,
        "Interest Income Non Operating": 75645.0,
        "Operating Income": -1020745.0,
        "Operating Expense": 2199745.0,
        "Research And Development": 3168.0,
        "Selling General And Administration": 2196577.0,
        "Selling And Marketing Expense": 361908.0,
        "General And Administrative Expense": 1834669.0,
        "Other Gand A": 1834669.0,
        "Gross Profit": 1179000.0,
        "Cost Of Revenue": 1820645.0,
        "Total Revenue": 2999645.0,
        "Operating Revenue": 2999645.0
    },
    "2024-06-30": {
        "Tax Effect Of Unusual Items": 0.0,
        "Tax Rate For Calcs": 0.0,
        "Normalized EBITDA": -799709.0,
        "Total Unusual Items": -563183.0,
        "Total Unusual Items Excluding Goodwill": -563183.0,
        "Net Income From Continuing Operation Net Minority Interest": -2133026.0,
        "Reconciled Depreciation": 4571.0,
        "Reconciled Cost Of Revenue": 36572.0,
        "EBITDA": -1362892.0,
        "EBIT": -1367463.0,
        "Net Interest Income": 117245.0,
        "Interest Income": 117245.0,
        "Normalized Income": -1569843.0,
        "Net Income From Continuing And Discontinued Operation": 10324330.0,
        "Total Expenses": 1440381.0,
        "Total Operating Income As Reported": -1381326.0,
        "Diluted Average Shares": 1284156.0,
        "Basic Average Shares": 1284156.0,
        "Diluted EPS": 8.04,
        "Basic EPS": 8.04,
        "Diluted NI Availto Com Stockholders": 10324330.0,
        "Net Income Common Stockholders": 10324330.0,
        "Net Income": 10324330.0,
        "Net Income Including Noncontrolling Interests": 10324330.0,
        "Net Income Discontinuous Operations": 12457356.0,
        "Net Income Continuous Operations": -2133026.0,
        "Pretax Income": -2133026.0,
        "Other Income Expense": -882808.0,
        "Other Non Operating Income Expenses": -319625.0,
        "Special Income Charges": -13863.0,
        "Gain On Sale Of Ppe": -13863.0,
        "Impairment Of Capital Assets": NaN,
        "Restructuring And Mergern Acquisition": NaN,
        "Gain On Sale Of Security": -549320.0,
        "Net Non Operating Interest Income Expense": 117245.0,
        "Interest Income Non Operating": 117245.0,
        "Operating Income": -1367463.0,
        "Operating Expense": 1403809.0,
        "Research And Development": 0.0,
        "Selling General And Administration": 1403809.0,
        "Selling And Marketing Expense": 8088.0,
        "General And Administrative Expense": 1395721.0,
        "Other Gand A": 1395721.0,
        "Gross Profit": 36346.0,
        "Cost Of Revenue": 36572.0,
        "Total Revenue": 72918.0,
        "Operating Revenue": 72918.0
    }
}