{
    "2023-06-30": {
        "Tax Effect Of Unusual Items": NaN,
        "Tax Rate For Calcs": NaN,
        "Normalized EBITDA": NaN,
        "Total Unusual Items": NaN,
        "Total Unusual Items Excluding Goodwill": NaN,
        "Net Income From Continuing Operation Net Minority Interest": NaN,
        "Reconciled Depreciation": NaN,
        "Reconciled Cost Of Revenue": NaN,
        "EBITDA": NaN,
        "EBIT": NaN,
        "Net Interest Income": NaN,
        "Interest Expense": NaN,
        "Interest Income": NaN,
        "Normalized Income": NaN,
        "Net Income From Continuing And Discontinued Operation": NaN,
        "Total Expenses": NaN,
        "Diluted Average Shares": 236883434.0,
        "Basic Average Shares": 233075350.0,
        "Diluted EPS": 1.75,
        "Basic EPS": 1.78,
        "Diluted NI Availto Com Stockholders": NaN,
        "Net Income Common Stockholders": NaN,
        "Net Income": NaN,
        "Net Income Including Noncontrolling Interests": NaN,
        "Net Income Continuous Operations": NaN,
        "Tax Provision": NaN,
        "Pretax Income": NaN,
        "Other Income Expense": NaN,
        "Special Income Charges": NaN,
        "Restructuring And Mergern Acquisition": NaN,
        "Gain On Sale Of Security": NaN,
        "Net Non Operating Interest Income Expense": NaN,
        "Total Other Finance Cost": NaN,
        "Interest Expense Non Operating": NaN,
        "Interest Income Non Operating": NaN,
        "Operating Income": NaN,
        "Gross Profit": NaN,
        "Cost Of Revenue": NaN,
        "Total Revenue": NaN,
        "Operating Revenue": NaN
    },
    "2023-03-31": {
        "Tax Effect Of Unusual Items": NaN,
        "Tax Rate For Calcs": NaN,
        "Normalized EBITDA": NaN,
        "Total Unusual Items": NaN,
        "Total Unusual Items Excluding Goodwill": NaN,
        "Net Income From Continuing Operation Net Minority Interest": NaN,
        "Reconciled Depreciation": NaN,
        "Reconciled Cost Of Revenue": NaN,
        "EBITDA": NaN,
        "EBIT": NaN,
        "Net Interest Income": NaN,
        "Interest Expense": NaN,
        "Interest Income": NaN,
        "Normalized Income": NaN,
        "Net Income From Continuing And Discontinued Operation": NaN,
        "Total Expenses": NaN,
        "Diluted Average Shares": 238504523.0,
        "Basic Average Shares": 235042445.0,
        "Diluted EPS": 1.76,
        "Basic EPS": 1.78,
        "Diluted NI Availto Com Stockholders": NaN,
        "Net Income Common Stockholders": NaN,
        "Net Income": NaN,
        "Net Income Including Noncontrolling Interests": NaN,
        "Net Income Continuous Operations": NaN,
        "Tax Provision": NaN,
        "Pretax Income": NaN,
        "Other Income Expense": NaN,
        "Special Income Charges": NaN,
        "Restructuring And Mergern Acquisition": NaN,
        "Gain On Sale Of Security": NaN,
        "Net Non Operating Interest Income Expense": NaN,
        "Total Other Finance Cost": NaN,
        "Interest Expense Non Operating": NaN,
        "Interest Income Non Operating": NaN,
        "Operating Income": NaN,
        "Operating Expense": 3150867000.0,
        "Gross Profit": NaN,
        "Cost Of Revenue": NaN,
        "Total Revenue": NaN,
        "Operating Revenue": NaN
    },
    "2022-12-31": {
        "Tax Effect Of Unusual Items": NaN,
        "Tax Rate For Calcs": NaN,
        "Normalized EBITDA": NaN,
        "Total Unusual Items": NaN,
        "Total Unusual Items Excluding Goodwill": NaN,
        "Net Income From Continuing Operation Net Minority Interest": NaN,
        "Reconciled Depreciation": NaN,
        "Reconciled Cost Of Revenue": NaN,
        "EBITDA": NaN,
        "EBIT": NaN,
        "Net Interest Income": NaN,
        "Interest Expense": NaN,
        "Interest Income": NaN,
        "Normalized Income": NaN,
        "Net Income From Continuing And Discontinued Operation": NaN,
        "Total Expenses": NaN,
        "Diluted Average Shares": 239436764.0,
        "Basic Average Shares": 236126560.0,
        "Diluted EPS": 1.6,
        "Basic EPS": 1.62,
        "Diluted NI Availto Com Stockholders": NaN,
        "Net Income Common Stockholders": NaN,
        "Net Income": NaN,
        "Net Income Including Noncontrolling Interests": NaN,
        "Net Income Continuous Operations": NaN,
        "Tax Provision": NaN,
        "Pretax Income": NaN,
        "Other Income Expense": NaN,
        "Special Income Charges": NaN,
        "Restructuring And Mergern Acquisition": NaN,
        "Gain On Sale Of Security": NaN,
        "Net Non Operating Interest Income Expense": NaN,
        "Total Other Finance Cost": NaN,
        "Interest Expense Non Operating": NaN,
        "Interest Income Non Operating": NaN,
        "Operating Income": NaN,
        "Operating Expense": NaN,
        "Gross Profit": NaN,
        "Cost Of Revenue": NaN,
        "Total Revenue": NaN,
        "Operating Revenue": NaN
    },
    "2022-09-30": {
        "Tax Effect Of Unusual Items": -5851281.863421,
        "Tax Rate For Calcs": 0.254249,
        "Normalized EBITDA": 645736000.0,
        "Total Unusual Items": -23014000.0,
        "Total Unusual Items Excluding Goodwill": -23014000.0,
        "Net Income From Continuing Operation Net Minority Interest": 362362000.0,
        "Reconciled Depreciation": 121020000.0,
        "Reconciled Cost Of Revenue": 1993725000.0,
        "EBITDA": 622722000.0,
        "EBIT": 501702000.0,
        "Net Interest Income": -21019000.0,
        "Interest Expense": 15800000.0,
        "Interest Income": NaN,
        "Normalized Income": 379524718.136579,
        "Net Income From Continuing And Discontinued Operation": 362362000.0,
        "Total Expenses": 2717286000.0,
        "Diluted Average Shares": 239936019.0,
        "Basic Average Shares": 236328628.0,
        "Diluted EPS": 1.51,
        "Basic EPS": 1.54,
        "Diluted NI Availto Com Stockholders": 362362000.0,
        "Net Income Common Stockholders": 362362000.0,
        "Net Income": 362362000.0,
        "Net Income Including Noncontrolling Interests": 362362000.0,
        "Net Income Continuous Operations": 362362000.0,
        "Tax Provision": 123540000.0,
        "Pretax Income": 485902000.0,
        "Other Income Expense": -23014000.0,
        "Special Income Charges": -19629000.0,
        "Restructuring And Mergern Acquisition": 14775000.0,
        "Gain On Sale Of Security": -3385000.0,
        "Net Non Operating Interest Income Expense": -21019000.0,
        "Total Other Finance Cost": NaN,
        "Interest Expense Non Operating": 15800000.0,
        "Interest Income Non Operating": NaN,
        "Operating Income": 529935000.0,
        "Operating Expense": NaN,
        "Gross Profit": 1253496000.0,
        "Cost Of Revenue": 1993725000.0,
        "Total Revenue": 3247221000.0,
        "Operating Revenue": 3247221000.0
    },
    "2022-06-30": {
        "Tax Effect Of Unusual Items": -2227844.965632,
        "Tax Rate For Calcs": 0.254873,
        "Normalized EBITDA": 637174000.0,
        "Total Unusual Items": -8741000.0,
        "Total Unusual Items Excluding Goodwill": -8741000.0,
        "Net Income From Continuing Operation Net Minority Interest": 364344000.0,
        "Reconciled Depreciation": 116577000.0,
        "Reconciled Cost Of Revenue": 2738041000.0,
        "EBITDA": 628433000.0,
        "EBIT": 511856000.0,
        "Net Interest Income": -22887000.0,
        "Interest Expense": 22887000.0,
        "Interest Income": NaN,
        "Normalized Income": 370857155.034368,
        "Net Income From Continuing And Discontinued Operation": 364344000.0,
        "Total Expenses": 2738041000.0,
        "Diluted Average Shares": 240802680.0,
        "Basic Average Shares": 237436642.0,
        "Diluted EPS": 1.51,
        "Basic EPS": 1.53,
        "Diluted NI Availto Com Stockholders": 364344000.0,
        "Net Income Common Stockholders": 364344000.0,
        "Net Income": 364344000.0,
        "Net Income Including Noncontrolling Interests": 364344000.0,
        "Net Income Continuous Operations": 364344000.0,
        "Tax Provision": 124625000.0,
        "Pretax Income": 488969000.0,
        "Other Income Expense": -8741000.0,
        "Special Income Charges": -8014000.0,
        "Restructuring And Mergern Acquisition": 8014000.0,
        "Gain On Sale Of Security": -727000.0,
        "Net Non Operating Interest Income Expense": -22887000.0,
        "Total Other Finance Cost": NaN,
        "Interest Expense Non Operating": 22887000.0,
        "Interest Income Non Operating": NaN,
        "Operating Income": 520597000.0,
        "Operating Expense": NaN,
        "Gross Profit": 520597000.0,
        "Cost Of Revenue": 2738041000.0,
        "Total Revenue": 3258638000.0,
        "Operating Revenue": 3258638000.0
    },
    "2022-03-31": {
        "Diluted EPS": 1.21,
        "Total Revenue": NaN,
        "Gross Profit": 413,
        "Operating Income": 411,
        "EBIT": 505,
        "Net Income": 294
    },
    "2021-12-31": {
        "Diluted EPS": 1.18,
        "Total Revenue": NaN,
        "Gross Profit": 414,
        "Operating Income": 412,
        "EBIT": 506,
        "Net Income": 291
    },
    "2021-09-30": {
        "Diluted EPS": 1.1,
        "Total Revenue": NaN,
        "Gross Profit": 391,
        "Operating Income": 390,
        "EBIT": 483,
        "Net Income": 275
    },
    "2021-06-30": {
        "Diluted EPS": 1.11,
        "Total Revenue": NaN,
        "Gross Profit": 390,
        "Operating Income": 389,
        "EBIT": 498,
        "Net Income": 276
    },
    "2021-03-31": {
        "Diluted EPS": 1.06,
        "Total Revenue": NaN,
        "Gross Profit": 383,
        "Operating Income": 382,
        "EBIT": 484,
        "Net Income": 269
    },
    "2020-12-31": {
        "Diluted EPS": 1.01,
        "Total Revenue": NaN,
        "Gross Profit": 378,
        "Operating Income": 375,
        "EBIT": 476,
        "Net Income": 264
    },
    "2020-09-30": {
        "Diluted EPS": 0.71,
        "Total Revenue": NaN,
        "Gross Profit": 341,
        "Operating Income": 337,
        "EBIT": 460,
        "Net Income": 189
    },
    "2020-06-30": {
        "Diluted EPS": 0.72,
        "Total Revenue": NaN,
        "Gross Profit": 322,
        "Operating Income": 308,
        "EBIT": 410,
        "Net Income": 188
    },
    "2020-03-31": {
        "Diluted EPS": 0.88,
        "Total Revenue": NaN,
        "Gross Profit": 362,
        "Operating Income": 339,
        "EBIT": 435,
        "Net Income": 235
    },
    "2019-12-31": {
        "Diluted EPS": 0.81,
        "Total Revenue": NaN,
        "Gross Profit": 360,
        "Operating Income": 345,
        "EBIT": 445,
        "Net Income": 220
    },
    "2019-09-30": {
        "Diluted EPS": 0.89,
        "Total Revenue": NaN,
        "Gross Profit": NaN,
        "Operating Income": 325,
        "EBIT": 400,
        "Net Income": 245
    },
    "2019-06-30": {
        "Diluted EPS": 0.84,
        "Total Revenue": NaN,
        "Gross Profit": 355,
        "Operating Income": 328,
        "EBIT": 403,
        "Net Income": 231
    },
    "2019-03-31": {
        "Diluted EPS": 0.86,
        "Total Revenue": NaN,
        "Gross Profit": 344,
        "Operating Income": 338,
        "EBIT": 411,
        "Net Income": 239
    },
    "2018-12-31": {
        "Diluted EPS": 0.84,
        "Total Revenue": NaN,
        "Gross Profit": 331,
        "Operating Income": 327,
        "EBIT": 400,
        "Net Income": 236
    },
    "2018-09-30": {
        "Diluted EPS": 0.79,
        "Total Revenue": NaN,
        "Gross Profit": NaN,
        "Operating Income": 333,
        "EBIT": 413,
        "Net Income": 224
    },
    "2018-06-30": {
        "Diluted EPS": 0.78,
        "Total Revenue": NaN,
        "Gross Profit": 339,
        "Operating Income": 332,
        "EBIT": 481,
        "Net Income": 223
    },
    "2018-03-31": {
        "Diluted EPS": 0.74,
        "Total Revenue": NaN,
        "Gross Profit": 336,
        "Operating Income": 327,
        "EBIT": 330,
        "Net Income": 217
    },
    "2017-12-31": {
        "Diluted EPS": 0.77,
        "Total Revenue": NaN,
        "Gross Profit": 320,
        "Operating Income": 307,
        "EBIT": 381,
        "Net Income": 224
    },
    "2017-09-30": {
        "Diluted EPS": 0.57,
        "Total Revenue": NaN,
        "Gross Profit": NaN,
        "Operating Income": 312,
        "EBIT": 393,
        "Net Income": 169
    },
    "2017-06-30": {
        "Diluted EPS": 0.68,
        "Total Revenue": NaN,
        "Gross Profit": 297,
        "Operating Income": 295,
        "EBIT": 364,
        "Net Income": 206
    },
    "2017-03-31": {
        "Diluted EPS": 0.68,
        "Total Revenue": NaN,
        "Gross Profit": 299,
        "Operating Income": 298,
        "EBIT": 369,
        "Net Income": 207
    },
    "2016-12-31": {
        "Diluted EPS": 0.67,
        "Total Revenue": NaN,
        "Gross Profit": 299,
        "Operating Income": 297,
        "EBIT": 363,
        "Net Income": 206
    },
    "2016-09-30": {
        "Diluted EPS": 1.88,
        "Total Revenue": NaN,
        "Gross Profit": NaN,
        "Operating Income": 856,
        "EBIT": NaN,
        "Net Income": 589
    },
    "2016-06-30": {
        "Diluted EPS": 0.69,
        "Total Revenue": NaN,
        "Gross Profit": 302,
        "Operating Income": 302,
        "EBIT": 388,
        "Net Income": 212
    },
    "2016-03-31": {
        "Diluted EPS": 0.66,
        "Total Revenue": NaN,
        "Gross Profit": 286,
        "Operating Income": 286,
        "EBIT": 357,
        "Net Income": 206
    },
    "2015-12-31": {
        "Diluted EPS": 0.56,
        "Total Revenue": NaN,
        "Gross Profit": 289,
        "Operating Income": 289,
        "EBIT": 365,
        "Net Income": 178
    },
    "2015-09-30": {
        "Diluted EPS": 0.56,
        "Total Revenue": NaN,
        "Gross Profit": NaN,
        "Operating Income": 295,
        "EBIT": 384,
        "Net Income": 178
    },
    "2015-06-30": {
        "Diluted EPS": 0.65,
        "Total Revenue": NaN,
        "Gross Profit": 300,
        "Operating Income": 300,
        "EBIT": 385,
        "Net Income": 209
    },
    "2015-03-31": {
        "Diluted EPS": 0.65,
        "Total Revenue": NaN,
        "Gross Profit": 360,
        "Operating Income": 360,
        "EBIT": 440,
        "Net Income": 209
    },
    "2014-12-31": {
        "Diluted EPS": 0.59,
        "Total Revenue": NaN,
        "Gross Profit": 106,
        "Operating Income": 106,
        "EBIT": 200,
        "Net Income": 190
    },
    "2014-09-30": {
        "Diluted EPS": 0.59,
        "Total Revenue": NaN,
        "Gross Profit": 303,
        "Operating Income": 303,
        "EBIT": 405,
        "Net Income": 189
    },
    "2014-06-30": {
        "Diluted EPS": 0.65,
        "Total Revenue": NaN,
        "Gross Profit": 337,
        "Operating Income": 337,
        "EBIT": 439,
        "Net Income": 208
    },
    "2014-03-31": {
        "Diluted EPS": 0.66,
        "Total Revenue": NaN,
        "Gross Profit": 292,
        "Operating Income": 292,
        "EBIT": 393,
        "Net Income": 210
    },
    "2013-12-31": {
        "Diluted EPS": 0.54,
        "Total Revenue": NaN,
        "Gross Profit": 123,
        "Operating Income": 123,
        "EBIT": 228,
        "Net Income": 171
    },
    "2013-09-30": {
        "Diluted EPS": 0.42,
        "Total Revenue": NaN,
        "Gross Profit": 360,
        "Operating Income": 360,
        "EBIT": 478,
        "Net Income": 134
    },
    "2013-06-30": {
        "Diluted EPS": 0.55,
        "Total Revenue": NaN,
        "Gross Profit": 272,
        "Operating Income": 272,
        "EBIT": 371,
        "Net Income": 173
    },
    "2013-03-31": {
        "Diluted EPS": 0.36,
        "Total Revenue": NaN,
        "Gross Profit": 160,
        "Operating Income": 160,
        "EBIT": 257,
        "Net Income": 113
    },
    "2012-12-31": {
        "Diluted EPS": 0.07,
        "Total Revenue": NaN,
        "Gross Profit": 178,
        "Operating Income": 178,
        "EBIT": 293,
        "Net Income": 22
    },
    "2012-09-30": {
        "Diluted EPS": -0.58,
        "Total Revenue": NaN,
        "Gross Profit": 240,
        "Operating Income": 158,
        "EBIT": 236,
        "Net Income": -169
    },
    "2012-06-30": {
        "Diluted EPS": 0.33,
        "Total Revenue": NaN,
        "Gross Profit": 175,
        "Operating Income": 127,
        "EBIT": 177,
        "Net Income": 86
    },
    "2012-03-31": {
        "Diluted EPS": 0.4,
        "Total Revenue": NaN,
        "Gross Profit": 224,
        "Operating Income": 177,
        "EBIT": 228,
        "Net Income": 108
    },
    "2011-12-31": {
        "Diluted EPS": 0.4,
        "Total Revenue": NaN,
        "Gross Profit": 171,
        "Operating Income": 130,
        "EBIT": 179,
        "Net Income": 107
    },
    "2011-09-30": {
        "Diluted EPS": 0.26,
        "Total Revenue": NaN,
        "Gross Profit": 123,
        "Operating Income": 59,
        "EBIT": 123,
        "Net Income": 72
    },
    "2011-06-30": {
        "Diluted EPS": 0.46,
        "Total Revenue": NaN,
        "Gross Profit": 223,
        "Operating Income": 174,
        "EBIT": 229,
        "Net Income": 125
    },
    "2011-03-31": {
        "Diluted EPS": 0.44,
        "Total Revenue": NaN,
        "Gross Profit": 249,
        "Operating Income": 197,
        "EBIT": 256,
        "Net Income": 123
    },
    "2010-12-31": {
        "Diluted EPS": 0.46,
        "Total Revenue": NaN,
        "Gross Profit": 226,
        "Operating Income": 176,
        "EBIT": 231,
        "Net Income": 127
    },
    "2010-09-30": {
        "Diluted EPS": 0.3,
        "Total Revenue": NaN,
        "Gross Profit": 231,
        "Operating Income": 174,
        "EBIT": 236,
        "Net Income": 84
    },
    "2010-06-30": {
        "Diluted EPS": 0.29,
        "Total Revenue": 871,
        "Gross Profit": 159,
        "Operating Income": 116,
        "EBIT": 166,
        "Net Income": 83
    },
    "2010-03-31": {
        "Diluted EPS": 0.28,
        "Total Revenue": 910,
        "Gross Profit": 200,
        "Operating Income": 154,
        "EBIT": 206,
        "Net Income": 82
    },
    "2009-12-31": {
        "Diluted EPS": 0.37,
        "Total Revenue": 913,
        "Gross Profit": 203,
        "Operating Income": 161,
        "EBIT": 208,
        "Net Income": 111
    },
    "2009-09-30": {
        "Diluted EPS": 0.25,
        "Total Revenue": 861,
        "Gross Profit": 178,
        "Operating Income": 127,
        "EBIT": 179,
        "Net Income": 77
    },
    "2009-06-30": {
        "Diluted EPS": 0.23,
        "Total Revenue": 879,
        "Gross Profit": 200,
        "Operating Income": 159,
        "EBIT": 210,
        "Net Income": 71
    },
    "2009-03-31": {
        "Diluted EPS": 0.21,
        "Total Revenue": 808,
        "Gross Profit": 167,
        "Operating Income": 130,
        "EBIT": 171,
        "Net Income": 66
    },
    "2023-09-30": {
        "Tax Effect Of Unusual Items": -2228409.481886,
        "Tax Rate For Calcs": 0.257114,
        "Normalized EBITDA": 726875000.0,
        "Total Unusual Items": -8667000.0,
        "Total Unusual Items Excluding Goodwill": -8667000.0,
        "Net Income From Continuing Operation Net Minority Interest": 414476000.0,
        "Reconciled Depreciation": 138097000.0,
        "Reconciled Cost Of Revenue": 2932413000.0,
        "EBITDA": 718208000.0,
        "EBIT": 580111000.0,
        "Net Interest Income": -6148000.0,
        "Interest Expense": 22184000.0,
        "Interest Income": 15325000.0,
        "Normalized Income": 420914590.518114,
        "Net Income From Continuing And Discontinued Operation": 414476000.0,
        "Total Expenses": 2932413000.0,
        "Diluted Average Shares": NaN,
        "Basic Average Shares": NaN,
        "Diluted EPS": NaN,
        "Basic EPS": NaN,
        "Diluted NI Availto Com Stockholders": 414476000.0,
        "Net Income Common Stockholders": 414476000.0,
        "Net Income": 414476000.0,
        "Net Income Including Noncontrolling Interests": 414476000.0,
        "Net Income Continuous Operations": 414476000.0,
        "Tax Provision": 143451000.0,
        "Pretax Income": 557927000.0,
        "Other Income Expense": -10848000.0,
        "Special Income Charges": -6783000.0,
        "Restructuring And Mergern Acquisition": 2613000.0,
        "Gain On Sale Of Security": -1884000.0,
        "Net Non Operating Interest Income Expense": -6148000.0,
        "Total Other Finance Cost": -711000.0,
        "Interest Expense Non Operating": 22184000.0,
        "Interest Income Non Operating": 15325000.0,
        "Operating Income": 574923000.0,
        "Gross Profit": 574923000.0,
        "Cost Of Revenue": 2932413000.0,
        "Total Revenue": 3507336000.0,
        "Operating Revenue": 3507336000.0
    },
    "2023-12-31": {
        "Tax Effect Of Unusual Items": NaN,
        "Tax Rate For Calcs": NaN,
        "Normalized EBITDA": NaN,
        "Total Unusual Items": NaN,
        "Total Unusual Items Excluding Goodwill": NaN,
        "Net Income From Continuing Operation Net Minority Interest": NaN,
        "Reconciled Depreciation": NaN,
        "Reconciled Cost Of Revenue": NaN,
        "EBITDA": NaN,
        "EBIT": NaN,
        "Net Interest Income": NaN,
        "Interest Expense": NaN,
        "Interest Income": NaN,
        "Normalized Income": NaN,
        "Net Income From Continuing And Discontinued Operation": NaN,
        "Total Expenses": NaN,
        "Diluted Average Shares": 233897282.0,
        "Basic Average Shares": 230298674.0,
        "Diluted EPS": 1.67,
        "Basic EPS": 1.69,
        "Diluted NI Availto Com Stockholders": NaN,
        "Net Income Common Stockholders": NaN,
        "Net Income": NaN,
        "Net Income Including Noncontrolling Interests": NaN,
        "Net Income Continuous Operations": NaN,
        "Tax Provision": NaN,
        "Pretax Income": NaN,
        "Other Income Expense": NaN,
        "Special Income Charges": NaN,
        "Restructuring And Mergern Acquisition": NaN,
        "Gain On Sale Of Security": NaN,
        "Net Non Operating Interest Income Expense": NaN,
        "Total Other Finance Cost": NaN,
        "Interest Expense Non Operating": NaN,
        "Interest Income Non Operating": NaN,
        "Operating Income": NaN,
        "Gross Profit": NaN,
        "Cost Of Revenue": NaN,
        "Total Revenue": NaN,
        "Operating Revenue": NaN
    },
    "2024-03-31": {
        "Tax Effect Of Unusual Items": NaN,
        "Tax Rate For Calcs": NaN,
        "Normalized EBITDA": NaN,
        "Total Unusual Items": NaN,
        "Total Unusual Items Excluding Goodwill": NaN,
        "Net Income From Continuing Operation Net Minority Interest": NaN,
        "Reconciled Depreciation": NaN,
        "Reconciled Cost Of Revenue": NaN,
        "EBITDA": NaN,
        "EBIT": NaN,
        "Net Interest Income": NaN,
        "Interest Expense": NaN,
        "Interest Income": NaN,
        "Normalized Income": NaN,
        "Net Income From Continuing And Discontinued Operation": NaN,
        "Total Expenses": NaN,
        "Diluted Average Shares": 233264256.0,
        "Basic Average Shares": 229602790.0,
        "Diluted EPS": 1.83,
        "Basic EPS": 1.86,
        "Diluted NI Availto Com Stockholders": NaN,
        "Net Income Common Stockholders": NaN,
        "Net Income": NaN,
        "Net Income Including Noncontrolling Interests": NaN,
        "Net Income Continuous Operations": NaN,
        "Tax Provision": NaN,
        "Pretax Income": NaN,
        "Other Income Expense": NaN,
        "Special Income Charges": NaN,
        "Restructuring And Mergern Acquisition": NaN,
        "Gain On Sale Of Security": NaN,
        "Net Non Operating Interest Income Expense": NaN,
        "Total Other Finance Cost": NaN,
        "Interest Expense Non Operating": NaN,
        "Interest Income Non Operating": NaN,
        "Operating Income": NaN,
        "Gross Profit": NaN,
        "Cost Of Revenue": NaN,
        "Total Revenue": NaN,
        "Operating Revenue": NaN
    },
    "2024-06-30": {
        "Tax Effect Of Unusual Items": NaN,
        "Tax Rate For Calcs": NaN,
        "Normalized EBITDA": NaN,
        "Total Unusual Items": NaN,
        "Total Unusual Items Excluding Goodwill": NaN,
        "Net Income From Continuing Operation Net Minority Interest": NaN,
        "Reconciled Depreciation": NaN,
        "Reconciled Cost Of Revenue": NaN,
        "EBITDA": NaN,
        "EBIT": NaN,
        "Net Interest Income": NaN,
        "Interest Expense": NaN,
        "Interest Income": NaN,
        "Normalized Income": NaN,
        "Net Income From Continuing And Discontinued Operation": NaN,
        "Total Expenses": NaN,
        "Diluted Average Shares": 230540966.0,
        "Basic Average Shares": 227154246.0,
        "Diluted EPS": 1.91,
        "Basic EPS": 1.94,
        "Diluted NI Availto Com Stockholders": NaN,
        "Net Income Common Stockholders": NaN,
        "Net Income": NaN,
        "Net Income Including Noncontrolling Interests": NaN,
        "Net Income Continuous Operations": NaN,
        "Tax Provision": NaN,
        "Pretax Income": NaN,
        "Other Income Expense": NaN,
        "Special Income Charges": NaN,
        "Restructuring And Mergern Acquisition": NaN,
        "Gain On Sale Of Security": NaN,
        "Net Non Operating Interest Income Expense": NaN,
        "Total Other Finance Cost": NaN,
        "Interest Expense Non Operating": NaN,
        "Interest Income Non Operating": NaN,
        "Operating Income": NaN,
        "Gross Profit": NaN,
        "Cost Of Revenue": NaN,
        "Total Revenue": NaN,
        "Operating Revenue": NaN
    },
    "2024-09-30": {
        "Tax Effect Of Unusual Items": 1374402.049587,
        "Tax Rate For Calcs": 0.264156,
        "Normalized EBITDA": 641892000.0,
        "Total Unusual Items": 5203000.0,
        "Total Unusual Items Excluding Goodwill": 5203000.0,
        "Net Income From Continuing Operation Net Minority Interest": 435923000.0,
        "Reconciled Depreciation": 33365000.0,
        "Reconciled Cost Of Revenue": 3059775000.0,
        "EBITDA": 647095000.0,
        "EBIT": 613730000.0,
        "Net Interest Income": -4394000.0,
        "Interest Expense": 21318000.0,
        "Interest Income": 16259000.0,
        "Normalized Income": 432094402.049587,
        "Net Income From Continuing And Discontinued Operation": 435923000.0,
        "Total Expenses": 3059775000.0,
        "Diluted Average Shares": NaN,
        "Basic Average Shares": NaN,
        "Diluted EPS": NaN,
        "Basic EPS": NaN,
        "Diluted NI Availto Com Stockholders": 435923000.0,
        "Net Income Common Stockholders": 435923000.0,
        "Net Income": 435923000.0,
        "Net Income Including Noncontrolling Interests": 435923000.0,
        "Net Income Continuous Operations": 435923000.0,
        "Tax Provision": 156489000.0,
        "Pretax Income": 592412000.0,
        "Other Income Expense": -3810000.0,
        "Special Income Charges": 5570000.0,
        "Restructuring And Mergern Acquisition": -18120000.0,
        "Gain On Sale Of Security": -367000.0,
        "Net Non Operating Interest Income Expense": -4394000.0,
        "Total Other Finance Cost": -665000.0,
        "Interest Expense Non Operating": 21318000.0,
        "Interest Income Non Operating": 16259000.0,
        "Operating Income": 600616000.0,
        "Gross Profit": 600616000.0,
        "Cost Of Revenue": 3059775000.0,
        "Total Revenue": 3660391000.0,
        "Operating Revenue": 3660391000.0
    },
    "2024-12-31": {
        "Tax Effect Of Unusual Items": -3298883.0,
        "Tax Rate For Calcs": 0.259,
        "Normalized EBITDA": 769625000.0,
        "Total Unusual Items": -12737000.0,
        "Total Unusual Items Excluding Goodwill": -12737000.0,
        "Net Income From Continuing Operation Net Minority Interest": 438580000.0,
        "Reconciled Depreciation": 141518000.0,
        "Reconciled Cost Of Revenue": 3174150000.0,
        "EBITDA": 756888000.0,
        "EBIT": 615370000.0,
        "Net Interest Income": -6612000.0,
        "Interest Expense": 23624000.0,
        "Interest Income": 17098000.0,
        "Normalized Income": 448018117.0,
        "Net Income From Continuing And Discontinued Operation": 438580000.0,
        "Total Expenses": 3174150000.0,
        "Diluted Average Shares": 228241476.0,
        "Basic Average Shares": 225191270.0,
        "Diluted EPS": 1.92,
        "Basic EPS": 1.95,
        "Diluted NI Availto Com Stockholders": 438580000.0,
        "Net Income Common Stockholders": 438580000.0,
        "Net Income": 438580000.0,
        "Net Income Including Noncontrolling Interests": 438580000.0,
        "Net Income Continuous Operations": 438580000.0,
        "Tax Provision": 153166000.0,
        "Pretax Income": 591746000.0,
        "Other Income Expense": -12737000.0,
        "Special Income Charges": -13364000.0,
        "Restructuring And Mergern Acquisition": 13364000.0,
        "Gain On Sale Of Security": 627000.0,
        "Net Non Operating Interest Income Expense": -6612000.0,
        "Total Other Finance Cost": 86000.0,
        "Interest Expense Non Operating": 23624000.0,
        "Interest Income Non Operating": 17098000.0,
        "Operating Income": 611095000.0,
        "Gross Profit": 611095000.0,
        "Cost Of Revenue": 3174150000.0,
        "Total Revenue": 3785245000.0,
        "Operating Revenue": 3785245000.0
    },
    "2025-03-31": {
        "Tax Effect Of Unusual Items": -17544830.0,
        "Tax Rate For Calcs": 0.262,
        "Normalized EBITDA": 823254000.0,
        "Total Unusual Items": -66965000.0,
        "Total Unusual Items Excluding Goodwill": -66965000.0,
        "Net Income From Continuing Operation Net Minority Interest": 429738000.0,
        "Reconciled Depreciation": 147406000.0,
        "Reconciled Cost Of Revenue": 3357197000.0,
        "EBITDA": 756289000.0,
        "EBIT": 608883000.0,
        "Net Interest Income": -16631000.0,
        "Interest Expense": 26267000.0,
        "Interest Income": 10486000.0,
        "Normalized Income": 479158170.0,
        "Net Income From Continuing And Discontinued Operation": 429738000.0,
        "Total Expenses": 3357197000.0,
        "Diluted Average Shares": 227190028.0,
        "Basic Average Shares": 224275024.0,
        "Diluted EPS": 1.89,
        "Basic EPS": 1.92,
        "Diluted NI Availto Com Stockholders": 429738000.0,
        "Net Income Common Stockholders": 429738000.0,
        "Net Income": 429738000.0,
        "Net Income Including Noncontrolling Interests": 429738000.0,
        "Net Income Continuous Operations": 429738000.0,
        "Tax Provision": 152878000.0,
        "Pretax Income": 582616000.0,
        "Other Income Expense": -66965000.0,
        "Special Income Charges": -66412000.0,
        "Restructuring And Mergern Acquisition": 66412000.0,
        "Gain On Sale Of Security": -553000.0,
        "Net Non Operating Interest Income Expense": -16631000.0,
        "Total Other Finance Cost": 850000.0,
        "Interest Expense Non Operating": 26267000.0,
        "Interest Income Non Operating": 10486000.0,
        "Operating Income": 666212000.0,
        "Gross Profit": 666212000.0,
        "Cost Of Revenue": 3357197000.0,
        "Total Revenue": 4023409000.0,
        "Operating Revenue": 4023409000.0
    },
    "2025-06-30": {
        "Tax Effect Of Unusual Items": -21730359.0,
        "Tax Rate For Calcs": 0.259,
        "Normalized EBITDA": 841957000.0,
        "Total Unusual Items": -83901000.0,
        "Total Unusual Items Excluding Goodwill": -83901000.0,
        "Net Income From Continuing Operation Net Minority Interest": 408612000.0,
        "Reconciled Depreciation": 172843000.0,
        "Reconciled Cost Of Revenue": 3423833000.0,
        "EBITDA": 758056000.0,
        "EBIT": 585213000.0,
        "Net Interest Income": -30861000.0,
        "Interest Expense": 33626000.0,
        "Interest Income": 8439000.0,
        "Normalized Income": 470782641.0,
        "Net Income From Continuing And Discontinued Operation": 408612000.0,
        "Total Expenses": 3423833000.0,
        "Diluted Average Shares": 224356551.0,
        "Basic Average Shares": 221781407.0,
        "Diluted EPS": 1.82,
        "Basic EPS": 1.84,
        "Diluted NI Availto Com Stockholders": 408612000.0,
        "Net Income Common Stockholders": 408612000.0,
        "Net Income": 408612000.0,
        "Net Income Including Noncontrolling Interests": 408612000.0,
        "Net Income Continuous Operations": 408612000.0,
        "Tax Provision": 142975000.0,
        "Pretax Income": 551587000.0,
        "Other Income Expense": -83901000.0,
        "Special Income Charges": -83695000.0,
        "Restructuring And Mergern Acquisition": 83695000.0,
        "Gain On Sale Of Security": -206000.0,
        "Net Non Operating Interest Income Expense": -30861000.0,
        "Total Other Finance Cost": 5674000.0,
        "Interest Expense Non Operating": 33626000.0,
        "Interest Income Non Operating": 8439000.0,
        "Operating Income": 666349000.0,
        "Gross Profit": 666349000.0,
        "Cost Of Revenue": 3423833000.0,
        "Total Revenue": 4090182000.0,
        "Operating Revenue": 4090182000.0
    },
    "2025-09-30": {
        "Tax Effect Of Unusual Items": -31914126.731507,
        "Tax Rate For Calcs": 0.261285,
        "Normalized EBITDA": 716243000.0,
        "Total Unusual Items": -122143000.0,
        "Total Unusual Items Excluding Goodwill": -122143000.0,
        "Net Income From Continuing Operation Net Minority Interest": 381355000.0,
        "Reconciled Depreciation": 42355000.0,
        "Reconciled Cost Of Revenue": 3345865000.0,
        "EBITDA": 594100000.0,
        "EBIT": 551745000.0,
        "Net Interest Income": -29588000.0,
        "Interest Expense": 35504000.0,
        "Interest Income": 8862000.0,
        "Normalized Income": 471583873.268493,
        "Net Income From Continuing And Discontinued Operation": 381355000.0,
        "Total Expenses": 3345865000.0,
        "Diluted Average Shares": NaN,
        "Basic Average Shares": NaN,
        "Diluted EPS": NaN,
        "Basic EPS": NaN,
        "Diluted NI Availto Com Stockholders": 381355000.0,
        "Net Income Common Stockholders": 381355000.0,
        "Net Income": 381355000.0,
        "Net Income Including Noncontrolling Interests": 381355000.0,
        "Net Income Continuous Operations": 381355000.0,
        "Tax Provision": 134886000.0,
        "Pretax Income": 516241000.0,
        "Other Income Expense": -122143000.0,
        "Special Income Charges": -121560000.0,
        "Restructuring And Mergern Acquisition": 121560000.0,
        "Gain On Sale Of Security": -583000.0,
        "Net Non Operating Interest Income Expense": -29588000.0,
        "Total Other Finance Cost": 2946000.0,
        "Interest Expense Non Operating": 35504000.0,
        "Interest Income Non Operating": 8862000.0,
        "Operating Income": 667972000.0,
        "Gross Profit": 667972000.0,
        "Cost Of Revenue": 3345865000.0,
        "Total Revenue": 4013837000.0,
        "Operating Revenue": 4013837000.0
    }
}