{
    "2023-03-31": {
        "Tax Effect Of Unusual Items": -116883000.0,
        "Tax Rate For Calcs": 0.243,
        "Normalized EBITDA": 2651000000.0,
        "Total Unusual Items": -481000000.0,
        "Total Unusual Items Excluding Goodwill": -481000000.0,
        "Net Income From Continuing Operation Net Minority Interest": 1010000000.0,
        "Reconciled Depreciation": 640000000.0,
        "Reconciled Cost Of Revenue": 1401000000.0,
        "EBITDA": 2170000000.0,
        "EBIT": 1530000000.0,
        "Net Interest Income": -230000000.0,
        "Interest Expense": 230000000.0,
        "Normalized Income": 1374117000.0,
        "Net Income From Continuing And Discontinued Operation": 1010000000.0,
        "Total Expenses": 4167000000.0,
        "Total Operating Income As Reported": 1705000000.0,
        "Diluted Average Shares": 1261000000.0,
        "Basic Average Shares": 1248000000.0,
        "Diluted EPS": 0.8,
        "Basic EPS": 0.81,
        "Diluted NI Availto Com Stockholders": 1010000000.0,
        "Net Income Common Stockholders": 1010000000.0,
        "Net Income": 1010000000.0,
        "Minority Interests": 26000000.0,
        "Net Income Including Noncontrolling Interests": 985000000.0,
        "Net Income Continuous Operations": 984000000.0,
        "Tax Provision": 316000000.0,
        "Pretax Income": 1300000000.0,
        "Other Income Expense": -655000000.0,
        "Other Non Operating Income Expenses": -174000000.0,
        "Special Income Charges": -481000000.0,
        "Other Special Charges": 481000000.0,
        "Net Non Operating Interest Income Expense": -230000000.0,
        "Interest Expense Non Operating": 230000000.0,
        "Operating Income": 2185000000.0,
        "Operating Expense": 2766000000.0,
        "Research And Development": 1447000000.0,
        "Selling General And Administration": 1319000000.0,
        "Gross Profit": 4951000000.0,
        "Cost Of Revenue": 1401000000.0,
        "Total Revenue": 6352000000.0,
        "Operating Revenue": 6352000000.0
    },
    "2022-12-31": {
        "Tax Effect Of Unusual Items": -560061053.668144,
        "Tax Rate For Calcs": 0.195963,
        "Normalized EBITDA": 5643000000.0,
        "Total Unusual Items": -2858000000.0,
        "Total Unusual Items Excluding Goodwill": -2858000000.0,
        "Net Income From Continuing Operation Net Minority Interest": 1640000000.0,
        "Reconciled Depreciation": 528000000.0,
        "Reconciled Cost Of Revenue": 1396000000.0,
        "EBITDA": 2785000000.0,
        "EBIT": 2257000000.0,
        "Net Interest Income": -226000000.0,
        "Interest Expense": 226000000.0,
        "Normalized Income": 3937938946.331856,
        "Net Income From Continuing And Discontinued Operation": 1640000000.0,
        "Total Expenses": 2264000000.0,
        "Total Operating Income As Reported": 2267000000.0,
        "Diluted Average Shares": 1264000000.0,
        "Basic Average Shares": 1252000000.0,
        "Diluted EPS": 1.3,
        "Basic EPS": 1.31,
        "Diluted NI Availto Com Stockholders": 1640000000.0,
        "Net Income Common Stockholders": 1640000000.0,
        "Net Income": 1640000000.0,
        "Minority Interests": 7000000.0,
        "Net Income Including Noncontrolling Interests": 1633000000.0,
        "Net Income Continuous Operations": 1633000000.0,
        "Tax Provision": 398000000.0,
        "Pretax Income": 2031000000.0,
        "Other Income Expense": -2868000000.0,
        "Other Non Operating Income Expenses": -10000000.0,
        "Special Income Charges": -2858000000.0,
        "Other Special Charges": 158000000.0,
        "Net Non Operating Interest Income Expense": -226000000.0,
        "Interest Expense Non Operating": 226000000.0,
        "Operating Income": 5125000000.0,
        "Operating Expense": 868000000.0,
        "Research And Development": -1152000000.0,
        "Selling General And Administration": 2020000000.0,
        "Gross Profit": 5993000000.0,
        "Cost Of Revenue": 1396000000.0,
        "Total Revenue": 7389000000.0,
        "Operating Revenue": 7389000000.0
    },
    "2022-09-30": {
        "Tax Effect Of Unusual Items": -119168000.0,
        "Tax Rate For Calcs": 0.266,
        "Normalized EBITDA": 3109000000.0,
        "Total Unusual Items": -448000000.0,
        "Total Unusual Items Excluding Goodwill": -448000000.0,
        "Net Income From Continuing Operation Net Minority Interest": 1789000000.0,
        "Reconciled Depreciation": 525000000.0,
        "Reconciled Cost Of Revenue": 1395000000.0,
        "EBITDA": 2661000000.0,
        "EBIT": 2661000000.0,
        "Net Interest Income": -229000000.0,
        "Interest Expense": 229000000.0,
        "Normalized Income": 2117832000.0,
        "Net Income From Continuing And Discontinued Operation": 1789000000.0,
        "Total Expenses": 3757000000.0,
        "Total Operating Income As Reported": 2837000000.0,
        "Diluted Average Shares": 1261000000.0,
        "Basic Average Shares": 1255000000.0,
        "Diluted EPS": 1.42,
        "Basic EPS": 1.43,
        "Diluted NI Availto Com Stockholders": 1789000000.0,
        "Net Income Common Stockholders": 1789000000.0,
        "Net Income": 1789000000.0,
        "Minority Interests": 3000000.0,
        "Net Income Including Noncontrolling Interests": 1786000000.0,
        "Net Income Continuous Operations": 1786000000.0,
        "Tax Provision": 646000000.0,
        "Pretax Income": 2432000000.0,
        "Other Income Expense": -624000000.0,
        "Other Non Operating Income Expenses": -176000000.0,
        "Special Income Charges": -448000000.0,
        "Other Special Charges": 448000000.0,
        "Write Off": NaN,
        "Net Non Operating Interest Income Expense": -229000000.0,
        "Interest Expense Non Operating": 229000000.0,
        "Operating Income": 3285000000.0,
        "Operating Expense": 2362000000.0,
        "Research And Development": 1149000000.0,
        "Selling General And Administration": 1213000000.0,
        "Gross Profit": 5647000000.0,
        "Cost Of Revenue": 1395000000.0,
        "Total Revenue": 7042000000.0,
        "Operating Revenue": 7042000000.0
    },
    "2022-06-30": {
        "Tax Effect Of Unusual Items": -80850000.0,
        "Tax Rate For Calcs": 0.245,
        "Normalized EBITDA": 2075000000.0,
        "Total Unusual Items": -330000000.0,
        "Total Unusual Items Excluding Goodwill": -330000000.0,
        "Net Income From Continuing Operation Net Minority Interest": 1144000000.0,
        "Reconciled Depreciation": 525000000.0,
        "Reconciled Cost Of Revenue": 1442000000.0,
        "EBITDA": 1745000000.0,
        "EBIT": 1745000000.0,
        "Net Interest Income": -242000000.0,
        "Interest Expense": 242000000.0,
        "Normalized Income": 1393150000.0,
        "Net Income From Continuing And Discontinued Operation": 1144000000.0,
        "Total Expenses": 3901000000.0,
        "Total Operating Income As Reported": 2029000000.0,
        "Diluted Average Shares": 1260000000.0,
        "Basic Average Shares": 1256000000.0,
        "Diluted EPS": 0.91,
        "Basic EPS": 0.91,
        "Diluted NI Availto Com Stockholders": 1144000000.0,
        "Net Income Common Stockholders": 1144000000.0,
        "Net Income": 1144000000.0,
        "Minority Interests": 9000000.0,
        "Net Income Including Noncontrolling Interests": 1135000000.0,
        "Net Income Continuous Operations": 1135000000.0,
        "Tax Provision": 368000000.0,
        "Pretax Income": 1503000000.0,
        "Other Income Expense": -614000000.0,
        "Other Non Operating Income Expenses": -284000000.0,
        "Special Income Charges": -330000000.0,
        "Other Special Charges": 330000000.0,
        "Write Off": NaN,
        "Net Non Operating Interest Income Expense": -242000000.0,
        "Interest Expense Non Operating": 242000000.0,
        "Operating Income": 2359000000.0,
        "Operating Expense": 2459000000.0,
        "Research And Development": 1102000000.0,
        "Selling General And Administration": 1357000000.0,
        "Gross Profit": 4818000000.0,
        "Cost Of Revenue": 1442000000.0,
        "Total Revenue": 6260000000.0,
        "Operating Revenue": 6260000000.0
    },
    "2023-06-30": {
        "Tax Effect Of Unusual Items": NaN,
        "Tax Rate For Calcs": NaN,
        "Normalized EBITDA": NaN,
        "Total Unusual Items": NaN,
        "Total Unusual Items Excluding Goodwill": NaN,
        "Net Income From Continuing Operation Net Minority Interest": NaN,
        "Reconciled Depreciation": NaN,
        "Reconciled Cost Of Revenue": NaN,
        "EBITDA": NaN,
        "EBIT": NaN,
        "Net Interest Income": NaN,
        "Interest Expense": NaN,
        "Interest Income": NaN,
        "Normalized Income": NaN,
        "Net Income From Continuing And Discontinued Operation": NaN,
        "Total Expenses": NaN,
        "Total Operating Income As Reported": NaN,
        "Diluted Average Shares": NaN,
        "Basic Average Shares": NaN,
        "Diluted EPS": NaN,
        "Basic EPS": NaN,
        "Diluted NI Availto Com Stockholders": NaN,
        "Net Income Common Stockholders": NaN,
        "Net Income": NaN,
        "Minority Interests": NaN,
        "Net Income Including Noncontrolling Interests": NaN,
        "Net Income Continuous Operations": NaN,
        "Tax Provision": NaN,
        "Pretax Income": NaN,
        "Other Income Expense": NaN,
        "Other Non Operating Income Expenses": NaN,
        "Special Income Charges": NaN,
        "Other Special Charges": NaN,
        "Write Off": 0.0,
        "Gain On Sale Of Security": NaN,
        "Net Non Operating Interest Income Expense": NaN,
        "Interest Expense Non Operating": NaN,
        "Interest Income Non Operating": NaN,
        "Operating Income": NaN,
        "Operating Expense": NaN,
        "Research And Development": NaN,
        "Selling General And Administration": NaN,
        "Gross Profit": NaN,
        "Cost Of Revenue": NaN,
        "Total Revenue": NaN,
        "Operating Revenue": NaN
    },
    "2022-03-31": {
        "Diluted EPS": 0.02,
        "Total Revenue": NaN,
        "Gross Profit": NaN,
        "Operating Income": 197,
        "EBIT": 722,
        "Net Income": 19
    },
    "2021-12-31": {
        "Diluted EPS": 0.3,
        "Total Revenue": NaN,
        "Gross Profit": NaN,
        "Operating Income": 940,
        "EBIT": NaN,
        "Net Income": 382
    },
    "2021-09-30": {
        "Diluted EPS": 2.05,
        "Total Revenue": NaN,
        "Gross Profit": NaN,
        "Operating Income": NaN,
        "EBIT": NaN,
        "Net Income": NaN
    },
    "2021-06-30": {
        "Diluted EPS": 1.21,
        "Total Revenue": NaN,
        "Gross Profit": NaN,
        "Operating Income": NaN,
        "EBIT": NaN,
        "Net Income": NaN
    },
    "2021-03-31": {
        "Diluted EPS": 1.37,
        "Total Revenue": NaN,
        "Gross Profit": NaN,
        "Operating Income": NaN,
        "EBIT": NaN,
        "Net Income": NaN
    },
    "2020-12-31": {
        "Diluted EPS": 1.25,
        "Total Revenue": NaN,
        "Gross Profit": NaN,
        "Operating Income": NaN,
        "EBIT": NaN,
        "Net Income": NaN
    },
    "2020-09-30": {
        "Diluted EPS": 0.29,
        "Total Revenue": NaN,
        "Gross Profit": NaN,
        "Operating Income": NaN,
        "EBIT": NaN,
        "Net Income": 360
    },
    "2020-06-30": {
        "Diluted EPS": -2.66,
        "Total Revenue": NaN,
        "Gross Profit": NaN,
        "Operating Income": NaN,
        "EBIT": NaN,
        "Net Income": NaN
    },
    "2020-03-31": {
        "Diluted EPS": 1.22,
        "Total Revenue": NaN,
        "Gross Profit": NaN,
        "Operating Income": NaN,
        "EBIT": NaN,
        "Net Income": NaN
    },
    "2019-12-31": {
        "Diluted EPS": 2.13,
        "Total Revenue": NaN,
        "Gross Profit": NaN,
        "Operating Income": NaN,
        "EBIT": NaN,
        "Net Income": NaN
    },
    "2019-09-30": {
        "Diluted EPS": -0.92,
        "Total Revenue": NaN,
        "Gross Profit": NaN,
        "Operating Income": NaN,
        "EBIT": NaN,
        "Net Income": NaN
    },
    "2019-06-30": {
        "Diluted EPS": 1.47,
        "Total Revenue": NaN,
        "Gross Profit": NaN,
        "Operating Income": NaN,
        "EBIT": NaN,
        "Net Income": NaN
    },
    "2019-03-31": {
        "Diluted EPS": 1.54,
        "Total Revenue": NaN,
        "Gross Profit": NaN,
        "Operating Income": NaN,
        "EBIT": NaN,
        "Net Income": NaN
    },
    "2018-12-31": {
        "Diluted EPS": 0.01,
        "Total Revenue": NaN,
        "Gross Profit": NaN,
        "Operating Income": NaN,
        "EBIT": NaN,
        "Net Income": 3
    },
    "2018-09-30": {
        "Diluted EPS": 1.6,
        "Total Revenue": NaN,
        "Gross Profit": NaN,
        "Operating Income": NaN,
        "EBIT": NaN,
        "Net Income": NaN
    },
    "2018-06-30": {
        "Diluted EPS": 1.39,
        "Total Revenue": NaN,
        "Gross Profit": NaN,
        "Operating Income": NaN,
        "EBIT": NaN,
        "Net Income": NaN
    },
    "2018-03-31": {
        "Diluted EPS": 1.17,
        "Total Revenue": NaN,
        "Gross Profit": NaN,
        "Operating Income": NaN,
        "EBIT": NaN,
        "Net Income": NaN
    },
    "2017-12-31": {
        "Diluted EPS": -2.93,
        "Total Revenue": NaN,
        "Gross Profit": NaN,
        "Operating Income": NaN,
        "EBIT": NaN,
        "Net Income": NaN
    },
    "2017-09-30": {
        "Diluted EPS": 2.06,
        "Total Revenue": NaN,
        "Gross Profit": NaN,
        "Operating Income": NaN,
        "EBIT": NaN,
        "Net Income": NaN
    },
    "2017-06-30": {
        "Diluted EPS": 2.33,
        "Total Revenue": NaN,
        "Gross Profit": NaN,
        "Operating Income": NaN,
        "EBIT": NaN,
        "Net Income": NaN
    },
    "2017-03-31": {
        "Diluted EPS": 2.05,
        "Total Revenue": NaN,
        "Gross Profit": NaN,
        "Operating Income": NaN,
        "EBIT": NaN,
        "Net Income": NaN
    },
    "2016-12-31": {
        "Diluted EPS": 2.34,
        "Total Revenue": NaN,
        "Gross Profit": NaN,
        "Operating Income": NaN,
        "EBIT": NaN,
        "Net Income": NaN
    },
    "2016-09-30": {
        "Diluted EPS": 2.49,
        "Total Revenue": NaN,
        "Gross Profit": NaN,
        "Operating Income": NaN,
        "EBIT": NaN,
        "Net Income": NaN
    },
    "2016-06-30": {
        "Diluted EPS": 2.58,
        "Total Revenue": NaN,
        "Gross Profit": NaN,
        "Operating Income": NaN,
        "EBIT": NaN,
        "Net Income": NaN
    },
    "2016-03-31": {
        "Diluted EPS": 2.53,
        "Total Revenue": NaN,
        "Gross Profit": NaN,
        "Operating Income": NaN,
        "EBIT": NaN,
        "Net Income": NaN
    },
    "2015-12-31": {
        "Diluted EPS": 3.17,
        "Total Revenue": NaN,
        "Gross Profit": NaN,
        "Operating Income": NaN,
        "EBIT": NaN,
        "Net Income": NaN
    },
    "2015-09-30": {
        "Diluted EPS": 3.06,
        "Total Revenue": NaN,
        "Gross Profit": NaN,
        "Operating Income": NaN,
        "EBIT": NaN,
        "Net Income": NaN
    },
    "2015-06-30": {
        "Diluted EPS": 2.92,
        "Total Revenue": NaN,
        "Gross Profit": NaN,
        "Operating Income": NaN,
        "EBIT": NaN,
        "Net Income": NaN
    },
    "2015-03-31": {
        "Diluted EPS": 2.76,
        "Total Revenue": NaN,
        "Gross Profit": NaN,
        "Operating Income": NaN,
        "EBIT": NaN,
        "Net Income": NaN
    },
    "2014-12-31": {
        "Diluted EPS": 2.15,
        "Total Revenue": NaN,
        "Gross Profit": NaN,
        "Operating Income": NaN,
        "EBIT": NaN,
        "Net Income": NaN
    },
    "2014-09-30": {
        "Diluted EPS": 1.67,
        "Total Revenue": NaN,
        "Gross Profit": NaN,
        "Operating Income": NaN,
        "EBIT": NaN,
        "Net Income": NaN
    },
    "2014-06-30": {
        "Diluted EPS": 2.2,
        "Total Revenue": NaN,
        "Gross Profit": NaN,
        "Operating Income": NaN,
        "EBIT": NaN,
        "Net Income": NaN
    },
    "2014-03-31": {
        "Diluted EPS": 1.33,
        "Total Revenue": NaN,
        "Gross Profit": NaN,
        "Operating Income": NaN,
        "EBIT": NaN,
        "Net Income": NaN
    },
    "2013-12-31": {
        "Diluted EPS": 0.45,
        "Total Revenue": NaN,
        "Gross Profit": NaN,
        "Operating Income": NaN,
        "EBIT": NaN,
        "Net Income": 792
    },
    "2013-09-30": {
        "Diluted EPS": 0.47,
        "Total Revenue": NaN,
        "Gross Profit": NaN,
        "Operating Income": NaN,
        "EBIT": NaN,
        "Net Income": 789
    },
    "2013-06-30": {
        "Diluted EPS": 0.46,
        "Total Revenue": NaN,
        "Gross Profit": NaN,
        "Operating Income": NaN,
        "EBIT": NaN,
        "Net Income": 773
    },
    "2013-03-31": {
        "Diluted EPS": 0.43,
        "Total Revenue": NaN,
        "Gross Profit": NaN,
        "Operating Income": NaN,
        "EBIT": NaN,
        "Net Income": 722
    },
    "2012-12-31": {
        "Diluted EPS": 0.47,
        "Total Revenue": NaN,
        "Gross Profit": NaN,
        "Operating Income": NaN,
        "EBIT": NaN,
        "Net Income": 763
    },
    "2012-09-30": {
        "Diluted EPS": 0.43,
        "Total Revenue": NaN,
        "Gross Profit": NaN,
        "Operating Income": NaN,
        "EBIT": NaN,
        "Net Income": 676
    },
    "2012-06-30": {
        "Diluted EPS": 0.46,
        "Total Revenue": NaN,
        "Gross Profit": NaN,
        "Operating Income": NaN,
        "EBIT": NaN,
        "Net Income": 712
    },
    "2012-03-31": {
        "Diluted EPS": 0.28,
        "Total Revenue": NaN,
        "Gross Profit": NaN,
        "Operating Income": 800,
        "EBIT": 866,
        "Net Income": 442
    },
    "2011-12-31": {
        "Diluted EPS": 0.43,
        "Total Revenue": NaN,
        "Gross Profit": NaN,
        "Operating Income": 867,
        "EBIT": 941,
        "Net Income": 665
    },
    "2011-09-30": {
        "Diluted EPS": 0.48,
        "Total Revenue": NaN,
        "Gross Profit": NaN,
        "Operating Income": NaN,
        "EBIT": NaN,
        "Net Income": 741
    },
    "2011-06-30": {
        "Diluted EPS": 0.47,
        "Total Revenue": NaN,
        "Gross Profit": NaN,
        "Operating Income": NaN,
        "EBIT": NaN,
        "Net Income": 746
    },
    "2011-03-31": {
        "Diluted EPS": 0.4,
        "Total Revenue": NaN,
        "Gross Profit": NaN,
        "Operating Income": 902,
        "EBIT": 983,
        "Net Income": 651
    },
    "2010-12-31": {
        "Diluted EPS": 0.39,
        "Total Revenue": NaN,
        "Gross Profit": NaN,
        "Operating Income": 829,
        "EBIT": 907,
        "Net Income": 629
    },
    "2010-09-30": {
        "Diluted EPS": 0.42,
        "Total Revenue": NaN,
        "Gross Profit": NaN,
        "Operating Income": 979,
        "EBIT": NaN,
        "Net Income": 705
    },
    "2010-06-30": {
        "Diluted EPS": 0.4,
        "Total Revenue": NaN,
        "Gross Profit": NaN,
        "Operating Income": 993,
        "EBIT": NaN,
        "Net Income": 712
    },
    "2010-03-31": {
        "Diluted EPS": 0.46,
        "Total Revenue": NaN,
        "Gross Profit": NaN,
        "Operating Income": NaN,
        "EBIT": NaN,
        "Net Income": 855
    },
    "2009-12-31": {
        "Diluted EPS": 0.43,
        "Total Revenue": NaN,
        "Gross Profit": NaN,
        "Operating Income": NaN,
        "EBIT": NaN,
        "Net Income": 802
    },
    "2009-09-30": {
        "Diluted EPS": 0.36,
        "Total Revenue": NaN,
        "Gross Profit": NaN,
        "Operating Income": 894,
        "EBIT": 951,
        "Net Income": 673
    },
    "2009-06-30": {
        "Diluted EPS": 0.31,
        "Total Revenue": NaN,
        "Gross Profit": NaN,
        "Operating Income": 761,
        "EBIT": 814,
        "Net Income": 571
    },
    "2009-03-31": {
        "Diluted EPS": 0.32,
        "Total Revenue": NaN,
        "Gross Profit": NaN,
        "Operating Income": 808,
        "EBIT": 847,
        "Net Income": 589
    },
    "2023-09-30": {
        "Tax Effect Of Unusual Items": NaN,
        "Tax Rate For Calcs": NaN,
        "Normalized EBITDA": NaN,
        "Total Unusual Items": NaN,
        "Total Unusual Items Excluding Goodwill": NaN,
        "Net Income From Continuing Operation Net Minority Interest": NaN,
        "Reconciled Depreciation": NaN,
        "Reconciled Cost Of Revenue": NaN,
        "EBITDA": NaN,
        "EBIT": NaN,
        "Net Interest Income": NaN,
        "Interest Expense": NaN,
        "Interest Income": 106000000.0,
        "Normalized Income": NaN,
        "Net Income From Continuing And Discontinued Operation": NaN,
        "Total Expenses": NaN,
        "Total Operating Income As Reported": NaN,
        "Diluted Average Shares": NaN,
        "Basic Average Shares": NaN,
        "Diluted EPS": NaN,
        "Basic EPS": NaN,
        "Diluted NI Availto Com Stockholders": NaN,
        "Net Income Common Stockholders": NaN,
        "Net Income": NaN,
        "Minority Interests": NaN,
        "Net Income Including Noncontrolling Interests": NaN,
        "Net Income Continuous Operations": NaN,
        "Tax Provision": NaN,
        "Pretax Income": NaN,
        "Other Income Expense": NaN,
        "Other Non Operating Income Expenses": NaN,
        "Special Income Charges": NaN,
        "Other Special Charges": NaN,
        "Write Off": NaN,
        "Gain On Sale Of Security": -168000000.0,
        "Net Non Operating Interest Income Expense": NaN,
        "Interest Expense Non Operating": NaN,
        "Interest Income Non Operating": 106000000.0,
        "Operating Income": NaN,
        "Operating Expense": NaN,
        "Research And Development": NaN,
        "Selling General And Administration": NaN,
        "Selling And Marketing Expense": NaN,
        "General And Administrative Expense": NaN,
        "Other Gand A": NaN,
        "Gross Profit": NaN,
        "Cost Of Revenue": NaN,
        "Total Revenue": NaN,
        "Operating Revenue": NaN
    },
    "2023-12-31": {
        "Tax Effect Of Unusual Items": -56920145.190563,
        "Tax Rate For Calcs": 0.143376,
        "Normalized EBITDA": 2990000000.0,
        "Total Unusual Items": -397000000.0,
        "Total Unusual Items Excluding Goodwill": -397000000.0,
        "Net Income From Continuing Operation Net Minority Interest": 1429000000.0,
        "Reconciled Depreciation": 688000000.0,
        "Reconciled Cost Of Revenue": 2090000000.0,
        "EBITDA": 2593000000.0,
        "EBIT": 1905000000.0,
        "Net Interest Income": -252000000.0,
        "Interest Expense": 252000000.0,
        "Interest Income": NaN,
        "Normalized Income": 1769079854.809437,
        "Net Income From Continuing And Discontinued Operation": 1429000000.0,
        "Total Expenses": 5106000000.0,
        "Total Operating Income As Reported": 1612000000.0,
        "Diluted Average Shares": NaN,
        "Basic Average Shares": NaN,
        "Diluted EPS": NaN,
        "Basic EPS": NaN,
        "Diluted NI Availto Com Stockholders": 1429000000.0,
        "Net Income Common Stockholders": 1429000000.0,
        "Net Income": 1429000000.0,
        "Minority Interests": 12000000.0,
        "Net Income Including Noncontrolling Interests": 1417000000.0,
        "Net Income Continuous Operations": 1416000000.0,
        "Tax Provision": 237000000.0,
        "Pretax Income": 1653000000.0,
        "Other Income Expense": -104000000.0,
        "Other Non Operating Income Expenses": 293000000.0,
        "Special Income Charges": -397000000.0,
        "Other Special Charges": 347000000.0,
        "Write Off": NaN,
        "Gain On Sale Of Security": NaN,
        "Net Non Operating Interest Income Expense": -252000000.0,
        "Interest Expense Non Operating": 252000000.0,
        "Interest Income Non Operating": NaN,
        "Operating Income": 2008000000.0,
        "Operating Expense": 3016000000.0,
        "Research And Development": 1408000000.0,
        "Selling General And Administration": 1608000000.0,
        "Gross Profit": 5024000000.0,
        "Cost Of Revenue": 2090000000.0,
        "Total Revenue": 7114000000.0,
        "Operating Revenue": 7114000000.0
    },
    "2024-03-31": {
        "Tax Effect Of Unusual Items": NaN,
        "Tax Rate For Calcs": NaN,
        "Normalized EBITDA": NaN,
        "Total Unusual Items": NaN,
        "Total Unusual Items Excluding Goodwill": NaN,
        "Net Income From Continuing Operation Net Minority Interest": NaN,
        "Reconciled Depreciation": NaN,
        "Reconciled Cost Of Revenue": NaN,
        "EBITDA": NaN,
        "EBIT": NaN,
        "Net Interest Income": NaN,
        "Interest Expense": NaN,
        "Interest Income": NaN,
        "Normalized Income": NaN,
        "Net Income From Continuing And Discontinued Operation": NaN,
        "Total Expenses": NaN,
        "Total Operating Income As Reported": NaN,
        "Diluted Average Shares": NaN,
        "Basic Average Shares": NaN,
        "Diluted EPS": NaN,
        "Basic EPS": NaN,
        "Diluted NI Availto Com Stockholders": NaN,
        "Net Income Common Stockholders": NaN,
        "Net Income": NaN,
        "Minority Interests": NaN,
        "Net Income Including Noncontrolling Interests": NaN,
        "Net Income Continuous Operations": NaN,
        "Tax Provision": NaN,
        "Pretax Income": NaN,
        "Other Income Expense": NaN,
        "Other Non Operating Income Expenses": NaN,
        "Special Income Charges": NaN,
        "Other Special Charges": NaN,
        "Write Off": NaN,
        "Gain On Sale Of Security": NaN,
        "Net Non Operating Interest Income Expense": NaN,
        "Interest Expense Non Operating": NaN,
        "Interest Income Non Operating": NaN,
        "Operating Income": NaN,
        "Operating Expense": NaN,
        "Research And Development": NaN,
        "Selling General And Administration": NaN,
        "Selling And Marketing Expense": 743000000.0,
        "General And Administrative Expense": 632000000.0,
        "Other Gand A": 632000000.0,
        "Gross Profit": NaN,
        "Cost Of Revenue": NaN,
        "Total Revenue": NaN,
        "Operating Revenue": NaN
    },
    "2024-06-30": {
        "Tax Effect Of Unusual Items": NaN,
        "Tax Rate For Calcs": NaN,
        "Normalized EBITDA": NaN,
        "Total Unusual Items": NaN,
        "Total Unusual Items Excluding Goodwill": NaN,
        "Net Income From Continuing Operation Net Minority Interest": NaN,
        "Reconciled Depreciation": NaN,
        "Reconciled Cost Of Revenue": NaN,
        "EBITDA": NaN,
        "EBIT": NaN,
        "Net Interest Income": NaN,
        "Interest Expense": NaN,
        "Interest Income": NaN,
        "Normalized Income": NaN,
        "Net Income From Continuing And Discontinued Operation": NaN,
        "Total Expenses": NaN,
        "Total Operating Income As Reported": NaN,
        "Diluted Average Shares": NaN,
        "Basic Average Shares": NaN,
        "Diluted EPS": NaN,
        "Basic EPS": NaN,
        "Diluted NI Availto Com Stockholders": NaN,
        "Net Income Common Stockholders": NaN,
        "Net Income": NaN,
        "Minority Interests": NaN,
        "Net Income Including Noncontrolling Interests": NaN,
        "Net Income Continuous Operations": NaN,
        "Tax Provision": NaN,
        "Pretax Income": NaN,
        "Other Income Expense": NaN,
        "Other Non Operating Income Expenses": NaN,
        "Special Income Charges": NaN,
        "Other Special Charges": NaN,
        "Write Off": NaN,
        "Gain On Sale Of Security": NaN,
        "Net Non Operating Interest Income Expense": NaN,
        "Interest Expense Non Operating": NaN,
        "Interest Income Non Operating": NaN,
        "Operating Income": NaN,
        "Operating Expense": NaN,
        "Research And Development": NaN,
        "Selling General And Administration": NaN,
        "Selling And Marketing Expense": 805000000.0,
        "General And Administrative Expense": 572000000.0,
        "Other Gand A": 572000000.0,
        "Gross Profit": NaN,
        "Cost Of Revenue": NaN,
        "Total Revenue": NaN,
        "Operating Revenue": NaN
    },
    "2024-09-30": {
        "Tax Effect Of Unusual Items": -419370000.0,
        "Tax Rate For Calcs": 0.21,
        "Normalized EBITDA": 3881000000.0,
        "Total Unusual Items": -1997000000.0,
        "Total Unusual Items Excluding Goodwill": -1997000000.0,
        "Net Income From Continuing Operation Net Minority Interest": 1253000000.0,
        "Reconciled Depreciation": 690000000.0,
        "Reconciled Cost Of Revenue": 1574000000.0,
        "EBITDA": 1884000000.0,
        "EBIT": 1194000000.0,
        "Net Interest Income": -186000000.0,
        "Interest Expense": 238000000.0,
        "Interest Income": 52000000.0,
        "Normalized Income": 2830630000.0,
        "Net Income From Continuing And Discontinued Operation": 1253000000.0,
        "Total Expenses": 4402000000.0,
        "Total Operating Income As Reported": 888000000.0,
        "Diluted Average Shares": 1254000000.0,
        "Basic Average Shares": 1247000000.0,
        "Diluted EPS": 1.0,
        "Basic EPS": 1.0,
        "Diluted NI Availto Com Stockholders": 1253000000.0,
        "Net Income Common Stockholders": 1253000000.0,
        "Net Income": 1253000000.0,
        "Minority Interests": 0.0,
        "Net Income Including Noncontrolling Interests": 1253000000.0,
        "Net Income Continuous Operations": 1253000000.0,
        "Tax Provision": -297000000.0,
        "Pretax Income": 956000000.0,
        "Other Income Expense": -2001000000.0,
        "Other Non Operating Income Expenses": -4000000.0,
        "Special Income Charges": -2255000000.0,
        "Other Special Charges": 505000000.0,
        "Write Off": 1750000000.0,
        "Gain On Sale Of Security": 258000000.0,
        "Net Non Operating Interest Income Expense": -186000000.0,
        "Interest Expense Non Operating": 238000000.0,
        "Interest Income Non Operating": 52000000.0,
        "Operating Income": 3143000000.0,
        "Operating Expense": 2828000000.0,
        "Research And Development": 1395000000.0,
        "Selling General And Administration": 1433000000.0,
        "Selling And Marketing Expense": 848000000.0,
        "General And Administrative Expense": 585000000.0,
        "Other Gand A": 585000000.0,
        "Gross Profit": 5971000000.0,
        "Cost Of Revenue": 1574000000.0,
        "Total Revenue": 7545000000.0,
        "Operating Revenue": 7545000000.0
    },
    "2024-12-31": {
        "Tax Effect Of Unusual Items": -20431472.081218,
        "Tax Rate For Calcs": 0.177665,
        "Normalized EBITDA": 3224000000.0,
        "Total Unusual Items": -115000000.0,
        "Total Unusual Items Excluding Goodwill": -115000000.0,
        "Net Income From Continuing Operation Net Minority Interest": 1783000000.0,
        "Reconciled Depreciation": 693000000.0,
        "Reconciled Cost Of Revenue": 1581000000.0,
        "EBITDA": 3109000000.0,
        "EBIT": 2416000000.0,
        "Net Interest Income": -164000000.0,
        "Interest Expense": 249000000.0,
        "Interest Income": 85000000.0,
        "Normalized Income": 1877568527.918782,
        "Net Income From Continuing And Discontinued Operation": 1783000000.0,
        "Total Expenses": 5129000000.0,
        "Total Operating Income As Reported": 2452000000.0,
        "Diluted Average Shares": 1259000000.0,
        "Basic Average Shares": 1248000000.0,
        "Diluted EPS": 1.42,
        "Basic EPS": 1.43,
        "Diluted NI Availto Com Stockholders": 1783000000.0,
        "Net Income Common Stockholders": 1783000000.0,
        "Net Income": 1783000000.0,
        "Minority Interests": 0.0,
        "Net Income Including Noncontrolling Interests": 1783000000.0,
        "Net Income Continuous Operations": 1782000000.0,
        "Tax Provision": 385000000.0,
        "Pretax Income": 2167000000.0,
        "Other Income Expense": -110000000.0,
        "Other Non Operating Income Expenses": 5000000.0,
        "Special Income Charges": 11000000.0,
        "Other Special Charges": -11000000.0,
        "Write Off": 0.0,
        "Gain On Sale Of Security": -126000000.0,
        "Net Non Operating Interest Income Expense": -164000000.0,
        "Interest Expense Non Operating": 249000000.0,
        "Interest Income Non Operating": 85000000.0,
        "Operating Income": 2440000000.0,
        "Operating Expense": 3548000000.0,
        "Research And Development": 1641000000.0,
        "Selling General And Administration": 1907000000.0,
        "Selling And Marketing Expense": NaN,
        "General And Administrative Expense": NaN,
        "Other Gand A": NaN,
        "Gross Profit": 5988000000.0,
        "Cost Of Revenue": 1581000000.0,
        "Total Revenue": 7569000000.0,
        "Operating Revenue": 7569000000.0
    },
    "2025-03-31": {
        "Tax Effect Of Unusual Items": -137158000.0,
        "Tax Rate For Calcs": 0.202,
        "Normalized EBITDA": 3284000000.0,
        "Total Unusual Items": -679000000.0,
        "Total Unusual Items Excluding Goodwill": -679000000.0,
        "Net Income From Continuing Operation Net Minority Interest": 1315000000.0,
        "Reconciled Depreciation": 696000000.0,
        "Reconciled Cost Of Revenue": 1540000000.0,
        "EBITDA": 2605000000.0,
        "EBIT": 1909000000.0,
        "Net Interest Income": -166000000.0,
        "Interest Expense": 260000000.0,
        "Interest Income": 94000000.0,
        "Normalized Income": 1856842000.0,
        "Net Income From Continuing And Discontinued Operation": 1315000000.0,
        "Total Expenses": 4177000000.0,
        "Total Operating Income As Reported": 2237000000.0,
        "Diluted Average Shares": 1259000000.0,
        "Basic Average Shares": 1246000000.0,
        "Diluted EPS": 1.04,
        "Basic EPS": 1.06,
        "Diluted NI Availto Com Stockholders": 1315000000.0,
        "Net Income Common Stockholders": 1315000000.0,
        "Net Income": 1315000000.0,
        "Minority Interests": 0.0,
        "Net Income Including Noncontrolling Interests": 1315000000.0,
        "Net Income Continuous Operations": 1315000000.0,
        "Tax Provision": 334000000.0,
        "Pretax Income": 1649000000.0,
        "Other Income Expense": -675000000.0,
        "Other Non Operating Income Expenses": 4000000.0,
        "Special Income Charges": -253000000.0,
        "Other Special Charges": 253000000.0,
        "Write Off": 0.0,
        "Gain On Sale Of Security": -426000000.0,
        "Net Non Operating Interest Income Expense": -166000000.0,
        "Interest Expense Non Operating": 260000000.0,
        "Interest Income Non Operating": 94000000.0,
        "Operating Income": 2490000000.0,
        "Operating Expense": 2637000000.0,
        "Research And Development": 1379000000.0,
        "Selling General And Administration": 1258000000.0,
        "Selling And Marketing Expense": 753000000.0,
        "General And Administrative Expense": 505000000.0,
        "Other Gand A": 505000000.0,
        "Gross Profit": 5127000000.0,
        "Cost Of Revenue": 1540000000.0,
        "Total Revenue": 6667000000.0,
        "Operating Revenue": 6667000000.0
    },
    "2025-06-30": {
        "Tax Effect Of Unusual Items": -21001235.076163,
        "Tax Rate For Calcs": 0.192672,
        "Normalized EBITDA": 3483000000.0,
        "Total Unusual Items": -109000000.0,
        "Total Unusual Items Excluding Goodwill": -109000000.0,
        "Net Income From Continuing Operation Net Minority Interest": 1960000000.0,
        "Reconciled Depreciation": 691000000.0,
        "Reconciled Cost Of Revenue": 1501000000.0,
        "EBITDA": 3374000000.0,
        "EBIT": 2683000000.0,
        "Net Interest Income": -181000000.0,
        "Interest Expense": 254000000.0,
        "Interest Income": 73000000.0,
        "Normalized Income": 2047998764.923837,
        "Net Income From Continuing And Discontinued Operation": 1960000000.0,
        "Total Expenses": 4357000000.0,
        "Total Operating Income As Reported": 2474000000.0,
        "Diluted Average Shares": 1255000000.0,
        "Basic Average Shares": 1245000000.0,
        "Diluted EPS": 1.56,
        "Basic EPS": 1.57,
        "Diluted NI Availto Com Stockholders": 1960000000.0,
        "Net Income Common Stockholders": 1960000000.0,
        "Net Income": 1960000000.0,
        "Minority Interests": 0.0,
        "Net Income Including Noncontrolling Interests": 1960000000.0,
        "Net Income Continuous Operations": 1961000000.0,
        "Tax Provision": 468000000.0,
        "Pretax Income": 2429000000.0,
        "Other Income Expense": -115000000.0,
        "Other Non Operating Income Expenses": -6000000.0,
        "Special Income Charges": -251000000.0,
        "Other Special Charges": 61000000.0,
        "Write Off": 190000000.0,
        "Gain On Sale Of Security": 142000000.0,
        "Net Non Operating Interest Income Expense": -181000000.0,
        "Interest Expense Non Operating": 254000000.0,
        "Interest Income Non Operating": 73000000.0,
        "Operating Income": 2724000000.0,
        "Operating Expense": 2856000000.0,
        "Research And Development": 1491000000.0,
        "Selling General And Administration": 1365000000.0,
        "Selling And Marketing Expense": 864000000.0,
        "General And Administrative Expense": 501000000.0,
        "Other Gand A": 501000000.0,
        "Gross Profit": 5580000000.0,
        "Cost Of Revenue": 1501000000.0,
        "Total Revenue": 7081000000.0,
        "Operating Revenue": 7081000000.0
    },
    "2025-09-30": {
        "Tax Effect Of Unusual Items": 50633617.138149,
        "Tax Rate For Calcs": 0.161769,
        "Normalized EBITDA": 4270000000.0,
        "Total Unusual Items": 313000000.0,
        "Total Unusual Items Excluding Goodwill": 313000000.0,
        "Net Income From Continuing Operation Net Minority Interest": 3052000000.0,
        "Reconciled Depreciation": 686000000.0,
        "Reconciled Cost Of Revenue": 1569000000.0,
        "EBITDA": 4583000000.0,
        "EBIT": 3897000000.0,
        "Net Interest Income": -168000000.0,
        "Interest Expense": 256000000.0,
        "Interest Income": 88000000.0,
        "Normalized Income": 2789633617.138149,
        "Net Income From Continuing And Discontinued Operation": 3052000000.0,
        "Total Expenses": 4272000000.0,
        "Total Operating Income As Reported": 3327000000.0,
        "Diluted Average Shares": 1254000000.0,
        "Basic Average Shares": 1243000000.0,
        "Diluted EPS": 2.43,
        "Basic EPS": 2.46,
        "Diluted NI Availto Com Stockholders": 3052000000.0,
        "Net Income Common Stockholders": 3052000000.0,
        "Net Income": 3052000000.0,
        "Minority Interests": 0.0,
        "Net Income Including Noncontrolling Interests": 3052000000.0,
        "Net Income Continuous Operations": 3052000000.0,
        "Tax Provision": 589000000.0,
        "Pretax Income": 3641000000.0,
        "Other Income Expense": 312000000.0,
        "Other Non Operating Income Expenses": -1000000.0,
        "Special Income Charges": -170000000.0,
        "Other Special Charges": 170000000.0,
        "Write Off": 0.0,
        "Gain On Sale Of Security": 483000000.0,
        "Net Non Operating Interest Income Expense": -168000000.0,
        "Interest Expense Non Operating": 256000000.0,
        "Interest Income Non Operating": 88000000.0,
        "Operating Income": 3497000000.0,
        "Operating Expense": 2703000000.0,
        "Research And Development": 1346000000.0,
        "Selling General And Administration": 1357000000.0,
        "Selling And Marketing Expense": 829000000.0,
        "General And Administrative Expense": 528000000.0,
        "Other Gand A": 528000000.0,
        "Gross Profit": 6200000000.0,
        "Cost Of Revenue": 1569000000.0,
        "Total Revenue": 7769000000.0,
        "Operating Revenue": 7769000000.0
    }
}