{
    "2023-05-31": {
        "Tax Effect Of Unusual Items": NaN,
        "Tax Rate For Calcs": NaN,
        "Normalized EBITDA": NaN,
        "Total Unusual Items": NaN,
        "Total Unusual Items Excluding Goodwill": NaN,
        "Net Income From Continuing Operation Net Minority Interest": NaN,
        "Reconciled Depreciation": NaN,
        "Reconciled Cost Of Revenue": NaN,
        "EBITDA": NaN,
        "EBIT": NaN,
        "Net Interest Income": NaN,
        "Normalized Income": NaN,
        "Net Income From Continuing And Discontinued Operation": NaN,
        "Total Expenses": NaN,
        "Total Operating Income As Reported": NaN,
        "Diluted Average Shares": NaN,
        "Basic Average Shares": NaN,
        "Diluted EPS": NaN,
        "Basic EPS": NaN,
        "Diluted NI Availto Com Stockholders": NaN,
        "Net Income Common Stockholders": NaN,
        "Net Income": NaN,
        "Minority Interests": NaN,
        "Net Income Including Noncontrolling Interests": NaN,
        "Net Income Continuous Operations": NaN,
        "Earnings From Equity Interest Net Of Tax": NaN,
        "Tax Provision": NaN,
        "Pretax Income": NaN,
        "Other Income Expense": NaN,
        "Other Non Operating Income Expenses": NaN,
        "Special Income Charges": NaN,
        "Gain On Sale Of Business": 0.0,
        "Restructuring And Mergern Acquisition": NaN,
        "Net Non Operating Interest Income Expense": NaN,
        "Total Other Finance Cost": NaN,
        "Operating Income": NaN,
        "Operating Expense": NaN,
        "Selling General And Administration": NaN,
        "Gross Profit": NaN,
        "Cost Of Revenue": NaN,
        "Total Revenue": NaN,
        "Operating Revenue": NaN
    },
    "2023-02-28": {
        "Tax Effect Of Unusual Items": NaN,
        "Tax Rate For Calcs": NaN,
        "Normalized EBITDA": NaN,
        "Total Unusual Items": NaN,
        "Total Unusual Items Excluding Goodwill": NaN,
        "Net Income From Continuing Operation Net Minority Interest": NaN,
        "Reconciled Depreciation": NaN,
        "Reconciled Cost Of Revenue": NaN,
        "EBITDA": NaN,
        "EBIT": NaN,
        "Net Interest Income": NaN,
        "Normalized Income": NaN,
        "Net Income From Continuing And Discontinued Operation": NaN,
        "Total Expenses": NaN,
        "Total Operating Income As Reported": NaN,
        "Diluted Average Shares": NaN,
        "Basic Average Shares": NaN,
        "Diluted EPS": NaN,
        "Basic EPS": NaN,
        "Diluted NI Availto Com Stockholders": NaN,
        "Net Income Common Stockholders": NaN,
        "Net Income": NaN,
        "Minority Interests": NaN,
        "Net Income Including Noncontrolling Interests": NaN,
        "Net Income Continuous Operations": NaN,
        "Earnings From Equity Interest Net Of Tax": NaN,
        "Tax Provision": NaN,
        "Pretax Income": NaN,
        "Other Income Expense": NaN,
        "Other Non Operating Income Expenses": NaN,
        "Special Income Charges": NaN,
        "Gain On Sale Of Business": NaN,
        "Restructuring And Mergern Acquisition": NaN,
        "Net Non Operating Interest Income Expense": NaN,
        "Total Other Finance Cost": 98300000.0,
        "Operating Income": NaN,
        "Operating Expense": NaN,
        "Selling General And Administration": NaN,
        "Gross Profit": NaN,
        "Cost Of Revenue": NaN,
        "Total Revenue": NaN,
        "Operating Revenue": NaN
    },
    "2022-11-30": {
        "Tax Effect Of Unusual Items": NaN,
        "Tax Rate For Calcs": NaN,
        "Normalized EBITDA": NaN,
        "Total Unusual Items": NaN,
        "Total Unusual Items Excluding Goodwill": NaN,
        "Net Income From Continuing Operation Net Minority Interest": NaN,
        "Reconciled Depreciation": NaN,
        "Reconciled Cost Of Revenue": NaN,
        "EBITDA": NaN,
        "EBIT": NaN,
        "Net Interest Income": NaN,
        "Normalized Income": NaN,
        "Net Income From Continuing And Discontinued Operation": NaN,
        "Total Expenses": NaN,
        "Total Operating Income As Reported": NaN,
        "Diluted Average Shares": NaN,
        "Basic Average Shares": NaN,
        "Diluted EPS": NaN,
        "Basic EPS": NaN,
        "Diluted NI Availto Com Stockholders": NaN,
        "Net Income Common Stockholders": NaN,
        "Net Income": NaN,
        "Minority Interests": NaN,
        "Net Income Including Noncontrolling Interests": NaN,
        "Net Income Continuous Operations": NaN,
        "Earnings From Equity Interest Net Of Tax": NaN,
        "Tax Provision": NaN,
        "Pretax Income": NaN,
        "Other Income Expense": NaN,
        "Other Non Operating Income Expenses": NaN,
        "Special Income Charges": NaN,
        "Gain On Sale Of Business": NaN,
        "Restructuring And Mergern Acquisition": NaN,
        "Net Non Operating Interest Income Expense": NaN,
        "Total Other Finance Cost": 91500000.0,
        "Operating Income": NaN,
        "Operating Expense": NaN,
        "Selling General And Administration": NaN,
        "Gross Profit": NaN,
        "Cost Of Revenue": NaN,
        "Total Revenue": NaN,
        "Operating Revenue": NaN
    },
    "2022-08-31": {
        "Tax Effect Of Unusual Items": 91011600.0,
        "Tax Rate For Calcs": 0.212,
        "Normalized EBITDA": 361300000.0,
        "Total Unusual Items": 429300000.0,
        "Total Unusual Items Excluding Goodwill": 429300000.0,
        "Net Income From Continuing Operation Net Minority Interest": 820000000.0,
        "Reconciled Depreciation": 134300000.0,
        "Reconciled Cost Of Revenue": 3269900000.0,
        "EBITDA": 790600000.0,
        "EBIT": 656300000.0,
        "Net Interest Income": -87700000.0,
        "Normalized Income": 481711600.0,
        "Net Income From Continuing And Discontinued Operation": 820000000.0,
        "Total Expenses": 4061300000.0,
        "Total Operating Income As Reported": 1085600000.0,
        "Diluted Average Shares": 606000000.0,
        "Basic Average Shares": 600200000.0,
        "Diluted EPS": 1.35,
        "Basic EPS": 1.37,
        "Diluted NI Availto Com Stockholders": 820000000.0,
        "Net Income Common Stockholders": 820000000.0,
        "Net Income": 820000000.0,
        "Minority Interests": -3300000.0,
        "Net Income Including Noncontrolling Interests": 823300000.0,
        "Net Income Continuous Operations": 823300000.0,
        "Earnings From Equity Interest Net Of Tax": 19800000.0,
        "Tax Provision": 216100000.0,
        "Pretax Income": 1019600000.0,
        "Other Income Expense": 451000000.0,
        "Other Non Operating Income Expenses": 21700000.0,
        "Special Income Charges": 429300000.0,
        "Gain On Sale Of Business": 430900000.0,
        "Restructuring And Mergern Acquisition": 1600000.0,
        "Net Non Operating Interest Income Expense": -87700000.0,
        "Total Other Finance Cost": 87700000.0,
        "Operating Income": 656300000.0,
        "Operating Expense": 791400000.0,
        "Selling General And Administration": 791400000.0,
        "Gross Profit": 1447700000.0,
        "Cost Of Revenue": 3269900000.0,
        "Total Revenue": 4717600000.0,
        "Operating Revenue": 4610900000.0
    },
    "2022-05-31": {
        "Tax Effect Of Unusual Items": 7950800.0,
        "Tax Rate For Calcs": 0.143,
        "Normalized EBITDA": 1044600000.0,
        "Total Unusual Items": 55600000.0,
        "Total Unusual Items Excluding Goodwill": 55600000.0,
        "Net Income From Continuing Operation Net Minority Interest": 822800000.0,
        "Reconciled Depreciation": 139700000.0,
        "Reconciled Cost Of Revenue": 3121300000.0,
        "EBIT": 960500000.0,
        "Net Interest Income": -104500000.0,
        "Normalized Income": 775150800.0,
        "Net Income From Continuing And Discontinued Operation": 822800000.0,
        "Total Expenses": 3930700000.0,
        "Total Operating Income As Reported": 1016100000.0,
        "Diluted Average Shares": 609900000.0,
        "Basic Average Shares": 604200000.0,
        "Diluted EPS": 1.35,
        "Basic EPS": 1.36,
        "Diluted NI Availto Com Stockholders": 822800000.0,
        "Net Income Common Stockholders": 822800000.0,
        "Net Income": 822800000.0,
        "Minority Interests": -3000000.0,
        "Net Income Including Noncontrolling Interests": 825800000.0,
        "Net Income Continuous Operations": 825800000.0,
        "Earnings From Equity Interest Net Of Tax": 19700000.0,
        "Tax Provision": 134500000.0,
        "Pretax Income": 940600000.0,
        "Other Income Expense": 84600000.0,
        "Other Non Operating Income Expenses": 29000000.0,
        "Special Income Charges": 55600000.0,
        "Gain On Sale Of Business": 24000000.0,
        "Restructuring And Mergern Acquisition": -31600000.0,
        "Net Non Operating Interest Income Expense": -104500000.0,
        "Total Other Finance Cost": 104500000.0,
        "Operating Income": 960500000.0,
        "Operating Expense": 809400000.0,
        "Selling General And Administration": 809400000.0,
        "Gross Profit": 1769900000.0,
        "Cost Of Revenue": 3121300000.0,
        "Total Revenue": 4891200000.0,
        "Operating Revenue": 4891200000.0
    },
    "2022-02-28": {
        "Diluted EPS": 1.08,
        "Total Revenue": NaN,
        "Gross Profit": NaN,
        "Operating Income": 815,
        "EBIT": 959,
        "Net Income": 660
    },
    "2021-11-30": {
        "Diluted EPS": 0.97,
        "Total Revenue": NaN,
        "Gross Profit": NaN,
        "Operating Income": 800,
        "EBIT": 941,
        "Net Income": 597
    },
    "2021-08-31": {
        "Diluted EPS": 1.02,
        "Total Revenue": NaN,
        "Gross Profit": NaN,
        "Operating Income": 844,
        "EBIT": 990,
        "Net Income": 627
    },
    "2021-05-31": {
        "Diluted EPS": 0.68,
        "Total Revenue": NaN,
        "Gross Profit": NaN,
        "Operating Income": 548,
        "EBIT": 695,
        "Net Income": 417
    },
    "2021-02-28": {
        "Diluted EPS": 0.96,
        "Total Revenue": NaN,
        "Gross Profit": NaN,
        "Operating Income": 827,
        "EBIT": 986,
        "Net Income": 596
    },
    "2020-11-30": {
        "Diluted EPS": 1.11,
        "Total Revenue": NaN,
        "Gross Profit": NaN,
        "Operating Income": 917,
        "EBIT": NaN,
        "Net Income": 688
    },
    "2020-08-31": {
        "Diluted EPS": 1.03,
        "Total Revenue": NaN,
        "Gross Profit": NaN,
        "Operating Income": 854,
        "EBIT": NaN,
        "Net Income": 639
    },
    "2020-05-31": {
        "Diluted EPS": 1.02,
        "Total Revenue": NaN,
        "Gross Profit": NaN,
        "Operating Income": 829,
        "EBIT": 968,
        "Net Income": 626
    },
    "2020-02-29": {
        "Diluted EPS": 0.74,
        "Total Revenue": NaN,
        "Gross Profit": NaN,
        "Operating Income": 651,
        "EBIT": 800,
        "Net Income": 454
    },
    "2019-11-30": {
        "Diluted EPS": 0.95,
        "Total Revenue": NaN,
        "Gross Profit": NaN,
        "Operating Income": 811,
        "EBIT": 965,
        "Net Income": 581
    },
    "2019-08-31": {
        "Diluted EPS": 0.85,
        "Total Revenue": NaN,
        "Gross Profit": NaN,
        "Operating Income": 662,
        "EBIT": 817,
        "Net Income": 521
    },
    "2019-05-31": {
        "Diluted EPS": 0.94,
        "Total Revenue": NaN,
        "Gross Profit": NaN,
        "Operating Income": 716,
        "EBIT": 872,
        "Net Income": 570
    },
    "2019-02-28": {
        "Diluted EPS": 0.74,
        "Total Revenue": NaN,
        "Gross Profit": NaN,
        "Operating Income": 651,
        "EBIT": 806,
        "Net Income": 447
    },
    "2018-11-30": {
        "Diluted EPS": 0.57,
        "Total Revenue": NaN,
        "Gross Profit": NaN,
        "Operating Income": 547,
        "EBIT": 702,
        "Net Income": 343
    },
    "2018-08-31": {
        "Diluted EPS": 0.65,
        "Total Revenue": NaN,
        "Gross Profit": NaN,
        "Operating Income": 602,
        "EBIT": 757,
        "Net Income": 392
    },
    "2018-05-31": {
        "Diluted EPS": 0.59,
        "Total Revenue": NaN,
        "Gross Profit": NaN,
        "Operating Income": 536,
        "EBIT": 720,
        "Net Income": 354
    },
    "2018-02-28": {
        "Diluted EPS": 1.62,
        "Total Revenue": NaN,
        "Gross Profit": NaN,
        "Operating Income": 570,
        "EBIT": 713,
        "Net Income": 941
    },
    "2017-11-30": {
        "Diluted EPS": 0.74,
        "Total Revenue": NaN,
        "Gross Profit": NaN,
        "Operating Income": 709,
        "EBIT": 855,
        "Net Income": 431
    },
    "2017-08-31": {
        "Diluted EPS": 0.69,
        "Total Revenue": NaN,
        "Gross Profit": NaN,
        "Operating Income": 605,
        "EBIT": 750,
        "Net Income": 405
    },
    "2017-05-31": {
        "Diluted EPS": 0.69,
        "Total Revenue": NaN,
        "Gross Profit": NaN,
        "Operating Income": 535,
        "EBIT": 690,
        "Net Income": 409
    },
    "2017-02-28": {
        "Diluted EPS": 0.61,
        "Total Revenue": NaN,
        "Gross Profit": NaN,
        "Operating Income": 543,
        "EBIT": 690,
        "Net Income": 358
    },
    "2016-11-30": {
        "Diluted EPS": 0.8,
        "Total Revenue": NaN,
        "Gross Profit": NaN,
        "Operating Income": 769,
        "EBIT": 918,
        "Net Income": 482
    },
    "2016-08-31": {
        "Diluted EPS": 0.67,
        "Total Revenue": NaN,
        "Gross Profit": NaN,
        "Operating Income": 646,
        "EBIT": 798,
        "Net Income": 409
    },
    "2016-05-31": {
        "Diluted EPS": 0.62,
        "Total Revenue": NaN,
        "Gross Profit": NaN,
        "Operating Income": 532,
        "EBIT": 699,
        "Net Income": 380
    },
    "2016-02-29": {
        "Diluted EPS": 0.59,
        "Total Revenue": NaN,
        "Gross Profit": NaN,
        "Operating Income": 586,
        "EBIT": 735,
        "Net Income": 362
    },
    "2015-11-30": {
        "Diluted EPS": 0.87,
        "Total Revenue": NaN,
        "Gross Profit": NaN,
        "Operating Income": 906,
        "EBIT": NaN,
        "Net Income": 530
    },
    "2015-08-31": {
        "Diluted EPS": 0.69,
        "Total Revenue": NaN,
        "Gross Profit": NaN,
        "Operating Income": 683,
        "EBIT": 827,
        "Net Income": 427
    },
    "2015-05-31": {
        "Diluted EPS": 0.3,
        "Total Revenue": NaN,
        "Gross Profit": NaN,
        "Operating Income": 424,
        "EBIT": 568,
        "Net Income": 187
    },
    "2015-02-28": {
        "Diluted EPS": 0.56,
        "Total Revenue": NaN,
        "Gross Profit": NaN,
        "Operating Income": 537,
        "EBIT": 691,
        "Net Income": 343
    },
    "2014-11-30": {
        "Diluted EPS": 0.56,
        "Total Revenue": NaN,
        "Gross Profit": NaN,
        "Operating Income": 559,
        "EBIT": 699,
        "Net Income": 346
    },
    "2014-08-31": {
        "Diluted EPS": 0.55,
        "Total Revenue": NaN,
        "Gross Profit": NaN,
        "Operating Income": 558,
        "EBIT": 708,
        "Net Income": 345
    },
    "2014-05-31": {
        "Diluted EPS": 0.65,
        "Total Revenue": NaN,
        "Gross Profit": NaN,
        "Operating Income": 682,
        "EBIT": 825,
        "Net Income": 405
    },
    "2014-02-28": {
        "Diluted EPS": 0.64,
        "Total Revenue": NaN,
        "Gross Profit": NaN,
        "Operating Income": 671,
        "EBIT": 815,
        "Net Income": 411
    },
    "2013-11-30": {
        "Diluted EPS": 0.84,
        "Total Revenue": NaN,
        "Gross Profit": NaN,
        "Operating Income": 870,
        "EBIT": NaN,
        "Net Income": 550
    },
    "2013-08-31": {
        "Diluted EPS": 0.7,
        "Total Revenue": NaN,
        "Gross Profit": NaN,
        "Operating Income": 735,
        "EBIT": 886,
        "Net Income": 459
    },
    "2013-05-31": {
        "Diluted EPS": 0.55,
        "Total Revenue": NaN,
        "Gross Profit": NaN,
        "Operating Income": 601,
        "EBIT": 756,
        "Net Income": 366
    },
    "2013-02-28": {
        "Diluted EPS": 0.6,
        "Total Revenue": NaN,
        "Gross Profit": NaN,
        "Operating Income": 642,
        "EBIT": 788,
        "Net Income": 398
    },
    "2012-11-30": {
        "Diluted EPS": 0.82,
        "Total Revenue": NaN,
        "Gross Profit": NaN,
        "Operating Income": 829,
        "EBIT": 976,
        "Net Income": 542
    },
    "2012-08-31": {
        "Diluted EPS": 0.82,
        "Total Revenue": NaN,
        "Gross Profit": NaN,
        "Operating Income": 780,
        "EBIT": 919,
        "Net Income": 549
    },
    "2012-05-31": {
        "Diluted EPS": 0.49,
        "Total Revenue": NaN,
        "Gross Profit": NaN,
        "Operating Income": 538,
        "EBIT": 681,
        "Net Income": 325
    },
    "2012-02-29": {
        "Diluted EPS": 0.58,
        "Total Revenue": NaN,
        "Gross Profit": NaN,
        "Operating Income": 669,
        "EBIT": 804,
        "Net Income": 392
    },
    "2011-11-30": {
        "Diluted EPS": 0.67,
        "Total Revenue": NaN,
        "Gross Profit": NaN,
        "Operating Income": 717,
        "EBIT": 855,
        "Net Income": 445
    },
    "2011-08-31": {
        "Diluted EPS": 0.61,
        "Total Revenue": NaN,
        "Gross Profit": NaN,
        "Operating Income": 639,
        "EBIT": 764,
        "Net Income": 406
    },
    "2011-05-31": {
        "Diluted EPS": 0.49,
        "Total Revenue": NaN,
        "Gross Profit": NaN,
        "Operating Income": 536,
        "EBIT": 654,
        "Net Income": 320
    },
    "2011-02-28": {
        "Diluted EPS": 0.59,
        "Total Revenue": NaN,
        "Gross Profit": NaN,
        "Operating Income": 655,
        "EBIT": 779,
        "Net Income": 392
    },
    "2010-11-30": {
        "Diluted EPS": 0.92,
        "Total Revenue": NaN,
        "Gross Profit": NaN,
        "Operating Income": 823,
        "EBIT": 942,
        "Net Income": 614
    },
    "2010-08-31": {
        "Diluted EPS": 0.7,
        "Total Revenue": NaN,
        "Gross Profit": NaN,
        "Operating Income": 760,
        "EBIT": 872,
        "Net Income": 472
    },
    "2010-05-31": {
        "Diluted EPS": 0.31,
        "Total Revenue": NaN,
        "Gross Profit": NaN,
        "Operating Income": 473,
        "EBIT": 590,
        "Net Income": 212
    },
    "2010-02-28": {
        "Diluted EPS": 0.48,
        "Total Revenue": NaN,
        "Gross Profit": NaN,
        "Operating Income": 562,
        "EBIT": 674,
        "Net Income": 333
    },
    "2009-11-30": {
        "Diluted EPS": 0.83,
        "Total Revenue": NaN,
        "Gross Profit": NaN,
        "Operating Income": 879,
        "EBIT": 996,
        "Net Income": 566
    },
    "2009-08-31": {
        "Diluted EPS": 0.62,
        "Total Revenue": NaN,
        "Gross Profit": NaN,
        "Operating Income": 693,
        "EBIT": 804,
        "Net Income": 421
    },
    "2009-05-31": {
        "Diluted EPS": 0.54,
        "Total Revenue": NaN,
        "Gross Profit": NaN,
        "Operating Income": 632,
        "EBIT": 752,
        "Net Income": 359
    },
    "2009-02-28": {
        "Diluted EPS": 0.43,
        "Total Revenue": NaN,
        "Gross Profit": NaN,
        "Operating Income": 606,
        "EBIT": 716,
        "Net Income": 289
    },
    "2023-08-31": {
        "Tax Effect Of Unusual Items": NaN,
        "Tax Rate For Calcs": NaN,
        "Normalized EBITDA": NaN,
        "Total Unusual Items": NaN,
        "Total Unusual Items Excluding Goodwill": NaN,
        "Net Income From Continuing Operation Net Minority Interest": NaN,
        "Reconciled Depreciation": NaN,
        "Reconciled Cost Of Revenue": NaN,
        "EBITDA": NaN,
        "EBIT": NaN,
        "Net Interest Income": NaN,
        "Normalized Income": NaN,
        "Net Income From Continuing And Discontinued Operation": NaN,
        "Total Expenses": NaN,
        "Total Operating Income As Reported": NaN,
        "Diluted Average Shares": NaN,
        "Basic Average Shares": NaN,
        "Diluted EPS": NaN,
        "Basic EPS": NaN,
        "Diluted NI Availto Com Stockholders": NaN,
        "Net Income Common Stockholders": NaN,
        "Net Income": NaN,
        "Minority Interests": NaN,
        "Net Income Including Noncontrolling Interests": NaN,
        "Net Income Continuous Operations": NaN,
        "Earnings From Equity Interest Net Of Tax": NaN,
        "Tax Provision": NaN,
        "Pretax Income": NaN,
        "Other Income Expense": NaN,
        "Other Non Operating Income Expenses": NaN,
        "Special Income Charges": NaN,
        "Gain On Sale Of Business": 0.0,
        "Restructuring And Mergern Acquisition": NaN,
        "Net Non Operating Interest Income Expense": NaN,
        "Total Other Finance Cost": NaN,
        "Operating Income": NaN,
        "Operating Expense": NaN,
        "Selling General And Administration": NaN,
        "Gross Profit": NaN,
        "Cost Of Revenue": NaN,
        "Total Revenue": NaN,
        "Operating Revenue": NaN
    },
    "2023-11-30": {
        "Tax Effect Of Unusual Items": NaN,
        "Tax Rate For Calcs": NaN,
        "Normalized EBITDA": NaN,
        "Total Unusual Items": NaN,
        "Total Unusual Items Excluding Goodwill": NaN,
        "Net Income From Continuing Operation Net Minority Interest": NaN,
        "Reconciled Depreciation": NaN,
        "Reconciled Cost Of Revenue": NaN,
        "EBITDA": NaN,
        "EBIT": NaN,
        "Net Interest Income": NaN,
        "Normalized Income": NaN,
        "Net Income From Continuing And Discontinued Operation": NaN,
        "Total Expenses": NaN,
        "Total Operating Income As Reported": NaN,
        "Diluted Average Shares": NaN,
        "Basic Average Shares": NaN,
        "Diluted EPS": NaN,
        "Basic EPS": NaN,
        "Diluted NI Availto Com Stockholders": NaN,
        "Net Income Common Stockholders": NaN,
        "Net Income": NaN,
        "Minority Interests": NaN,
        "Net Income Including Noncontrolling Interests": NaN,
        "Net Income Continuous Operations": NaN,
        "Earnings From Equity Interest Net Of Tax": NaN,
        "Tax Provision": NaN,
        "Pretax Income": NaN,
        "Other Income Expense": NaN,
        "Other Non Operating Income Expenses": NaN,
        "Special Income Charges": NaN,
        "Gain On Sale Of Business": 0.0,
        "Restructuring And Mergern Acquisition": NaN,
        "Net Non Operating Interest Income Expense": NaN,
        "Total Other Finance Cost": 117800000.0,
        "Operating Income": NaN,
        "Operating Expense": NaN,
        "Selling General And Administration": NaN,
        "Gross Profit": NaN,
        "Cost Of Revenue": NaN,
        "Total Revenue": NaN,
        "Operating Revenue": NaN
    },
    "2024-02-29": {
        "Tax Effect Of Unusual Items": NaN,
        "Tax Rate For Calcs": NaN,
        "Normalized EBITDA": NaN,
        "Total Unusual Items": NaN,
        "Total Unusual Items Excluding Goodwill": NaN,
        "Net Income From Continuing Operation Net Minority Interest": NaN,
        "Reconciled Depreciation": NaN,
        "Reconciled Cost Of Revenue": NaN,
        "EBITDA": NaN,
        "EBIT": NaN,
        "Net Interest Income": NaN,
        "Normalized Income": NaN,
        "Net Income From Continuing And Discontinued Operation": NaN,
        "Total Expenses": NaN,
        "Total Operating Income As Reported": NaN,
        "Diluted Average Shares": NaN,
        "Basic Average Shares": NaN,
        "Diluted EPS": NaN,
        "Basic EPS": NaN,
        "Diluted NI Availto Com Stockholders": NaN,
        "Net Income Common Stockholders": NaN,
        "Net Income": NaN,
        "Minority Interests": NaN,
        "Net Income Including Noncontrolling Interests": NaN,
        "Net Income Continuous Operations": NaN,
        "Earnings From Equity Interest Net Of Tax": NaN,
        "Tax Provision": NaN,
        "Pretax Income": NaN,
        "Other Income Expense": NaN,
        "Other Non Operating Income Expenses": NaN,
        "Special Income Charges": NaN,
        "Gain On Sale Of Business": NaN,
        "Restructuring And Mergern Acquisition": NaN,
        "Net Non Operating Interest Income Expense": NaN,
        "Total Other Finance Cost": 121700000.0,
        "Operating Income": NaN,
        "Operating Expense": NaN,
        "Selling General And Administration": NaN,
        "Gross Profit": NaN,
        "Cost Of Revenue": NaN,
        "Total Revenue": NaN,
        "Operating Revenue": NaN
    },
    "2024-05-31": {
        "Tax Effect Of Unusual Items": NaN,
        "Tax Rate For Calcs": NaN,
        "Normalized EBITDA": NaN,
        "Total Unusual Items": NaN,
        "Total Unusual Items Excluding Goodwill": NaN,
        "Net Income From Continuing Operation Net Minority Interest": NaN,
        "Reconciled Depreciation": NaN,
        "Reconciled Cost Of Revenue": NaN,
        "EBITDA": NaN,
        "EBIT": NaN,
        "Net Interest Income": NaN,
        "Normalized Income": NaN,
        "Net Income From Continuing And Discontinued Operation": NaN,
        "Total Expenses": NaN,
        "Total Operating Income As Reported": NaN,
        "Diluted Average Shares": NaN,
        "Basic Average Shares": NaN,
        "Diluted EPS": NaN,
        "Basic EPS": NaN,
        "Diluted NI Availto Com Stockholders": NaN,
        "Net Income Common Stockholders": NaN,
        "Net Income": NaN,
        "Minority Interests": NaN,
        "Net Income Including Noncontrolling Interests": NaN,
        "Net Income Continuous Operations": NaN,
        "Earnings From Equity Interest Net Of Tax": NaN,
        "Tax Provision": NaN,
        "Pretax Income": NaN,
        "Other Income Expense": NaN,
        "Other Non Operating Income Expenses": NaN,
        "Special Income Charges": NaN,
        "Gain On Sale Of Business": 0.0,
        "Restructuring And Mergern Acquisition": NaN,
        "Net Non Operating Interest Income Expense": NaN,
        "Total Other Finance Cost": NaN,
        "Operating Income": NaN,
        "Operating Expense": NaN,
        "Selling General And Administration": NaN,
        "Gross Profit": NaN,
        "Cost Of Revenue": NaN,
        "Total Revenue": NaN,
        "Operating Revenue": NaN
    },
    "2024-08-31": {
        "Tax Effect Of Unusual Items": -479745.08174,
        "Tax Rate For Calcs": 0.218066,
        "Normalized EBITDA": 975500000.0,
        "Total Unusual Items": -2200000.0,
        "Total Unusual Items Excluding Goodwill": -2200000.0,
        "Net Income From Continuing Operation Net Minority Interest": 579900000.0,
        "Reconciled Depreciation": 139600000.0,
        "Reconciled Cost Of Revenue": 3159300000.0,
        "EBITDA": 973300000.0,
        "EBIT": 833700000.0,
        "Net Interest Income": -123600000.0,
        "Normalized Income": 581620254.91826,
        "Net Income From Continuing And Discontinued Operation": 579900000.0,
        "Total Expenses": 4014400000.0,
        "Total Operating Income As Reported": 831500000.0,
        "Diluted Average Shares": 563800000.0,
        "Basic Average Shares": 560500000.0,
        "Diluted EPS": 1.03,
        "Basic EPS": 1.03,
        "Diluted NI Availto Com Stockholders": 579900000.0,
        "Net Income Common Stockholders": 579900000.0,
        "Net Income": 579900000.0,
        "Minority Interests": -3700000.0,
        "Net Income Including Noncontrolling Interests": 583600000.0,
        "Net Income Continuous Operations": 583600000.0,
        "Earnings From Equity Interest Net Of Tax": 19200000.0,
        "Tax Provision": 157400000.0,
        "Pretax Income": 721800000.0,
        "Other Income Expense": 11700000.0,
        "Other Non Operating Income Expenses": 13900000.0,
        "Special Income Charges": -2200000.0,
        "Gain On Sale Of Business": 0.0,
        "Restructuring And Mergern Acquisition": 2200000.0,
        "Net Non Operating Interest Income Expense": -123600000.0,
        "Total Other Finance Cost": 123600000.0,
        "Operating Income": 833700000.0,
        "Operating Expense": 855100000.0,
        "Selling General And Administration": 855100000.0,
        "Gross Profit": 1688800000.0,
        "Cost Of Revenue": 3159300000.0,
        "Total Revenue": 4848100000.0,
        "Operating Revenue": 4743100000.0
    },
    "2024-11-30": {
        "Tax Effect Of Unusual Items": -241200.0,
        "Tax Rate For Calcs": 0.201,
        "Normalized EBITDA": 1209800000.0,
        "Total Unusual Items": -1200000.0,
        "Total Unusual Items Excluding Goodwill": -1200000.0,
        "Net Income From Continuing Operation Net Minority Interest": 795700000.0,
        "Reconciled Depreciation": 129500000.0,
        "Reconciled Cost Of Revenue": 3309000000.0,
        "EBITDA": 1208600000.0,
        "EBIT": 1079100000.0,
        "Net Interest Income": -124600000.0,
        "Normalized Income": 796658800.0,
        "Net Income From Continuing And Discontinued Operation": 795700000.0,
        "Total Expenses": 4161000000.0,
        "Total Operating Income As Reported": 1077900000.0,
        "Diluted Average Shares": 560400000.0,
        "Basic Average Shares": 556900000.0,
        "Diluted EPS": 1.42,
        "Basic EPS": 1.43,
        "Diluted NI Availto Com Stockholders": 795700000.0,
        "Net Income Common Stockholders": 795700000.0,
        "Net Income": 795700000.0,
        "Minority Interests": -6600000.0,
        "Net Income Including Noncontrolling Interests": 802300000.0,
        "Net Income Continuous Operations": 802300000.0,
        "Earnings From Equity Interest Net Of Tax": 30000000.0,
        "Tax Provision": 194800000.0,
        "Pretax Income": 967100000.0,
        "Other Income Expense": 12600000.0,
        "Other Non Operating Income Expenses": 13800000.0,
        "Special Income Charges": -1200000.0,
        "Gain On Sale Of Business": NaN,
        "Restructuring And Mergern Acquisition": 1200000.0,
        "Net Non Operating Interest Income Expense": -124600000.0,
        "Total Other Finance Cost": 124600000.0,
        "Operating Income": 1079100000.0,
        "Operating Expense": 852000000.0,
        "Selling General And Administration": 852000000.0,
        "Gross Profit": 1931100000.0,
        "Cost Of Revenue": 3309000000.0,
        "Total Revenue": 5240100000.0,
        "Operating Revenue": 5144600000.0
    },
    "2025-02-28": {
        "Tax Effect Of Unusual Items": 19146600.0,
        "Tax Rate For Calcs": 0.198,
        "Normalized EBITDA": 832300000.0,
        "Total Unusual Items": 96700000.0,
        "Total Unusual Items Excluding Goodwill": 96700000.0,
        "Net Income From Continuing Operation Net Minority Interest": 625600000.0,
        "Reconciled Depreciation": 134300000.0,
        "Reconciled Cost Of Revenue": 3203100000.0,
        "EBITDA": 929000000.0,
        "EBIT": 794700000.0,
        "Net Interest Income": -136300000.0,
        "Normalized Income": 548046600.0,
        "Net Income From Continuing And Discontinued Operation": 625600000.0,
        "Total Expenses": 4047500000.0,
        "Total Operating Income As Reported": 891400000.0,
        "Diluted Average Shares": 555000000.0,
        "Basic Average Shares": 552600000.0,
        "Diluted EPS": 1.12,
        "Basic EPS": 1.14,
        "Diluted NI Availto Com Stockholders": 625600000.0,
        "Net Income Common Stockholders": 625600000.0,
        "Net Income": 625600000.0,
        "Minority Interests": -5400000.0,
        "Net Income Including Noncontrolling Interests": 631000000.0,
        "Net Income Continuous Operations": 631000000.0,
        "Earnings From Equity Interest Net Of Tax": 14400000.0,
        "Tax Provision": 152400000.0,
        "Pretax Income": 769000000.0,
        "Other Income Expense": 110600000.0,
        "Other Non Operating Income Expenses": 13900000.0,
        "Special Income Charges": 96700000.0,
        "Gain On Sale Of Business": 95900000.0,
        "Restructuring And Mergern Acquisition": -800000.0,
        "Net Non Operating Interest Income Expense": -136300000.0,
        "Total Other Finance Cost": 136300000.0,
        "Operating Income": 794700000.0,
        "Operating Expense": 844400000.0,
        "Selling General And Administration": 844400000.0,
        "Gross Profit": 1639100000.0,
        "Cost Of Revenue": 3203100000.0,
        "Total Revenue": 4842200000.0,
        "Operating Revenue": 4750200000.0
    },
    "2025-05-31": {
        "Tax Effect Of Unusual Items": -13871307.345532,
        "Tax Rate For Calcs": 0.183241,
        "Normalized EBITDA": 887600000.0,
        "Total Unusual Items": -75700000.0,
        "Total Unusual Items Excluding Goodwill": -75700000.0,
        "Net Income From Continuing Operation Net Minority Interest": 294000000.0,
        "Reconciled Depreciation": 135600000.0,
        "Reconciled Cost Of Revenue": 3082200000.0,
        "EBITDA": 811900000.0,
        "EBIT": 676300000.0,
        "Net Interest Income": -139700000.0,
        "Normalized Income": 355828692.654468,
        "Net Income From Continuing And Discontinued Operation": 294000000.0,
        "Total Expenses": 3976500000.0,
        "Total Operating Income As Reported": 504000000.0,
        "Diluted Average Shares": 550400000.0,
        "Basic Average Shares": 548200000.0,
        "Diluted EPS": 0.53,
        "Basic EPS": 0.53,
        "Diluted NI Availto Com Stockholders": 283500000.0,
        "Net Income Common Stockholders": 283500000.0,
        "Net Income": 294000000.0,
        "Minority Interests": -8000000.0,
        "Net Income Including Noncontrolling Interests": 302000000.0,
        "Net Income Continuous Operations": 302000000.0,
        "Earnings From Equity Interest Net Of Tax": -6000000.0,
        "Tax Provision": 69100000.0,
        "Pretax Income": 377100000.0,
        "Other Income Expense": -62900000.0,
        "Other Non Operating Income Expenses": 12800000.0,
        "Special Income Charges": -75700000.0,
        "Gain On Sale Of Business": 0.0,
        "Restructuring And Mergern Acquisition": 75700000.0,
        "Net Non Operating Interest Income Expense": -139700000.0,
        "Total Other Finance Cost": NaN,
        "Operating Income": 579700000.0,
        "Operating Expense": 894300000.0,
        "Selling General And Administration": 894300000.0,
        "Gross Profit": 1474000000.0,
        "Cost Of Revenue": 3082200000.0,
        "Total Revenue": 4556200000.0,
        "Operating Revenue": 4848700000.0
    },
    "2025-08-31": {
        "Tax Effect Of Unusual Items": 265254206.827934,
        "Tax Rate For Calcs": 0.255519,
        "Normalized EBITDA": -211700000.0,
        "Total Unusual Items": 1038100000.0,
        "Total Unusual Items Excluding Goodwill": 1038100000.0,
        "Net Income From Continuing Operation Net Minority Interest": 1204200000.0,
        "Reconciled Depreciation": 138700000.0,
        "Reconciled Cost Of Revenue": 2984700000.0,
        "EBITDA": 826400000.0,
        "EBIT": 687700000.0,
        "Net Interest Income": -132800000.0,
        "Normalized Income": 431354206.827934,
        "Net Income From Continuing And Discontinued Operation": 1204200000.0,
        "Total Expenses": 3829800000.0,
        "Total Operating Income As Reported": 1725800000.0,
        "Diluted Average Shares": 542500000.0,
        "Basic Average Shares": 541300000.0,
        "Diluted EPS": 2.22,
        "Basic EPS": 2.22,
        "Diluted NI Availto Com Stockholders": 1204200000.0,
        "Net Income Common Stockholders": 1204200000.0,
        "Net Income": 1204200000.0,
        "Minority Interests": 200000.0,
        "Net Income Including Noncontrolling Interests": 1204000000.0,
        "Net Income Continuous Operations": 1204000000.0,
        "Earnings From Equity Interest Net Of Tax": 6800000.0,
        "Tax Provision": 410900000.0,
        "Pretax Income": 1608100000.0,
        "Other Income Expense": 1053200000.0,
        "Other Non Operating Income Expenses": 15100000.0,
        "Special Income Charges": 1038100000.0,
        "Gain On Sale Of Business": 1054400000.0,
        "Restructuring And Mergern Acquisition": 16300000.0,
        "Net Non Operating Interest Income Expense": -132800000.0,
        "Total Other Finance Cost": 132800000.0,
        "Operating Income": 687700000.0,
        "Operating Expense": 845100000.0,
        "Selling General And Administration": 845100000.0,
        "Gross Profit": 1532800000.0,
        "Cost Of Revenue": 2984700000.0,
        "Total Revenue": 4517500000.0,
        "Operating Revenue": 4397200000.0
    }
}