{
    "2023-03-31": {
        "Tax Effect Of Unusual Items": NaN,
        "Tax Rate For Calcs": NaN,
        "Normalized EBITDA": NaN,
        "Net Income From Continuing Operation Net Minority Interest": NaN,
        "Reconciled Depreciation": NaN,
        "EBITDA": NaN,
        "EBIT": NaN,
        "Net Interest Income": NaN,
        "Interest Income": NaN,
        "Normalized Income": NaN,
        "Net Income From Continuing And Discontinued Operation": NaN,
        "Total Expenses": NaN,
        "Diluted Average Shares": 141028.0,
        "Basic Average Shares": 141028.0,
        "Diluted EPS": -12.96,
        "Basic EPS": -12.96,
        "Diluted NI Availto Com Stockholders": NaN,
        "Net Income Common Stockholders": NaN,
        "Net Income": NaN,
        "Net Income Including Noncontrolling Interests": NaN,
        "Net Income Continuous Operations": NaN,
        "Pretax Income": NaN,
        "Net Non Operating Interest Income Expense": NaN,
        "Total Other Finance Cost": -172000.0,
        "Interest Income Non Operating": NaN,
        "Operating Income": NaN,
        "Operating Expense": NaN,
        "Research And Development": NaN,
        "Selling General And Administration": NaN,
        "General And Administrative Expense": NaN,
        "Other Gand A": NaN,
        "Total Revenue": NaN,
        "Operating Revenue": NaN
    },
    "2022-12-31": {
        "Tax Effect Of Unusual Items": 0.0,
        "Tax Rate For Calcs": 0.0,
        "Normalized EBITDA": -2440000.0,
        "Net Income From Continuing Operation Net Minority Interest": -2639000.0,
        "Reconciled Depreciation": 9000.0,
        "EBITDA": -2440000.0,
        "EBIT": -2449000.0,
        "Net Interest Income": 300000.0,
        "Normalized Income": -2639000.0,
        "Net Income From Continuing And Discontinued Operation": -2639000.0,
        "Total Expenses": 2449000.0,
        "Diluted Average Shares": NaN,
        "Basic Average Shares": NaN,
        "Diluted EPS": NaN,
        "Basic EPS": NaN,
        "Diluted NI Availto Com Stockholders": -2639000.0,
        "Net Income Common Stockholders": -2639000.0,
        "Net Income": -2639000.0,
        "Net Income Including Noncontrolling Interests": -2639000.0,
        "Net Income Continuous Operations": -2639000.0,
        "Pretax Income": -2639000.0,
        "Net Non Operating Interest Income Expense": 300000.0,
        "Total Other Finance Cost": -3000.0,
        "Operating Income": -2449000.0,
        "Operating Expense": 2449000.0,
        "Research And Development": 1378000.0,
        "Selling General And Administration": 1071000.0,
        "General And Administrative Expense": 1071000.0,
        "Other Gand A": -2442000.0,
        "Total Revenue": 0.0,
        "Operating Revenue": 0.0
    },
    "2022-09-30": {
        "Tax Effect Of Unusual Items": NaN,
        "Tax Rate For Calcs": NaN,
        "Normalized EBITDA": NaN,
        "Net Income From Continuing Operation Net Minority Interest": NaN,
        "Reconciled Depreciation": NaN,
        "EBITDA": NaN,
        "EBIT": NaN,
        "Net Interest Income": NaN,
        "Normalized Income": NaN,
        "Net Income From Continuing And Discontinued Operation": NaN,
        "Total Expenses": NaN,
        "Diluted Average Shares": 1679299.0,
        "Basic Average Shares": 1679299.0,
        "Diluted EPS": -3.19,
        "Basic EPS": -3.19,
        "Diluted NI Availto Com Stockholders": NaN,
        "Net Income Common Stockholders": NaN,
        "Net Income": NaN,
        "Net Income Including Noncontrolling Interests": NaN,
        "Net Income Continuous Operations": NaN,
        "Pretax Income": NaN,
        "Net Non Operating Interest Income Expense": NaN,
        "Total Other Finance Cost": NaN,
        "Operating Income": NaN,
        "Operating Expense": NaN,
        "Research And Development": NaN,
        "Selling General And Administration": NaN,
        "General And Administrative Expense": NaN,
        "Other Gand A": NaN,
        "Total Revenue": NaN,
        "Operating Revenue": NaN
    },
    "2022-06-30": {
        "Tax Effect Of Unusual Items": 0.0,
        "Tax Rate For Calcs": 0.0,
        "Normalized EBITDA": -3721000.0,
        "Net Income From Continuing Operation Net Minority Interest": -3734000.0,
        "Reconciled Depreciation": 9000.0,
        "EBITDA": -3721000.0,
        "EBIT": -3730000.0,
        "Net Interest Income": -4000.0,
        "Normalized Income": -3734000.0,
        "Net Income From Continuing And Discontinued Operation": -3734000.0,
        "Total Expenses": 3730000.0,
        "Diluted Average Shares": 1672561.0,
        "Basic Average Shares": 1672561.0,
        "Diluted EPS": -2.25,
        "Basic EPS": -2.25,
        "Diluted NI Availto Com Stockholders": -3734000.0,
        "Net Income Common Stockholders": -3734000.0,
        "Net Income": -3734000.0,
        "Net Income Including Noncontrolling Interests": -3734000.0,
        "Net Income Continuous Operations": -3734000.0,
        "Pretax Income": -3734000.0,
        "Net Non Operating Interest Income Expense": -4000.0,
        "Total Other Finance Cost": 4000.0,
        "Operating Income": -3730000.0,
        "Operating Expense": 3730000.0,
        "Research And Development": 2580000.0,
        "Selling General And Administration": 1150000.0,
        "General And Administrative Expense": 1150000.0,
        "Other Gand A": 1150000.0,
        "Total Revenue": 0.0,
        "Operating Revenue": 0.0
    },
    "2022-03-31": {
        "Diluted EPS": -3.67,
        "Total Revenue": NaN,
        "Gross Profit": NaN,
        "Operating Income": -6,
        "EBIT": -6,
        "Net Income": -6
    },
    "2021-12-31": {
        "Diluted EPS": -4.5,
        "Total Revenue": NaN,
        "Gross Profit": NaN,
        "Operating Income": -7,
        "EBIT": -7,
        "Net Income": -7
    },
    "2021-09-30": {
        "Diluted EPS": -4.65,
        "Total Revenue": NaN,
        "Gross Profit": NaN,
        "Operating Income": -8,
        "EBIT": -8,
        "Net Income": -8
    },
    "2021-06-30": {
        "Diluted EPS": -4.95,
        "Total Revenue": NaN,
        "Gross Profit": NaN,
        "Operating Income": -8,
        "EBIT": -8,
        "Net Income": -8
    },
    "2021-03-31": {
        "Diluted EPS": -5.7,
        "Total Revenue": NaN,
        "Gross Profit": NaN,
        "Operating Income": -9,
        "EBIT": -9,
        "Net Income": -9
    },
    "2020-12-31": {
        "Diluted EPS": -7.2,
        "Total Revenue": NaN,
        "Gross Profit": NaN,
        "Operating Income": -10,
        "EBIT": -10,
        "Net Income": -10
    },
    "2020-09-30": {
        "Diluted EPS": -4.8,
        "Total Revenue": NaN,
        "Gross Profit": NaN,
        "Operating Income": -8,
        "EBIT": -8,
        "Net Income": -7
    },
    "2020-06-30": {
        "Diluted EPS": -3.9,
        "Total Revenue": NaN,
        "Gross Profit": NaN,
        "Operating Income": -6,
        "EBIT": -6,
        "Net Income": -6
    },
    "2020-03-31": {
        "Diluted EPS": -4.35,
        "Total Revenue": NaN,
        "Gross Profit": NaN,
        "Operating Income": -6,
        "EBIT": -6,
        "Net Income": -6
    },
    "2019-12-31": {
        "Diluted EPS": -5.85,
        "Total Revenue": NaN,
        "Gross Profit": NaN,
        "Operating Income": -9,
        "EBIT": -9,
        "Net Income": -8
    },
    "2019-09-30": {
        "Diluted EPS": -3.15,
        "Total Revenue": NaN,
        "Gross Profit": NaN,
        "Operating Income": -5,
        "EBIT": -5,
        "Net Income": -5
    },
    "2019-06-30": {
        "Diluted EPS": -3.0,
        "Total Revenue": NaN,
        "Gross Profit": NaN,
        "Operating Income": -5,
        "EBIT": -5,
        "Net Income": -4
    },
    "2019-03-31": {
        "Diluted EPS": -2.55,
        "Total Revenue": NaN,
        "Gross Profit": NaN,
        "Operating Income": -4,
        "EBIT": -4,
        "Net Income": -3
    },
    "2018-12-31": {
        "Diluted EPS": -2.25,
        "Total Revenue": 0,
        "Gross Profit": 0,
        "Operating Income": -4,
        "EBIT": -4,
        "Net Income": -4
    },
    "2018-09-30": {
        "Diluted EPS": -0.75,
        "Total Revenue": 2,
        "Gross Profit": 2,
        "Operating Income": -1,
        "EBIT": -1,
        "Net Income": -1
    },
    "2018-06-30": {
        "Diluted EPS": -2.55,
        "Total Revenue": 0,
        "Gross Profit": 0,
        "Operating Income": -3,
        "EBIT": -3,
        "Net Income": -3
    },
    "2018-03-31": {
        "Diluted EPS": -2.55,
        "Total Revenue": 0,
        "Gross Profit": 0,
        "Operating Income": -3,
        "EBIT": -2,
        "Net Income": -3
    },
    "2017-12-31": {
        "Diluted EPS": -4.05,
        "Total Revenue": 0,
        "Gross Profit": 0,
        "Operating Income": -4,
        "EBIT": -3,
        "Net Income": -4
    },
    "2017-09-30": {
        "Diluted EPS": -3.45,
        "Total Revenue": 0,
        "Gross Profit": 0,
        "Operating Income": -3,
        "EBIT": -3,
        "Net Income": -3
    },
    "2017-06-30": {
        "Diluted EPS": -3.3,
        "Total Revenue": 0,
        "Gross Profit": 0,
        "Operating Income": -3,
        "EBIT": -3,
        "Net Income": -3
    },
    "2017-03-31": {
        "Diluted EPS": -3.9,
        "Total Revenue": 0,
        "Gross Profit": 0,
        "Operating Income": -3,
        "EBIT": -3,
        "Net Income": -3
    },
    "2016-12-31": {
        "Diluted EPS": -6.0,
        "Total Revenue": 0,
        "Gross Profit": 0,
        "Operating Income": -5,
        "EBIT": -5,
        "Net Income": -5
    },
    "2016-09-30": {
        "Diluted EPS": -5.1,
        "Total Revenue": 0,
        "Gross Profit": 0,
        "Operating Income": -4,
        "EBIT": -4,
        "Net Income": -4
    },
    "2016-06-30": {
        "Diluted EPS": -5.85,
        "Total Revenue": NaN,
        "Gross Profit": NaN,
        "Operating Income": -4,
        "EBIT": -4,
        "Net Income": -4
    },
    "2016-03-31": {
        "Diluted EPS": -5.4,
        "Total Revenue": NaN,
        "Gross Profit": NaN,
        "Operating Income": -4,
        "EBIT": -4,
        "Net Income": -4
    },
    "2015-12-31": {
        "Diluted EPS": -4.5,
        "Total Revenue": NaN,
        "Gross Profit": NaN,
        "Operating Income": -3,
        "EBIT": -3,
        "Net Income": -3
    },
    "2015-09-30": {
        "Diluted EPS": -3.45,
        "Total Revenue": NaN,
        "Gross Profit": NaN,
        "Operating Income": -2,
        "EBIT": -2,
        "Net Income": -3
    },
    "2015-06-30": {
        "Diluted EPS": -3.15,
        "Total Revenue": NaN,
        "Gross Profit": NaN,
        "Operating Income": -3,
        "EBIT": -2,
        "Net Income": -2
    },
    "2015-03-31": {
        "Diluted EPS": -3.3,
        "Total Revenue": NaN,
        "Gross Profit": NaN,
        "Operating Income": -3,
        "EBIT": -3,
        "Net Income": -2
    },
    "2014-12-31": {
        "Diluted EPS": -2.7,
        "Total Revenue": NaN,
        "Gross Profit": NaN,
        "Operating Income": -2,
        "Net Income": -2
    },
    "2014-09-30": {
        "Diluted EPS": 0.0,
        "Total Revenue": NaN,
        "Gross Profit": NaN,
        "Operating Income": NaN,
        "Net Income": NaN
    },
    "2014-06-30": {
        "Diluted EPS": -2.1,
        "Total Revenue": NaN,
        "Gross Profit": NaN,
        "Operating Income": -2,
        "EBIT": -2,
        "Net Income": -2
    },
    "2014-03-31": {
        "Diluted EPS": -4.05,
        "Total Revenue": NaN,
        "Gross Profit": NaN,
        "Operating Income": -2,
        "EBIT": -2,
        "Net Income": -2
    },
    "2013-12-31": {
        "Diluted EPS": 0.0,
        "Total Revenue": NaN,
        "Gross Profit": NaN,
        "Operating Income": NaN,
        "EBIT": NaN,
        "Net Income": NaN
    },
    "2013-03-31": {
        "Diluted EPS": 1.8,
        "Total Revenue": NaN,
        "Gross Profit": NaN,
        "Operating Income": -1,
        "EBIT": -1,
        "Net Income": 1
    },
    "2012-12-31": {
        "Diluted EPS": 0.0,
        "Total Revenue": NaN,
        "Gross Profit": NaN,
        "Operating Income": NaN,
        "EBIT": NaN,
        "Net Income": NaN
    },
    "2023-06-30": {
        "Tax Effect Of Unusual Items": NaN,
        "Tax Rate For Calcs": NaN,
        "Normalized EBITDA": NaN,
        "Net Income From Continuing Operation Net Minority Interest": NaN,
        "Reconciled Depreciation": NaN,
        "EBITDA": NaN,
        "EBIT": NaN,
        "Net Interest Income": NaN,
        "Interest Income": 278000.0,
        "Normalized Income": NaN,
        "Net Income From Continuing And Discontinued Operation": NaN,
        "Total Expenses": NaN,
        "Diluted Average Shares": 140019.0,
        "Basic Average Shares": 140019.0,
        "Diluted EPS": -11.4,
        "Basic EPS": -11.4,
        "Diluted NI Availto Com Stockholders": NaN,
        "Net Income Common Stockholders": NaN,
        "Net Income": NaN,
        "Net Income Including Noncontrolling Interests": NaN,
        "Net Income Continuous Operations": NaN,
        "Pretax Income": NaN,
        "Net Non Operating Interest Income Expense": NaN,
        "Total Other Finance Cost": -278000.0,
        "Interest Income Non Operating": 278000.0,
        "Operating Income": NaN,
        "Operating Expense": NaN,
        "Research And Development": NaN,
        "Selling General And Administration": NaN,
        "General And Administrative Expense": NaN,
        "Other Gand A": NaN,
        "Total Revenue": NaN,
        "Operating Revenue": NaN
    },
    "2023-09-30": {
        "Tax Effect Of Unusual Items": NaN,
        "Tax Rate For Calcs": NaN,
        "Normalized EBITDA": NaN,
        "Net Income From Continuing Operation Net Minority Interest": NaN,
        "Reconciled Depreciation": NaN,
        "EBITDA": NaN,
        "EBIT": NaN,
        "Net Interest Income": NaN,
        "Interest Income": NaN,
        "Normalized Income": NaN,
        "Net Income From Continuing And Discontinued Operation": NaN,
        "Total Expenses": NaN,
        "Diluted Average Shares": 43376.0,
        "Basic Average Shares": 43376.0,
        "Diluted EPS": -41.16,
        "Basic EPS": -41.16,
        "Diluted NI Availto Com Stockholders": NaN,
        "Net Income Common Stockholders": NaN,
        "Net Income": NaN,
        "Net Income Including Noncontrolling Interests": NaN,
        "Net Income Continuous Operations": NaN,
        "Pretax Income": NaN,
        "Net Non Operating Interest Income Expense": NaN,
        "Total Other Finance Cost": 5000.0,
        "Interest Income Non Operating": NaN,
        "Operating Income": NaN,
        "Operating Expense": NaN,
        "Research And Development": NaN,
        "Selling General And Administration": NaN,
        "General And Administrative Expense": NaN,
        "Other Gand A": NaN,
        "Total Revenue": NaN,
        "Operating Revenue": NaN
    },
    "2023-12-31": {
        "Tax Effect Of Unusual Items": 0.0,
        "Tax Rate For Calcs": 0.0,
        "Normalized EBITDA": -2145000.0,
        "Net Income From Continuing Operation Net Minority Interest": NaN,
        "Reconciled Depreciation": 6000.0,
        "EBITDA": -2145000.0,
        "EBIT": NaN,
        "Net Interest Income": -81000.0,
        "Interest Income": NaN,
        "Normalized Income": -2016000.0,
        "Net Income From Continuing And Discontinued Operation": NaN,
        "Total Expenses": 2151000.0,
        "Diluted Average Shares": NaN,
        "Basic Average Shares": NaN,
        "Diluted EPS": NaN,
        "Basic EPS": NaN,
        "Diluted NI Availto Com Stockholders": -2016000.0,
        "Net Income Common Stockholders": -2016000.0,
        "Net Income": -2016000.0,
        "Net Income Including Noncontrolling Interests": -2016000.0,
        "Net Income Continuous Operations": -2016000.0,
        "Pretax Income": -2016000.0,
        "Net Non Operating Interest Income Expense": -81000.0,
        "Total Other Finance Cost": 456000.0,
        "Interest Income Non Operating": NaN,
        "Operating Income": -2151000.0,
        "Operating Expense": 2151000.0,
        "Research And Development": 1121000.0,
        "Selling General And Administration": 1030000.0,
        "General And Administrative Expense": NaN,
        "Other Gand A": -1971000.0,
        "Total Revenue": 0.0,
        "Operating Revenue": 0.0
    },
    "2024-03-31": {
        "Tax Effect Of Unusual Items": 0.0,
        "Tax Rate For Calcs": 0.0,
        "Normalized EBITDA": -1392000.0,
        "Net Income From Continuing Operation Net Minority Interest": -1275000.0,
        "Reconciled Depreciation": 9000.0,
        "EBITDA": -1392000.0,
        "EBIT": -1401000.0,
        "Net Interest Income": 126000.0,
        "Interest Income": NaN,
        "Normalized Income": -1275000.0,
        "Net Income From Continuing And Discontinued Operation": -1275000.0,
        "Total Expenses": 1401000.0,
        "Diluted Average Shares": 455054.0,
        "Basic Average Shares": 455054.0,
        "Diluted EPS": -2.76,
        "Basic EPS": -2.76,
        "Diluted NI Availto Com Stockholders": -1275000.0,
        "Net Income Common Stockholders": -1275000.0,
        "Net Income": -1275000.0,
        "Net Income Including Noncontrolling Interests": -1275000.0,
        "Net Income Continuous Operations": -1275000.0,
        "Pretax Income": -1275000.0,
        "Net Non Operating Interest Income Expense": 126000.0,
        "Total Other Finance Cost": -126000.0,
        "Interest Income Non Operating": NaN,
        "Operating Income": -1401000.0,
        "Operating Expense": 1401000.0,
        "Research And Development": 635000.0,
        "Selling General And Administration": 766000.0,
        "General And Administrative Expense": 766000.0,
        "Other Gand A": 766000.0,
        "Total Revenue": 0.0,
        "Operating Revenue": 0.0
    },
    "2024-06-30": {
        "Tax Effect Of Unusual Items": 0.0,
        "Tax Rate For Calcs": 0.0,
        "Normalized EBITDA": -1148000.0,
        "Net Income From Continuing Operation Net Minority Interest": -1119000.0,
        "Reconciled Depreciation": 74000.0,
        "EBITDA": -1148000.0,
        "EBIT": -1222000.0,
        "Net Interest Income": 103000.0,
        "Interest Income": 103000.0,
        "Normalized Income": -1119000.0,
        "Net Income From Continuing And Discontinued Operation": -1119000.0,
        "Total Expenses": 1222000.0,
        "Diluted Average Shares": 524562.0,
        "Basic Average Shares": 524562.0,
        "Diluted EPS": -2.16,
        "Basic EPS": -2.16,
        "Diluted NI Availto Com Stockholders": -1119000.0,
        "Net Income Common Stockholders": -1119000.0,
        "Net Income": -1119000.0,
        "Net Income Including Noncontrolling Interests": -1119000.0,
        "Net Income Continuous Operations": -1119000.0,
        "Pretax Income": -1119000.0,
        "Net Non Operating Interest Income Expense": 103000.0,
        "Total Other Finance Cost": NaN,
        "Interest Income Non Operating": 103000.0,
        "Operating Income": -1222000.0,
        "Operating Expense": 1222000.0,
        "Research And Development": 534000.0,
        "Selling General And Administration": 688000.0,
        "General And Administrative Expense": 688000.0,
        "Other Gand A": 688000.0,
        "Total Revenue": 0.0,
        "Operating Revenue": 0.0
    },
    "2024-09-30": {
        "Tax Effect Of Unusual Items": 0.0,
        "Tax Rate For Calcs": 0.0,
        "Normalized EBITDA": -2011000.0,
        "Net Income From Continuing Operation Net Minority Interest": -1914000.0,
        "Reconciled Depreciation": 0.0,
        "EBITDA": -2011000.0,
        "EBIT": -2011000.0,
        "Net Interest Income": 97000.0,
        "Interest Income": NaN,
        "Normalized Income": -1914000.0,
        "Net Income From Continuing And Discontinued Operation": -1914000.0,
        "Total Expenses": 2011000.0,
        "Diluted Average Shares": 69125.0,
        "Basic Average Shares": 69125.0,
        "Diluted EPS": -27.72,
        "Basic EPS": -27.72,
        "Diluted NI Availto Com Stockholders": -1914000.0,
        "Net Income Common Stockholders": -1914000.0,
        "Net Income": -1914000.0,
        "Net Income Including Noncontrolling Interests": -1914000.0,
        "Net Income Continuous Operations": -1914000.0,
        "Pretax Income": -1914000.0,
        "Net Non Operating Interest Income Expense": 97000.0,
        "Total Other Finance Cost": -97000.0,
        "Interest Income Non Operating": NaN,
        "Operating Income": -2011000.0,
        "Operating Expense": 2011000.0,
        "Research And Development": 738000.0,
        "Selling General And Administration": 1273000.0,
        "General And Administrative Expense": 1273000.0,
        "Other Gand A": 1273000.0,
        "Total Revenue": 0.0,
        "Operating Revenue": 0.0
    },
    "2024-12-31": {
        "Tax Effect Of Unusual Items": 0.0,
        "Tax Rate For Calcs": 0.0,
        "Normalized EBITDA": -1644000.0,
        "Net Income From Continuing Operation Net Minority Interest": -3209000.0,
        "Reconciled Depreciation": 0.0,
        "EBITDA": -1644000.0,
        "EBIT": -1644000.0,
        "Net Interest Income": -448000.0,
        "Interest Income": NaN,
        "Normalized Income": -3209000.0,
        "Net Income From Continuing And Discontinued Operation": -3209000.0,
        "Total Expenses": 1644000.0,
        "Diluted Average Shares": NaN,
        "Basic Average Shares": NaN,
        "Diluted EPS": NaN,
        "Basic EPS": NaN,
        "Diluted NI Availto Com Stockholders": -3209000.0,
        "Net Income Common Stockholders": -3209000.0,
        "Net Income": -3209000.0,
        "Net Income Including Noncontrolling Interests": -3209000.0,
        "Net Income Continuous Operations": -3209000.0,
        "Pretax Income": -3209000.0,
        "Net Non Operating Interest Income Expense": -448000.0,
        "Total Other Finance Cost": 951000.0,
        "Interest Income Non Operating": NaN,
        "Operating Income": -1644000.0,
        "Operating Expense": 1644000.0,
        "Research And Development": 1072000.0,
        "Selling General And Administration": 572000.0,
        "General And Administrative Expense": 572000.0,
        "Other Gand A": -1831000.0,
        "Total Revenue": 0.0,
        "Operating Revenue": 0.0
    },
    "2025-03-31": {
        "Tax Effect Of Unusual Items": NaN,
        "Tax Rate For Calcs": NaN,
        "Normalized EBITDA": NaN,
        "Net Income From Continuing Operation Net Minority Interest": -1104000.0,
        "Reconciled Depreciation": NaN,
        "EBITDA": NaN,
        "EBIT": -1264000.0,
        "Net Interest Income": NaN,
        "Interest Income": NaN,
        "Normalized Income": NaN,
        "Net Income From Continuing And Discontinued Operation": -1104000.0,
        "Total Expenses": NaN,
        "Diluted Average Shares": NaN,
        "Basic Average Shares": NaN,
        "Diluted EPS": NaN,
        "Basic EPS": NaN,
        "Diluted NI Availto Com Stockholders": NaN,
        "Net Income Common Stockholders": NaN,
        "Net Income": NaN,
        "Net Income Including Noncontrolling Interests": NaN,
        "Net Income Continuous Operations": NaN,
        "Pretax Income": NaN,
        "Net Non Operating Interest Income Expense": NaN,
        "Total Other Finance Cost": NaN,
        "Interest Income Non Operating": NaN,
        "Operating Income": NaN,
        "Operating Expense": NaN,
        "Research And Development": NaN,
        "Selling General And Administration": NaN,
        "General And Administrative Expense": 630000.0,
        "Other Gand A": NaN,
        "Total Revenue": NaN,
        "Operating Revenue": NaN
    }
}