{
    "2023-03-31": {
        "Tax Effect Of Unusual Items": NaN,
        "Tax Rate For Calcs": NaN,
        "Normalized EBITDA": NaN,
        "Net Income From Continuing Operation Net Minority Interest": NaN,
        "Reconciled Depreciation": NaN,
        "EBITDA": NaN,
        "EBIT": NaN,
        "Net Interest Income": NaN,
        "Interest Income": NaN,
        "Normalized Income": NaN,
        "Net Income From Continuing And Discontinued Operation": NaN,
        "Total Expenses": NaN,
        "Total Operating Income As Reported": NaN,
        "Diluted Average Shares": 60350127.0,
        "Basic Average Shares": 60350127.0,
        "Diluted EPS": -0.17,
        "Basic EPS": -0.17,
        "Diluted NI Availto Com Stockholders": NaN,
        "Net Income Common Stockholders": NaN,
        "Net Income": NaN,
        "Net Income Including Noncontrolling Interests": NaN,
        "Net Income Continuous Operations": NaN,
        "Pretax Income": NaN,
        "Net Non Operating Interest Income Expense": NaN,
        "Interest Income Non Operating": NaN,
        "Operating Income": NaN,
        "Operating Expense": NaN,
        "Research And Development": NaN,
        "Selling General And Administration": NaN,
        "General And Administrative Expense": NaN,
        "Other Gand A": NaN,
        "Salaries And Wages": NaN,
        "Total Revenue": NaN,
        "Operating Revenue": NaN
    },
    "2022-12-31": {
        "Tax Effect Of Unusual Items": NaN,
        "Tax Rate For Calcs": NaN,
        "Normalized EBITDA": NaN,
        "Net Income From Continuing Operation Net Minority Interest": NaN,
        "Reconciled Depreciation": NaN,
        "EBITDA": NaN,
        "EBIT": NaN,
        "Net Interest Income": NaN,
        "Interest Income": NaN,
        "Normalized Income": NaN,
        "Net Income From Continuing And Discontinued Operation": NaN,
        "Total Expenses": NaN,
        "Total Operating Income As Reported": NaN,
        "Diluted Average Shares": 52962011.0,
        "Basic Average Shares": 52962011.0,
        "Diluted EPS": -0.19,
        "Basic EPS": -0.19,
        "Diluted NI Availto Com Stockholders": NaN,
        "Net Income Common Stockholders": NaN,
        "Net Income": NaN,
        "Net Income Including Noncontrolling Interests": NaN,
        "Net Income Continuous Operations": NaN,
        "Pretax Income": NaN,
        "Net Non Operating Interest Income Expense": NaN,
        "Interest Income Non Operating": NaN,
        "Operating Income": NaN,
        "Operating Expense": NaN,
        "Research And Development": NaN,
        "Selling General And Administration": NaN,
        "General And Administrative Expense": NaN,
        "Other Gand A": NaN,
        "Salaries And Wages": NaN,
        "Total Revenue": NaN,
        "Operating Revenue": NaN
    },
    "2022-09-30": {
        "Tax Effect Of Unusual Items": 0.0,
        "Tax Rate For Calcs": 0.0,
        "Normalized EBITDA": -8720510.0,
        "Net Income From Continuing Operation Net Minority Interest": -8523839.0,
        "Reconciled Depreciation": 47347.0,
        "EBITDA": -8720510.0,
        "EBIT": -8767857.0,
        "Net Interest Income": 243597.0,
        "Interest Income": 243597.0,
        "Normalized Income": -8523839.0,
        "Net Income From Continuing And Discontinued Operation": -8523839.0,
        "Total Expenses": 8767857.0,
        "Total Operating Income As Reported": -8767436.0,
        "Diluted Average Shares": 52423944.0,
        "Basic Average Shares": 52423944.0,
        "Diluted EPS": -0.16,
        "Basic EPS": -0.16,
        "Diluted NI Availto Com Stockholders": -8523839.0,
        "Net Income Common Stockholders": -8523839.0,
        "Net Income": -8523839.0,
        "Net Income Including Noncontrolling Interests": -8524260.0,
        "Net Income Continuous Operations": -8524260.0,
        "Pretax Income": -8524260.0,
        "Net Non Operating Interest Income Expense": 243597.0,
        "Interest Income Non Operating": 243597.0,
        "Operating Income": -8767857.0,
        "Operating Expense": 8767857.0,
        "Research And Development": 4922857.0,
        "Selling General And Administration": 3845000.0,
        "General And Administrative Expense": 3845000.0,
        "Other Gand A": 1786000.0,
        "Salaries And Wages": 2059000.0,
        "Total Revenue": 0.0,
        "Operating Revenue": 0.0
    },
    "2022-06-30": {
        "Tax Effect Of Unusual Items": 0.0,
        "Tax Rate For Calcs": 0.0,
        "Normalized EBITDA": -13298506.0,
        "Net Income From Continuing Operation Net Minority Interest": -13267567.0,
        "Reconciled Depreciation": 54772.0,
        "EBITDA": -13298506.0,
        "EBIT": -13353278.0,
        "Net Interest Income": 85588.0,
        "Interest Income": 85588.0,
        "Normalized Income": -13267567.0,
        "Net Income From Continuing And Discontinued Operation": -13267567.0,
        "Total Expenses": 13428278.0,
        "Total Operating Income As Reported": -13353155.0,
        "Diluted Average Shares": 52407347.0,
        "Basic Average Shares": 52407347.0,
        "Diluted EPS": -0.25,
        "Basic EPS": -0.25,
        "Diluted NI Availto Com Stockholders": -13267567.0,
        "Net Income Common Stockholders": -13267567.0,
        "Net Income": -13267567.0,
        "Net Income Including Noncontrolling Interests": -13267690.0,
        "Net Income Continuous Operations": -13267690.0,
        "Pretax Income": -13267690.0,
        "Net Non Operating Interest Income Expense": 85588.0,
        "Interest Income Non Operating": 85588.0,
        "Operating Income": -13353278.0,
        "Operating Expense": 13428278.0,
        "Research And Development": 7973278.0,
        "Selling General And Administration": 5455000.0,
        "General And Administrative Expense": 5455000.0,
        "Other Gand A": 3162000.0,
        "Salaries And Wages": 2293000.0,
        "Total Revenue": 75000.0,
        "Operating Revenue": 75000.0
    },
    "2023-06-30": {
        "Tax Effect Of Unusual Items": NaN,
        "Tax Rate For Calcs": NaN,
        "Normalized EBITDA": NaN,
        "Total Unusual Items": NaN,
        "Total Unusual Items Excluding Goodwill": NaN,
        "Net Income From Continuing Operation Net Minority Interest": NaN,
        "Reconciled Depreciation": NaN,
        "EBITDA": NaN,
        "EBIT": NaN,
        "Net Interest Income": NaN,
        "Interest Income": NaN,
        "Normalized Income": NaN,
        "Net Income From Continuing And Discontinued Operation": NaN,
        "Total Expenses": NaN,
        "Total Operating Income As Reported": NaN,
        "Diluted Average Shares": 64276184.0,
        "Basic Average Shares": 64276184.0,
        "Diluted EPS": -0.13,
        "Basic EPS": -0.13,
        "Diluted NI Availto Com Stockholders": NaN,
        "Net Income Common Stockholders": NaN,
        "Net Income": NaN,
        "Net Income Including Noncontrolling Interests": NaN,
        "Net Income Continuous Operations": NaN,
        "Pretax Income": NaN,
        "Other Income Expense": NaN,
        "Special Income Charges": NaN,
        "Gain On Sale Of Ppe": NaN,
        "Restructuring And Mergern Acquisition": NaN,
        "Net Non Operating Interest Income Expense": NaN,
        "Interest Income Non Operating": NaN,
        "Operating Income": NaN,
        "Operating Expense": NaN,
        "Research And Development": NaN,
        "Selling General And Administration": NaN,
        "General And Administrative Expense": NaN,
        "Other Gand A": NaN,
        "Salaries And Wages": NaN,
        "Total Revenue": NaN,
        "Operating Revenue": NaN
    },
    "2022-03-31": {
        "Diluted EPS": -0.28,
        "Total Revenue": NaN,
        "Gross Profit": NaN,
        "Operating Income": -15,
        "EBIT": -15,
        "Net Income": -15
    },
    "2021-12-31": {
        "Diluted EPS": -0.33,
        "Total Revenue": 0,
        "Gross Profit": 0,
        "Operating Income": -17,
        "EBIT": -17,
        "Net Income": -17
    },
    "2021-09-30": {
        "Diluted EPS": -0.34,
        "Total Revenue": 0,
        "Gross Profit": 0,
        "Operating Income": -17,
        "EBIT": -17,
        "Net Income": -17
    },
    "2021-06-30": {
        "Diluted EPS": -0.28,
        "Total Revenue": 0,
        "Gross Profit": 0,
        "Operating Income": -14,
        "EBIT": -14,
        "Net Income": -14
    },
    "2021-03-31": {
        "Diluted EPS": -0.28,
        "Total Revenue": 1,
        "Gross Profit": 1,
        "Operating Income": -14,
        "EBIT": -14,
        "Net Income": -14
    },
    "2020-12-31": {
        "Diluted EPS": -0.33,
        "Total Revenue": 0,
        "Gross Profit": 0,
        "Operating Income": -16,
        "EBIT": -16,
        "Net Income": -16
    },
    "2020-09-30": {
        "Diluted EPS": -0.29,
        "Total Revenue": 1,
        "Gross Profit": 1,
        "Operating Income": -14,
        "EBIT": -14,
        "Net Income": -14
    },
    "2020-06-30": {
        "Diluted EPS": -0.32,
        "Total Revenue": NaN,
        "Gross Profit": NaN,
        "Operating Income": -14,
        "EBIT": -14,
        "Net Income": -14
    },
    "2020-03-31": {
        "Diluted EPS": -0.18,
        "Total Revenue": 9,
        "Gross Profit": 9,
        "Operating Income": -8,
        "EBIT": -8,
        "Net Income": -8
    },
    "2019-12-31": {
        "Diluted EPS": -0.33,
        "Total Revenue": NaN,
        "Gross Profit": NaN,
        "Operating Income": -15,
        "EBIT": -15,
        "Net Income": -15
    },
    "2019-09-30": {
        "Diluted EPS": -0.31,
        "Total Revenue": NaN,
        "Gross Profit": NaN,
        "Operating Income": -14,
        "EBIT": -14,
        "Net Income": -13
    },
    "2019-06-30": {
        "Diluted EPS": -0.37,
        "Total Revenue": NaN,
        "Gross Profit": NaN,
        "Operating Income": -17,
        "EBIT": -17,
        "Net Income": -16
    },
    "2019-03-31": {
        "Diluted EPS": -0.33,
        "Total Revenue": NaN,
        "Gross Profit": NaN,
        "Operating Income": -15,
        "EBIT": -15,
        "Net Income": -14
    },
    "2018-12-31": {
        "Diluted EPS": -0.32,
        "Total Revenue": NaN,
        "Gross Profit": NaN,
        "Operating Income": -15,
        "EBIT": -15,
        "Net Income": -14
    },
    "2018-09-30": {
        "Diluted EPS": -0.27,
        "Total Revenue": NaN,
        "Gross Profit": NaN,
        "Operating Income": -13,
        "EBIT": -12,
        "Net Income": -12
    },
    "2018-06-30": {
        "Diluted EPS": -0.26,
        "Total Revenue": NaN,
        "Gross Profit": NaN,
        "Operating Income": -12,
        "EBIT": -12,
        "Net Income": -11
    },
    "2018-03-31": {
        "Diluted EPS": -0.33,
        "Total Revenue": NaN,
        "Gross Profit": NaN,
        "Operating Income": -12,
        "EBIT": -12,
        "Net Income": -12
    },
    "2017-12-31": {
        "Diluted EPS": -0.25,
        "Total Revenue": NaN,
        "Gross Profit": NaN,
        "Operating Income": -10,
        "EBIT": -9,
        "Net Income": -9
    },
    "2017-09-30": {
        "Diluted EPS": -0.24,
        "Total Revenue": NaN,
        "Gross Profit": NaN,
        "Operating Income": -8,
        "EBIT": -8,
        "Net Income": -8
    },
    "2017-06-30": {
        "Diluted EPS": -0.3,
        "Total Revenue": NaN,
        "Gross Profit": NaN,
        "Operating Income": -8,
        "EBIT": -8,
        "Net Income": -8
    },
    "2017-03-31": {
        "Diluted EPS": -0.34,
        "Total Revenue": NaN,
        "Gross Profit": NaN,
        "Operating Income": -8,
        "EBIT": -8,
        "Net Income": -8
    },
    "2016-12-31": {
        "Diluted EPS": -0.35,
        "Total Revenue": NaN,
        "Gross Profit": NaN,
        "Operating Income": -8,
        "EBIT": -8,
        "Net Income": -8
    },
    "2016-09-30": {
        "Diluted EPS": -0.34,
        "Total Revenue": 0,
        "Gross Profit": 0,
        "Operating Income": -8,
        "EBIT": -8,
        "Net Income": -8
    },
    "2016-06-30": {
        "Diluted EPS": -0.41,
        "Total Revenue": NaN,
        "Gross Profit": NaN,
        "Operating Income": -8,
        "EBIT": -8,
        "Net Income": -8
    },
    "2016-03-31": {
        "Diluted EPS": -0.4,
        "Total Revenue": NaN,
        "Gross Profit": NaN,
        "Operating Income": -8,
        "EBIT": -8,
        "Net Income": -8
    },
    "2015-12-31": {
        "Diluted EPS": -0.43,
        "Total Revenue": 0,
        "Gross Profit": 0,
        "Operating Income": -9,
        "EBIT": -9,
        "Net Income": -9
    },
    "2015-09-30": {
        "Diluted EPS": -0.38,
        "Total Revenue": NaN,
        "Gross Profit": NaN,
        "Operating Income": -7,
        "EBIT": -7,
        "Net Income": -7
    },
    "2015-06-30": {
        "Diluted EPS": 0.51,
        "Total Revenue": 20,
        "Gross Profit": 20,
        "Operating Income": 10,
        "EBIT": 10,
        "Net Income": 10
    },
    "2015-03-31": {
        "Diluted EPS": -0.37,
        "Total Revenue": NaN,
        "Gross Profit": NaN,
        "Operating Income": -7,
        "EBIT": -7,
        "Net Income": -7
    },
    "2014-12-31": {
        "Diluted EPS": -0.34,
        "Total Revenue": NaN,
        "Gross Profit": NaN,
        "Operating Income": -7,
        "EBIT": -7,
        "Net Income": -7
    },
    "2014-09-30": {
        "Diluted EPS": -0.35,
        "Total Revenue": NaN,
        "Gross Profit": NaN,
        "Operating Income": -7,
        "EBIT": -7,
        "Net Income": -7
    },
    "2014-06-30": {
        "Diluted EPS": 0.39,
        "Total Revenue": 15,
        "Gross Profit": 15,
        "Operating Income": 8,
        "EBIT": 8,
        "Net Income": 8
    },
    "2014-03-31": {
        "Diluted EPS": -0.3,
        "Total Revenue": NaN,
        "Gross Profit": NaN,
        "Operating Income": -5,
        "EBIT": -5,
        "Net Income": -5
    },
    "2013-12-31": {
        "Diluted EPS": -2.21,
        "Total Revenue": 0,
        "Gross Profit": 0,
        "Operating Income": -4,
        "EBIT": -4,
        "Net Income": -4
    },
    "2013-09-30": {
        "Diluted EPS": -3.0,
        "Total Revenue": 0,
        "Gross Profit": 0,
        "Operating Income": -4,
        "EBIT": -4,
        "Net Income": -4
    },
    "2013-06-30": {
        "Diluted EPS": -3.7,
        "Total Revenue": 0,
        "Gross Profit": 0,
        "Operating Income": -3,
        "EBIT": -3,
        "Net Income": -3
    },
    "2013-03-31": {
        "Diluted EPS": 0.04,
        "Total Revenue": 4,
        "Gross Profit": 4,
        "Operating Income": 0,
        "EBIT": 0,
        "Net Income": 0
    },
    "2012-12-31": {
        "Diluted EPS": 0.0,
        "Total Revenue": NaN,
        "Gross Profit": NaN,
        "Operating Income": NaN,
        "EBIT": NaN,
        "Net Income": NaN
    },
    "2012-09-30": {
        "Diluted EPS": 0.0,
        "Total Revenue": NaN,
        "Gross Profit": NaN,
        "Operating Income": NaN,
        "EBIT": NaN,
        "Net Income": NaN
    },
    "2011-12-31": {
        "Diluted EPS": 0.0,
        "Total Revenue": NaN,
        "Gross Profit": NaN,
        "Operating Income": NaN,
        "EBIT": NaN,
        "Net Income": NaN
    },
    "2023-09-30": {
        "Tax Effect Of Unusual Items": NaN,
        "Tax Rate For Calcs": NaN,
        "Normalized EBITDA": NaN,
        "Total Unusual Items": 0.0,
        "Total Unusual Items Excluding Goodwill": 0.0,
        "Net Income From Continuing Operation Net Minority Interest": NaN,
        "Reconciled Depreciation": NaN,
        "EBITDA": NaN,
        "EBIT": NaN,
        "Net Interest Income": NaN,
        "Interest Income": NaN,
        "Normalized Income": NaN,
        "Net Income From Continuing And Discontinued Operation": NaN,
        "Total Expenses": NaN,
        "Total Operating Income As Reported": NaN,
        "Diluted Average Shares": 64349709.0,
        "Basic Average Shares": 64349709.0,
        "Diluted EPS": -0.14,
        "Basic EPS": -0.14,
        "Diluted NI Availto Com Stockholders": NaN,
        "Net Income Common Stockholders": NaN,
        "Net Income": NaN,
        "Net Income Including Noncontrolling Interests": NaN,
        "Net Income Continuous Operations": NaN,
        "Pretax Income": NaN,
        "Other Income Expense": NaN,
        "Special Income Charges": 0.0,
        "Gain On Sale Of Ppe": 0.0,
        "Restructuring And Mergern Acquisition": 0.0,
        "Net Non Operating Interest Income Expense": NaN,
        "Interest Income Non Operating": NaN,
        "Operating Income": NaN,
        "Operating Expense": NaN,
        "Research And Development": NaN,
        "Selling General And Administration": NaN,
        "General And Administrative Expense": NaN,
        "Other Gand A": NaN,
        "Salaries And Wages": NaN,
        "Total Revenue": NaN,
        "Operating Revenue": NaN
    },
    "2023-12-31": {
        "Tax Effect Of Unusual Items": 0.0,
        "Tax Rate For Calcs": 0.0,
        "Normalized EBITDA": -9567155.0,
        "Total Unusual Items": NaN,
        "Total Unusual Items Excluding Goodwill": NaN,
        "Net Income From Continuing Operation Net Minority Interest": -9078640.0,
        "Reconciled Depreciation": 23297.0,
        "EBITDA": -9567155.0,
        "EBIT": -9590452.0,
        "Net Interest Income": 512194.0,
        "Interest Income": 512194.0,
        "Normalized Income": -9078640.0,
        "Net Income From Continuing And Discontinued Operation": -9078640.0,
        "Total Expenses": 9600452.0,
        "Total Operating Income As Reported": -9590834.0,
        "Diluted Average Shares": NaN,
        "Basic Average Shares": NaN,
        "Diluted EPS": NaN,
        "Basic EPS": NaN,
        "Diluted NI Availto Com Stockholders": -9078640.0,
        "Net Income Common Stockholders": -9078640.0,
        "Net Income": -9078640.0,
        "Net Income Including Noncontrolling Interests": -9078258.0,
        "Net Income Continuous Operations": -9078258.0,
        "Pretax Income": -9078258.0,
        "Other Income Expense": NaN,
        "Special Income Charges": NaN,
        "Gain On Sale Of Ppe": NaN,
        "Restructuring And Mergern Acquisition": NaN,
        "Net Non Operating Interest Income Expense": 512194.0,
        "Interest Income Non Operating": 512194.0,
        "Operating Income": -9590452.0,
        "Operating Expense": 9600452.0,
        "Research And Development": 5288452.0,
        "Selling General And Administration": 4312000.0,
        "General And Administrative Expense": 4312000.0,
        "Other Gand A": 2094000.0,
        "Salaries And Wages": 2218000.0,
        "Total Revenue": 10000.0,
        "Operating Revenue": 10000.0
    },
    "2024-03-31": {
        "Tax Effect Of Unusual Items": 0.0,
        "Tax Rate For Calcs": 0.0,
        "Normalized EBITDA": -11100841.0,
        "Total Unusual Items": NaN,
        "Total Unusual Items Excluding Goodwill": NaN,
        "Net Income From Continuing Operation Net Minority Interest": -10736667.0,
        "Reconciled Depreciation": 14620.0,
        "EBITDA": -11100841.0,
        "EBIT": -11115461.0,
        "Net Interest Income": 378360.0,
        "Interest Income": 378360.0,
        "Normalized Income": -10736667.0,
        "Net Income From Continuing And Discontinued Operation": -10736667.0,
        "Total Expenses": 11115461.0,
        "Total Operating Income As Reported": -11115027.0,
        "Diluted Average Shares": 64457233.0,
        "Basic Average Shares": 64457233.0,
        "Diluted EPS": -0.17,
        "Basic EPS": -0.17,
        "Diluted NI Availto Com Stockholders": -10736667.0,
        "Net Income Common Stockholders": -10736667.0,
        "Net Income": -10736667.0,
        "Net Income Including Noncontrolling Interests": -10737101.0,
        "Net Income Continuous Operations": -10737101.0,
        "Pretax Income": -10737101.0,
        "Other Income Expense": NaN,
        "Special Income Charges": NaN,
        "Gain On Sale Of Ppe": NaN,
        "Restructuring And Mergern Acquisition": NaN,
        "Net Non Operating Interest Income Expense": 378360.0,
        "Interest Income Non Operating": 378360.0,
        "Operating Income": -11115461.0,
        "Operating Expense": 11115461.0,
        "Research And Development": 6025461.0,
        "Selling General And Administration": 5090000.0,
        "General And Administrative Expense": 5090000.0,
        "Other Gand A": 2446000.0,
        "Salaries And Wages": 2644000.0,
        "Total Revenue": 0.0,
        "Operating Revenue": 0.0
    },
    "2024-06-30": {
        "Tax Effect Of Unusual Items": 0.0,
        "Tax Rate For Calcs": 0.0,
        "Normalized EBITDA": -10345311.0,
        "Total Unusual Items": NaN,
        "Total Unusual Items Excluding Goodwill": NaN,
        "Net Income From Continuing Operation Net Minority Interest": -10095406.0,
        "Reconciled Depreciation": 12423.0,
        "EBITDA": -10345311.0,
        "EBIT": -10357734.0,
        "Net Interest Income": 262288.0,
        "Interest Income": 262288.0,
        "Normalized Income": -10095406.0,
        "Net Income From Continuing And Discontinued Operation": -10095406.0,
        "Total Expenses": 10357734.0,
        "Total Operating Income As Reported": -10357694.0,
        "Diluted Average Shares": 64483848.0,
        "Basic Average Shares": 64483848.0,
        "Diluted EPS": -0.16,
        "Basic EPS": -0.16,
        "Diluted NI Availto Com Stockholders": -10095406.0,
        "Net Income Common Stockholders": -10095406.0,
        "Net Income": -10095406.0,
        "Net Income Including Noncontrolling Interests": -10095446.0,
        "Net Income Continuous Operations": -10095446.0,
        "Pretax Income": -10095446.0,
        "Other Income Expense": NaN,
        "Special Income Charges": NaN,
        "Gain On Sale Of Ppe": NaN,
        "Restructuring And Mergern Acquisition": NaN,
        "Net Non Operating Interest Income Expense": 262288.0,
        "Interest Income Non Operating": 262288.0,
        "Operating Income": -10357734.0,
        "Operating Expense": 10357734.0,
        "Research And Development": 6285734.0,
        "Selling General And Administration": 4072000.0,
        "General And Administrative Expense": 4072000.0,
        "Other Gand A": 2155000.0,
        "Salaries And Wages": 1917000.0,
        "Total Revenue": 0.0,
        "Operating Revenue": 0.0
    },
    "2024-09-30": {
        "Tax Effect Of Unusual Items": 0.0,
        "Tax Rate For Calcs": 0.0,
        "Normalized EBITDA": -1425567.0,
        "Total Unusual Items": -4287649.0,
        "Total Unusual Items Excluding Goodwill": -4287649.0,
        "Net Income From Continuing Operation Net Minority Interest": -9824333.0,
        "Reconciled Depreciation": 8131.0,
        "EBITDA": -5713216.0,
        "EBIT": -5721347.0,
        "Net Interest Income": 184520.0,
        "Interest Income": 184520.0,
        "Normalized Income": -5536684.0,
        "Net Income From Continuing And Discontinued Operation": -9824333.0,
        "Total Expenses": 5721347.0,
        "Total Operating Income As Reported": -11233798.0,
        "Diluted Average Shares": 64483958.0,
        "Basic Average Shares": 64483958.0,
        "Diluted EPS": -0.15,
        "Basic EPS": -0.15,
        "Diluted NI Availto Com Stockholders": -9824333.0,
        "Net Income Common Stockholders": -9824333.0,
        "Net Income": -9824333.0,
        "Net Income Including Noncontrolling Interests": -9824476.0,
        "Net Income Continuous Operations": -9824476.0,
        "Pretax Income": -9824476.0,
        "Other Income Expense": -4287649.0,
        "Special Income Charges": -4287649.0,
        "Gain On Sale Of Ppe": 1224945.0,
        "Restructuring And Mergern Acquisition": 5512594.0,
        "Net Non Operating Interest Income Expense": 184520.0,
        "Interest Income Non Operating": 184520.0,
        "Operating Income": -5721347.0,
        "Operating Expense": 5721347.0,
        "Research And Development": 1715347.0,
        "Selling General And Administration": 4006000.0,
        "General And Administrative Expense": 4006000.0,
        "Other Gand A": 1861000.0,
        "Salaries And Wages": 2145000.0,
        "Total Revenue": 0.0,
        "Operating Revenue": 0.0
    },
    "2024-12-31": {
        "Tax Effect Of Unusual Items": 0.0,
        "Tax Rate For Calcs": 0.0,
        "Normalized EBITDA": -3296504.0,
        "Total Unusual Items": -2017710.0,
        "Total Unusual Items Excluding Goodwill": -2017710.0,
        "Net Income From Continuing Operation Net Minority Interest": -7222752.0,
        "Reconciled Depreciation": 0.0,
        "EBITDA": -5314214.0,
        "EBIT": -5314214.0,
        "Net Interest Income": 110107.0,
        "Interest Income": 110107.0,
        "Normalized Income": -5205042.0,
        "Net Income From Continuing And Discontinued Operation": -7222752.0,
        "Total Expenses": 5314214.0,
        "Total Operating Income As Reported": -7332859.0,
        "Diluted Average Shares": NaN,
        "Basic Average Shares": NaN,
        "Diluted EPS": NaN,
        "Basic EPS": NaN,
        "Diluted NI Availto Com Stockholders": -7222752.0,
        "Net Income Common Stockholders": -7222752.0,
        "Net Income": -7222752.0,
        "Net Income Including Noncontrolling Interests": -7221817.0,
        "Net Income Continuous Operations": -7221817.0,
        "Pretax Income": -7221817.0,
        "Other Income Expense": -2017710.0,
        "Special Income Charges": -2017710.0,
        "Gain On Sale Of Ppe": 0.0,
        "Restructuring And Mergern Acquisition": 2017710.0,
        "Net Non Operating Interest Income Expense": 110107.0,
        "Interest Income Non Operating": 110107.0,
        "Operating Income": -5314214.0,
        "Operating Expense": 5314214.0,
        "Research And Development": 233214.0,
        "Selling General And Administration": 5081000.0,
        "General And Administrative Expense": 5081000.0,
        "Other Gand A": 2927000.0,
        "Salaries And Wages": 2154000.0,
        "Total Revenue": 0.0,
        "Operating Revenue": 0.0
    }
}