{
    "2023-06-30": {
        "Tax Effect Of Unusual Items": NaN,
        "Tax Rate For Calcs": NaN,
        "Normalized EBITDA": NaN,
        "Net Income From Continuing Operation Net Minority Interest": NaN,
        "Reconciled Depreciation": NaN,
        "Reconciled Cost Of Revenue": NaN,
        "EBITDA": NaN,
        "EBIT": NaN,
        "Net Interest Income": NaN,
        "Interest Expense": NaN,
        "Interest Income": NaN,
        "Normalized Income": NaN,
        "Net Income From Continuing And Discontinued Operation": NaN,
        "Total Expenses": NaN,
        "Total Operating Income As Reported": NaN,
        "Diluted Average Shares": 1389000000.0,
        "Basic Average Shares": 1385000000.0,
        "Diluted EPS": 1.83,
        "Basic EPS": 1.83,
        "Diluted NI Availto Com Stockholders": NaN,
        "Net Income Common Stockholders": NaN,
        "Preferred Stock Dividends": NaN,
        "Net Income": NaN,
        "Minority Interests": NaN,
        "Net Income Including Noncontrolling Interests": NaN,
        "Net Income Continuous Operations": NaN,
        "Tax Provision": NaN,
        "Pretax Income": NaN,
        "Other Income Expense": NaN,
        "Earnings From Equity Interest": NaN,
        "Net Non Operating Interest Income Expense": NaN,
        "Interest Expense Non Operating": NaN,
        "Interest Income Non Operating": NaN,
        "Operating Income": NaN,
        "Operating Expense": NaN,
        "Selling General And Administration": NaN,
        "Gross Profit": NaN,
        "Cost Of Revenue": NaN,
        "Total Revenue": NaN,
        "Operating Revenue": NaN
    },
    "2023-03-31": {
        "Tax Effect Of Unusual Items": NaN,
        "Tax Rate For Calcs": NaN,
        "Normalized EBITDA": NaN,
        "Net Income From Continuing Operation Net Minority Interest": NaN,
        "Reconciled Depreciation": NaN,
        "Reconciled Cost Of Revenue": NaN,
        "EBITDA": NaN,
        "EBIT": NaN,
        "Net Interest Income": NaN,
        "Interest Expense": NaN,
        "Interest Income": NaN,
        "Normalized Income": NaN,
        "Net Income From Continuing And Discontinued Operation": NaN,
        "Total Expenses": NaN,
        "Total Operating Income As Reported": NaN,
        "Diluted Average Shares": 1402000000.0,
        "Basic Average Shares": 1396000000.0,
        "Diluted EPS": 1.69,
        "Basic EPS": 1.7,
        "Diluted NI Availto Com Stockholders": NaN,
        "Net Income Common Stockholders": NaN,
        "Preferred Stock Dividends": NaN,
        "Net Income": NaN,
        "Minority Interests": NaN,
        "Net Income Including Noncontrolling Interests": NaN,
        "Net Income Continuous Operations": NaN,
        "Tax Provision": NaN,
        "Pretax Income": NaN,
        "Other Income Expense": NaN,
        "Earnings From Equity Interest": NaN,
        "Net Non Operating Interest Income Expense": NaN,
        "Interest Expense Non Operating": NaN,
        "Interest Income Non Operating": NaN,
        "Operating Income": NaN,
        "Operating Expense": NaN,
        "Selling General And Administration": NaN,
        "Gross Profit": NaN,
        "Cost Of Revenue": NaN,
        "Total Revenue": NaN,
        "Operating Revenue": NaN
    },
    "2022-12-31": {
        "Tax Effect Of Unusual Items": 0.0,
        "Tax Rate For Calcs": 0.224111,
        "Normalized EBITDA": 5626000000.0,
        "Net Income From Continuing Operation Net Minority Interest": 1999000000.0,
        "Reconciled Depreciation": 2770000000.0,
        "Reconciled Cost Of Revenue": 37105000000.0,
        "EBITDA": 5626000000.0,
        "EBIT": 2856000000.0,
        "Net Interest Income": -1218000000.0,
        "Interest Expense": 268000000.0,
        "Interest Income": -950000000.0,
        "Normalized Income": 1999000000.0,
        "Net Income From Continuing And Discontinued Operation": 1999000000.0,
        "Total Expenses": 40498000000.0,
        "Total Operating Income As Reported": 2611000000.0,
        "Diluted Average Shares": NaN,
        "Basic Average Shares": NaN,
        "Diluted EPS": NaN,
        "Basic EPS": NaN,
        "Diluted NI Availto Com Stockholders": 1984000000.0,
        "Net Income Common Stockholders": 1984000000.0,
        "Preferred Stock Dividends": 15000000.0,
        "Net Income": 1999000000.0,
        "Minority Interests": -8000000.0,
        "Net Income Including Noncontrolling Interests": 2007000000.0,
        "Net Income Continuous Operations": 2007000000.0,
        "Tax Provision": 580000000.0,
        "Pretax Income": 2588000000.0,
        "Other Income Expense": 1194000000.0,
        "Earnings From Equity Interest": 222000000.0,
        "Net Non Operating Interest Income Expense": -1218000000.0,
        "Interest Expense Non Operating": 268000000.0,
        "Interest Income Non Operating": -950000000.0,
        "Operating Income": 2610000000.0,
        "Operating Expense": 3393000000.0,
        "Selling General And Administration": 3393000000.0,
        "Gross Profit": 6003000000.0,
        "Cost Of Revenue": 37105000000.0,
        "Total Revenue": 43108000000.0,
        "Operating Revenue": 43108000000.0
    },
    "2022-09-30": {
        "Tax Effect Of Unusual Items": NaN,
        "Tax Rate For Calcs": NaN,
        "Normalized EBITDA": NaN,
        "Net Income From Continuing Operation Net Minority Interest": NaN,
        "Reconciled Depreciation": NaN,
        "Reconciled Cost Of Revenue": NaN,
        "EBITDA": NaN,
        "EBIT": NaN,
        "Net Interest Income": NaN,
        "Interest Expense": NaN,
        "Interest Income": NaN,
        "Normalized Income": NaN,
        "Net Income From Continuing And Discontinued Operation": NaN,
        "Total Expenses": NaN,
        "Total Operating Income As Reported": NaN,
        "Diluted Average Shares": 1457000000.0,
        "Basic Average Shares": 1448000000.0,
        "Diluted EPS": 2.25,
        "Basic EPS": 2.26,
        "Diluted NI Availto Com Stockholders": NaN,
        "Net Income Common Stockholders": NaN,
        "Preferred Stock Dividends": NaN,
        "Net Income": NaN,
        "Minority Interests": NaN,
        "Net Income Including Noncontrolling Interests": NaN,
        "Net Income Continuous Operations": NaN,
        "Tax Provision": NaN,
        "Pretax Income": NaN,
        "Other Income Expense": NaN,
        "Earnings From Equity Interest": NaN,
        "Net Non Operating Interest Income Expense": NaN,
        "Interest Expense Non Operating": NaN,
        "Interest Income Non Operating": NaN,
        "Operating Income": NaN,
        "Operating Expense": NaN,
        "Selling General And Administration": NaN,
        "Gross Profit": NaN,
        "Cost Of Revenue": NaN,
        "Total Revenue": NaN,
        "Operating Revenue": NaN
    },
    "2022-06-30": {
        "Tax Effect Of Unusual Items": 0.0,
        "Tax Rate For Calcs": 0.23,
        "Normalized EBITDA": 5222000000.0,
        "Net Income From Continuing Operation Net Minority Interest": 1692000000.0,
        "Reconciled Depreciation": 2856000000.0,
        "Reconciled Cost Of Revenue": 31350000000.0,
        "EBITDA": 5222000000.0,
        "EBIT": 2366000000.0,
        "Net Interest Income": 61000000.0,
        "Interest Expense": 234000000.0,
        "Interest Income": 295000000.0,
        "Normalized Income": 1692000000.0,
        "Net Income From Continuing And Discontinued Operation": 1692000000.0,
        "Total Expenses": 33643000000.0,
        "Total Operating Income As Reported": 2116000000.0,
        "Diluted Average Shares": 1465000000.0,
        "Basic Average Shares": 1458000000.0,
        "Diluted EPS": 1.14,
        "Basic EPS": 1.14,
        "Diluted NI Availto Com Stockholders": 1666000000.0,
        "Net Income Common Stockholders": 1666000000.0,
        "Preferred Stock Dividends": 26000000.0,
        "Net Income": 1692000000.0,
        "Minority Interests": 50000000.0,
        "Net Income Including Noncontrolling Interests": 1642000000.0,
        "Net Income Continuous Operations": 1642000000.0,
        "Tax Provision": 490000000.0,
        "Pretax Income": 2132000000.0,
        "Other Income Expense": -45000000.0,
        "Earnings From Equity Interest": -45000000.0,
        "Net Non Operating Interest Income Expense": 61000000.0,
        "Interest Expense Non Operating": 234000000.0,
        "Interest Income Non Operating": 295000000.0,
        "Operating Income": 2116000000.0,
        "Operating Expense": 2293000000.0,
        "Selling General And Administration": 2293000000.0,
        "Gross Profit": 4409000000.0,
        "Cost Of Revenue": 31350000000.0,
        "Total Revenue": 35759000000.0,
        "Operating Revenue": 35759000000.0
    },
    "2023-09-30": {
        "Tax Effect Of Unusual Items": NaN,
        "Tax Rate For Calcs": NaN,
        "Normalized EBITDA": NaN,
        "Net Income From Continuing Operation Net Minority Interest": NaN,
        "Reconciled Depreciation": NaN,
        "Reconciled Cost Of Revenue": NaN,
        "EBITDA": NaN,
        "EBIT": NaN,
        "Net Interest Income": NaN,
        "Interest Expense": NaN,
        "Interest Income": NaN,
        "Normalized Income": NaN,
        "Net Income From Continuing And Discontinued Operation": NaN,
        "Total Expenses": NaN,
        "Total Operating Income As Reported": NaN,
        "Diluted Average Shares": 1378000000.0,
        "Basic Average Shares": 1372000000.0,
        "Diluted EPS": 2.2,
        "Basic EPS": 2.21,
        "Diluted NI Availto Com Stockholders": NaN,
        "Net Income Common Stockholders": NaN,
        "Preferred Stock Dividends": NaN,
        "Net Income": NaN,
        "Minority Interests": NaN,
        "Net Income Including Noncontrolling Interests": NaN,
        "Net Income Continuous Operations": NaN,
        "Tax Provision": NaN,
        "Pretax Income": NaN,
        "Other Income Expense": NaN,
        "Earnings From Equity Interest": NaN,
        "Net Non Operating Interest Income Expense": NaN,
        "Interest Expense Non Operating": NaN,
        "Interest Income Non Operating": NaN,
        "Operating Income": NaN,
        "Operating Expense": NaN,
        "Selling General And Administration": NaN,
        "Gross Profit": NaN,
        "Cost Of Revenue": NaN,
        "Total Revenue": NaN,
        "Operating Revenue": NaN
    },
    "2023-12-31": {
        "Tax Effect Of Unusual Items": NaN,
        "Tax Rate For Calcs": NaN,
        "Normalized EBITDA": NaN,
        "Net Income From Continuing Operation Net Minority Interest": NaN,
        "Reconciled Depreciation": NaN,
        "Reconciled Cost Of Revenue": NaN,
        "EBITDA": NaN,
        "EBIT": NaN,
        "Net Interest Income": NaN,
        "Interest Expense": NaN,
        "Interest Income": NaN,
        "Normalized Income": NaN,
        "Net Income From Continuing And Discontinued Operation": NaN,
        "Total Expenses": NaN,
        "Total Operating Income As Reported": NaN,
        "Diluted Average Shares": NaN,
        "Basic Average Shares": NaN,
        "Diluted EPS": NaN,
        "Basic EPS": NaN,
        "Diluted NI Availto Com Stockholders": NaN,
        "Net Income Common Stockholders": NaN,
        "Preferred Stock Dividends": NaN,
        "Net Income": NaN,
        "Minority Interests": NaN,
        "Net Income Including Noncontrolling Interests": NaN,
        "Net Income Continuous Operations": NaN,
        "Tax Provision": NaN,
        "Pretax Income": NaN,
        "Other Income Expense": 551000000.0,
        "Earnings From Equity Interest": NaN,
        "Net Non Operating Interest Income Expense": NaN,
        "Interest Expense Non Operating": NaN,
        "Interest Income Non Operating": NaN,
        "Operating Income": NaN,
        "Operating Expense": NaN,
        "Selling General And Administration": NaN,
        "Gross Profit": NaN,
        "Cost Of Revenue": NaN,
        "Total Revenue": NaN,
        "Operating Revenue": NaN
    },
    "2024-03-31": {
        "Tax Effect Of Unusual Items": NaN,
        "Tax Rate For Calcs": NaN,
        "Normalized EBITDA": NaN,
        "Net Income From Continuing Operation Net Minority Interest": NaN,
        "Reconciled Depreciation": NaN,
        "Reconciled Cost Of Revenue": NaN,
        "EBITDA": NaN,
        "EBIT": NaN,
        "Net Interest Income": NaN,
        "Interest Expense": NaN,
        "Interest Income": NaN,
        "Normalized Income": NaN,
        "Net Income From Continuing And Discontinued Operation": NaN,
        "Total Expenses": NaN,
        "Total Operating Income As Reported": NaN,
        "Diluted Average Shares": 1162000000.0,
        "Basic Average Shares": 1155000000.0,
        "Diluted EPS": 2.56,
        "Basic EPS": 2.57,
        "Diluted NI Availto Com Stockholders": NaN,
        "Net Income Common Stockholders": NaN,
        "Preferred Stock Dividends": NaN,
        "Net Income": NaN,
        "Minority Interests": NaN,
        "Net Income Including Noncontrolling Interests": NaN,
        "Net Income Continuous Operations": NaN,
        "Tax Provision": NaN,
        "Pretax Income": NaN,
        "Other Income Expense": NaN,
        "Earnings From Equity Interest": NaN,
        "Net Non Operating Interest Income Expense": NaN,
        "Interest Expense Non Operating": NaN,
        "Interest Income Non Operating": NaN,
        "Operating Income": NaN,
        "Operating Expense": NaN,
        "Selling General And Administration": NaN,
        "Gross Profit": NaN,
        "Cost Of Revenue": NaN,
        "Total Revenue": NaN,
        "Operating Revenue": NaN
    },
    "2024-06-30": {
        "Tax Effect Of Unusual Items": NaN,
        "Tax Rate For Calcs": NaN,
        "Normalized EBITDA": NaN,
        "Net Income From Continuing Operation Net Minority Interest": NaN,
        "Reconciled Depreciation": NaN,
        "Reconciled Cost Of Revenue": NaN,
        "EBITDA": NaN,
        "EBIT": NaN,
        "Net Interest Income": NaN,
        "Interest Expense": NaN,
        "Interest Income": NaN,
        "Normalized Income": NaN,
        "Net Income From Continuing And Discontinued Operation": NaN,
        "Total Expenses": NaN,
        "Total Operating Income As Reported": NaN,
        "Diluted Average Shares": 1147000000.0,
        "Basic Average Shares": 1136000000.0,
        "Diluted EPS": 2.55,
        "Basic EPS": 2.57,
        "Diluted NI Availto Com Stockholders": NaN,
        "Net Income Common Stockholders": NaN,
        "Preferred Stock Dividends": NaN,
        "Net Income": NaN,
        "Minority Interests": NaN,
        "Net Income Including Noncontrolling Interests": NaN,
        "Net Income Continuous Operations": NaN,
        "Tax Provision": NaN,
        "Pretax Income": NaN,
        "Other Income Expense": NaN,
        "Earnings From Equity Interest": NaN,
        "Net Non Operating Interest Income Expense": NaN,
        "Interest Expense Non Operating": NaN,
        "Interest Income Non Operating": NaN,
        "Operating Income": NaN,
        "Operating Expense": NaN,
        "Selling General And Administration": NaN,
        "Gross Profit": NaN,
        "Cost Of Revenue": NaN,
        "Total Revenue": NaN,
        "Operating Revenue": NaN
    },
    "2024-09-30": {
        "Tax Effect Of Unusual Items": NaN,
        "Tax Rate For Calcs": NaN,
        "Normalized EBITDA": NaN,
        "Net Income From Continuing Operation Net Minority Interest": NaN,
        "Reconciled Depreciation": NaN,
        "Reconciled Cost Of Revenue": NaN,
        "EBITDA": NaN,
        "EBIT": NaN,
        "Net Interest Income": NaN,
        "Interest Expense": NaN,
        "Interest Income": NaN,
        "Normalized Income": NaN,
        "Net Income From Continuing And Discontinued Operation": NaN,
        "Total Expenses": NaN,
        "Total Operating Income As Reported": NaN,
        "Diluted Average Shares": 1131000000.0,
        "Basic Average Shares": 1116000000.0,
        "Diluted EPS": 2.68,
        "Basic EPS": 2.71,
        "Diluted NI Availto Com Stockholders": NaN,
        "Net Income Common Stockholders": NaN,
        "Preferred Stock Dividends": NaN,
        "Net Income": NaN,
        "Minority Interests": NaN,
        "Net Income Including Noncontrolling Interests": NaN,
        "Net Income Continuous Operations": NaN,
        "Tax Provision": NaN,
        "Pretax Income": NaN,
        "Other Income Expense": NaN,
        "Earnings From Equity Interest": NaN,
        "Net Non Operating Interest Income Expense": NaN,
        "Interest Expense Non Operating": NaN,
        "Interest Income Non Operating": NaN,
        "Operating Income": NaN,
        "Operating Expense": NaN,
        "Selling General And Administration": NaN,
        "Gross Profit": NaN,
        "Cost Of Revenue": NaN,
        "Total Revenue": NaN,
        "Operating Revenue": NaN
    },
    "2024-12-31": {
        "Tax Effect Of Unusual Items": 0.0,
        "Tax Rate For Calcs": 0.21,
        "Normalized EBITDA": 891000000.0,
        "Net Income From Continuing Operation Net Minority Interest": -2961000000.0,
        "Reconciled Depreciation": 3233000000.0,
        "Reconciled Cost Of Revenue": 42851000000.0,
        "EBITDA": 891000000.0,
        "EBIT": -2342000000.0,
        "Net Interest Income": -4000000.0,
        "Interest Expense": 215000000.0,
        "Interest Income": 211000000.0,
        "Normalized Income": -2961000000.0,
        "Net Income From Continuing And Discontinued Operation": -2961000000.0,
        "Total Expenses": 46180000000.0,
        "Total Operating Income As Reported": 1522000000.0,
        "Diluted Average Shares": NaN,
        "Basic Average Shares": NaN,
        "Diluted EPS": NaN,
        "Basic EPS": NaN,
        "Diluted NI Availto Com Stockholders": -1725000000.0,
        "Net Income Common Stockholders": -1725000000.0,
        "Preferred Stock Dividends": -1236000000.0,
        "Net Income": -2961000000.0,
        "Minority Interests": -87000000.0,
        "Net Income Including Noncontrolling Interests": -2874000000.0,
        "Net Income Continuous Operations": -2874000000.0,
        "Tax Provision": 318000000.0,
        "Pretax Income": -2557000000.0,
        "Other Income Expense": -4075000000.0,
        "Earnings From Equity Interest": -4364000000.0,
        "Net Non Operating Interest Income Expense": -4000000.0,
        "Interest Expense Non Operating": 215000000.0,
        "Interest Income Non Operating": 211000000.0,
        "Operating Income": 1522000000.0,
        "Operating Expense": 3329000000.0,
        "Selling General And Administration": 3329000000.0,
        "Gross Profit": 4851000000.0,
        "Cost Of Revenue": 42851000000.0,
        "Total Revenue": 47702000000.0,
        "Operating Revenue": 47702000000.0
    },
    "2025-03-31": {
        "Tax Effect Of Unusual Items": 0.0,
        "Tax Rate For Calcs": 0.201,
        "Normalized EBITDA": 6658000000.0,
        "Net Income From Continuing Operation Net Minority Interest": 2784000000.0,
        "Reconciled Depreciation": 2934000000.0,
        "Reconciled Cost Of Revenue": 38682000000.0,
        "EBITDA": 6658000000.0,
        "EBIT": 3724000000.0,
        "Net Interest Income": 158000000.0,
        "Interest Expense": 152000000.0,
        "Interest Income": 310000000.0,
        "Normalized Income": 2784000000.0,
        "Net Income From Continuing And Discontinued Operation": 2784000000.0,
        "Total Expenses": 40667000000.0,
        "Total Operating Income As Reported": 3352000000.0,
        "Diluted Average Shares": 1002000000.0,
        "Basic Average Shares": 988000000.0,
        "Diluted EPS": 3.35,
        "Basic EPS": 3.4,
        "Diluted NI Availto Com Stockholders": 3361000000.0,
        "Net Income Common Stockholders": 3361000000.0,
        "Preferred Stock Dividends": -577000000.0,
        "Net Income": 2784000000.0,
        "Minority Interests": -69000000.0,
        "Net Income Including Noncontrolling Interests": 2853000000.0,
        "Net Income Continuous Operations": 2853000000.0,
        "Tax Provision": 719000000.0,
        "Pretax Income": 3572000000.0,
        "Other Income Expense": 62000000.0,
        "Earnings From Equity Interest": 62000000.0,
        "Net Non Operating Interest Income Expense": 158000000.0,
        "Interest Expense Non Operating": 152000000.0,
        "Interest Income Non Operating": 310000000.0,
        "Operating Income": 3353000000.0,
        "Operating Expense": 1985000000.0,
        "Selling General And Administration": 1985000000.0,
        "Gross Profit": 5338000000.0,
        "Cost Of Revenue": 38682000000.0,
        "Total Revenue": 44020000000.0,
        "Operating Revenue": 44020000000.0
    },
    "2025-06-30": {
        "Tax Effect Of Unusual Items": 0.0,
        "Tax Rate For Calcs": 0.202526,
        "Normalized EBITDA": 5614000000.0,
        "Net Income From Continuing Operation Net Minority Interest": 1895000000.0,
        "Reconciled Depreciation": 3041000000.0,
        "Reconciled Cost Of Revenue": 42856000000.0,
        "EBITDA": 5614000000.0,
        "EBIT": 2573000000.0,
        "Net Interest Income": 168000000.0,
        "Interest Expense": 198000000.0,
        "Interest Income": 366000000.0,
        "Normalized Income": 1895000000.0,
        "Net Income From Continuing And Discontinued Operation": 1895000000.0,
        "Total Expenses": 44995000000.0,
        "Total Operating Income As Reported": 2127000000.0,
        "Diluted Average Shares": 976000000.0,
        "Basic Average Shares": 963000000.0,
        "Diluted EPS": 1.91,
        "Basic EPS": 1.94,
        "Diluted NI Availto Com Stockholders": 1865000000.0,
        "Net Income Common Stockholders": 1865000000.0,
        "Preferred Stock Dividends": 30000000.0,
        "Net Income": 1895000000.0,
        "Minority Interests": 1000000.0,
        "Net Income Including Noncontrolling Interests": 1894000000.0,
        "Net Income Continuous Operations": 1894000000.0,
        "Tax Provision": 481000000.0,
        "Pretax Income": 2375000000.0,
        "Other Income Expense": 80000000.0,
        "Earnings From Equity Interest": 80000000.0,
        "Net Non Operating Interest Income Expense": 168000000.0,
        "Interest Expense Non Operating": 198000000.0,
        "Interest Income Non Operating": 366000000.0,
        "Operating Income": 2127000000.0,
        "Operating Expense": 2139000000.0,
        "Selling General And Administration": 2139000000.0,
        "Gross Profit": 4266000000.0,
        "Cost Of Revenue": 42856000000.0,
        "Total Revenue": 47122000000.0,
        "Operating Revenue": 47122000000.0
    },
    "2025-09-30": {
        "Tax Effect Of Unusual Items": 0.0,
        "Tax Rate For Calcs": 0.0895,
        "Normalized EBITDA": 5740000000.0,
        "Net Income From Continuing Operation Net Minority Interest": 1327000000.0,
        "Reconciled Depreciation": 4112000000.0,
        "Reconciled Cost Of Revenue": 45478000000.0,
        "EBITDA": 5740000000.0,
        "EBIT": 1628000000.0,
        "Net Interest Income": 266000000.0,
        "Interest Expense": 209000000.0,
        "Interest Income": 475000000.0,
        "Normalized Income": 1327000000.0,
        "Net Income From Continuing And Discontinued Operation": 1327000000.0,
        "Total Expenses": 47515000000.0,
        "Total Operating Income As Reported": 1076000000.0,
        "Diluted Average Shares": 964000000.0,
        "Basic Average Shares": 944000000.0,
        "Diluted EPS": 1.35,
        "Basic EPS": 1.37,
        "Diluted NI Availto Com Stockholders": 1297000000.0,
        "Net Income Common Stockholders": 1297000000.0,
        "Preferred Stock Dividends": 30000000.0,
        "Net Income": 1327000000.0,
        "Minority Interests": 35000000.0,
        "Net Income Including Noncontrolling Interests": 1293000000.0,
        "Net Income Continuous Operations": 1293000000.0,
        "Tax Provision": 127000000.0,
        "Pretax Income": 1419000000.0,
        "Other Income Expense": 77000000.0,
        "Earnings From Equity Interest": 77000000.0,
        "Net Non Operating Interest Income Expense": 266000000.0,
        "Interest Expense Non Operating": 209000000.0,
        "Interest Income Non Operating": 475000000.0,
        "Operating Income": 1076000000.0,
        "Operating Expense": 2037000000.0,
        "Selling General And Administration": 2037000000.0,
        "Gross Profit": 3113000000.0,
        "Cost Of Revenue": 45478000000.0,
        "Total Revenue": 48591000000.0,
        "Operating Revenue": 48591000000.0
    },
    "2025-12-31": {
        "Tax Effect Of Unusual Items": 0.0,
        "Tax Rate For Calcs": 0.232525,
        "Normalized EBITDA": 419000000.0,
        "Net Income From Continuing Operation Net Minority Interest": -3310000000.0,
        "Reconciled Depreciation": 4501000000.0,
        "Reconciled Cost Of Revenue": 46407000000.0,
        "EBITDA": 419000000.0,
        "EBIT": -4082000000.0,
        "Net Interest Income": -464000000.0,
        "Interest Expense": 167000000.0,
        "Interest Income": -297000000.0,
        "Normalized Income": -3310000000.0,
        "Net Income From Continuing And Discontinued Operation": -3310000000.0,
        "Total Expenses": 48933000000.0,
        "Total Operating Income As Reported": -3646000000.0,
        "Diluted Average Shares": NaN,
        "Basic Average Shares": NaN,
        "Diluted EPS": NaN,
        "Basic EPS": NaN,
        "Diluted NI Availto Com Stockholders": -3330000000.0,
        "Net Income Common Stockholders": -3330000000.0,
        "Preferred Stock Dividends": 20000000.0,
        "Net Income": -3310000000.0,
        "Minority Interests": -50000000.0,
        "Net Income Including Noncontrolling Interests": -3260000000.0,
        "Net Income Continuous Operations": -3260000000.0,
        "Tax Provision": -988000000.0,
        "Pretax Income": -4249000000.0,
        "Other Income Expense": -136000000.0,
        "Earnings From Equity Interest": -819000000.0,
        "Net Non Operating Interest Income Expense": -464000000.0,
        "Interest Expense Non Operating": 167000000.0,
        "Interest Income Non Operating": -297000000.0,
        "Operating Income": -3647000000.0,
        "Operating Expense": 2526000000.0,
        "Selling General And Administration": 2526000000.0,
        "Gross Profit": -1121000000.0,
        "Cost Of Revenue": 46407000000.0,
        "Total Revenue": 45286000000.0,
        "Operating Revenue": 45286000000.0
    }
}