{
    "2023-03-31": {
        "Tax Effect Of Unusual Items": -1420832.91,
        "Tax Rate For Calcs": 0.21,
        "Normalized EBITDA": -4322443.0,
        "Total Unusual Items": -6765871.0,
        "Total Unusual Items Excluding Goodwill": -6765871.0,
        "Net Income From Continuing Operation Net Minority Interest": -13193975.0,
        "Reconciled Depreciation": 1644371.0,
        "Reconciled Cost Of Revenue": 1292743.0,
        "EBITDA": -11088314.0,
        "EBIT": -12732685.0,
        "Net Interest Income": -460914.0,
        "Interest Expense": 460914.0,
        "Normalized Income": -7848936.91,
        "Net Income From Continuing And Discontinued Operation": -13193975.0,
        "Total Expenses": 9590887.0,
        "Total Operating Income As Reported": -9613255.0,
        "Diluted Average Shares": 2920.0,
        "Basic Average Shares": 2920.0,
        "Diluted EPS": -4608.0,
        "Basic EPS": -4608.0,
        "Diluted NI Availto Com Stockholders": -13470583.0,
        "Net Income Common Stockholders": -13470583.0,
        "Preferred Stock Dividends": 276608.0,
        "Net Income": -13193975.0,
        "Net Income Including Noncontrolling Interests": -13193975.0,
        "Net Income Continuous Operations": -13193975.0,
        "Tax Provision": 376.0,
        "Pretax Income": -13193599.0,
        "Other Income Expense": -7317792.0,
        "Other Non Operating Income Expenses": -551921.0,
        "Special Income Charges": -7014833.0,
        "Gain On Sale Of Business": -4198362.0,
        "Other Special Charges": 2816471.0,
        "Impairment Of Capital Assets": 0.0,
        "Restructuring And Mergern Acquisition": 0.0,
        "Gain On Sale Of Security": 248962.0,
        "Net Non Operating Interest Income Expense": -460914.0,
        "Interest Expense Non Operating": 460914.0,
        "Operating Income": -5414893.0,
        "Operating Expense": 8298144.0,
        "Selling General And Administration": 8298144.0,
        "Selling And Marketing Expense": 928692.0,
        "General And Administrative Expense": 7369452.0,
        "Other Gand A": 7369452.0,
        "Gross Profit": 2883251.0,
        "Cost Of Revenue": 1292743.0,
        "Total Revenue": 4175994.0,
        "Operating Revenue": 4175994.0
    },
    "2022-12-31": {
        "Tax Effect Of Unusual Items": 0.0,
        "Tax Rate For Calcs": 0.0,
        "Normalized EBITDA": -2926291.0,
        "Total Unusual Items": -8282485.0,
        "Total Unusual Items Excluding Goodwill": -8282485.0,
        "Net Income From Continuing Operation Net Minority Interest": -14132682.0,
        "Reconciled Depreciation": 1952532.0,
        "Reconciled Cost Of Revenue": 2371655.0,
        "EBITDA": -11208776.0,
        "EBIT": -13161308.0,
        "Net Interest Income": -971374.0,
        "Interest Expense": 971374.0,
        "Normalized Income": -5850197.0,
        "Net Income From Continuing And Discontinued Operation": -14132682.0,
        "Total Expenses": 11774614.0,
        "Total Operating Income As Reported": 21500209.0,
        "Diluted Average Shares": 1829.0,
        "Basic Average Shares": 1829.0,
        "Diluted EPS": -8000.0,
        "Basic EPS": -8000.0,
        "Diluted NI Availto Com Stockholders": -14408568.0,
        "Net Income Common Stockholders": -14408568.0,
        "Preferred Stock Dividends": 275886.0,
        "Net Income": -14132682.0,
        "Net Income Including Noncontrolling Interests": -14132682.0,
        "Net Income Continuous Operations": -14132682.0,
        "Tax Provision": 0.0,
        "Pretax Income": -14132682.0,
        "Other Income Expense": -7796099.0,
        "Other Non Operating Income Expenses": 486386.0,
        "Special Income Charges": -19179019.0,
        "Gain On Sale Of Business": NaN,
        "Other Special Charges": NaN,
        "Impairment Of Capital Assets": 16135000.0,
        "Restructuring And Mergern Acquisition": 3044019.0,
        "Gain On Sale Of Security": 10896534.0,
        "Net Non Operating Interest Income Expense": -971374.0,
        "Interest Expense Non Operating": 971374.0,
        "Operating Income": -5365209.0,
        "Operating Expense": 9402959.0,
        "Selling General And Administration": 9402959.0,
        "Selling And Marketing Expense": 1843557.0,
        "General And Administrative Expense": 7559402.0,
        "Other Gand A": 7559402.0,
        "Gross Profit": 4037750.0,
        "Cost Of Revenue": 2371655.0,
        "Total Revenue": 6409405.0,
        "Operating Revenue": 6409405.0
    },
    "2022-09-30": {
        "Tax Effect Of Unusual Items": 0.0,
        "Tax Rate For Calcs": 0.0,
        "Normalized EBITDA": -4133910.0,
        "Total Unusual Items": 2904888.0,
        "Total Unusual Items Excluding Goodwill": 2904888.0,
        "Net Income From Continuing Operation Net Minority Interest": -4168591.0,
        "Reconciled Depreciation": 1881161.0,
        "Reconciled Cost Of Revenue": 3750416.0,
        "EBITDA": -1229022.0,
        "EBIT": -3110183.0,
        "Net Interest Income": -1058408.0,
        "Interest Expense": 1058408.0,
        "Normalized Income": -7073479.0,
        "Net Income From Continuing And Discontinued Operation": -4168591.0,
        "Total Expenses": 15666785.0,
        "Total Operating Income As Reported": -6061521.0,
        "Diluted Average Shares": 448360.0,
        "Basic Average Shares": 448360.0,
        "Diluted EPS": -9.91,
        "Basic EPS": -9.91,
        "Diluted NI Availto Com Stockholders": -4443763.0,
        "Net Income Common Stockholders": -4443763.0,
        "Preferred Stock Dividends": 275172.0,
        "Net Income": -4168591.0,
        "Net Income Including Noncontrolling Interests": -4168591.0,
        "Net Income Continuous Operations": -4168591.0,
        "Tax Provision": 0.0,
        "Pretax Income": -4168591.0,
        "Other Income Expense": 2951338.0,
        "Other Non Operating Income Expenses": 46450.0,
        "Special Income Charges": 179468.0,
        "Gain On Sale Of Business": NaN,
        "Other Special Charges": NaN,
        "Impairment Of Capital Assets": NaN,
        "Restructuring And Mergern Acquisition": -179468.0,
        "Gain On Sale Of Security": 2725420.0,
        "Net Non Operating Interest Income Expense": -1058408.0,
        "Interest Expense Non Operating": 1058408.0,
        "Operating Income": -6061521.0,
        "Operating Expense": 11916369.0,
        "Selling General And Administration": 11916369.0,
        "Selling And Marketing Expense": 2445335.0,
        "General And Administrative Expense": 9471034.0,
        "Other Gand A": 9471034.0,
        "Gross Profit": 5854848.0,
        "Cost Of Revenue": 3750416.0,
        "Total Revenue": 9605264.0,
        "Operating Revenue": 9605264.0
    },
    "2022-06-30": {
        "Tax Effect Of Unusual Items": 283172.14228,
        "Tax Rate For Calcs": 0.043332,
        "Normalized EBITDA": -9427508.0,
        "Total Unusual Items": 6535017.0,
        "Total Unusual Items Excluding Goodwill": 6535017.0,
        "Net Income From Continuing Operation Net Minority Interest": -3775585.0,
        "Reconciled Depreciation": 2507132.0,
        "Reconciled Cost Of Revenue": 4915784.0,
        "EBITDA": -2892491.0,
        "EBIT": -2892491.0,
        "Net Interest Income": -1054106.0,
        "Interest Expense": 1054106.0,
        "Normalized Income": -10027429.85772,
        "Net Income From Continuing And Discontinued Operation": -3775585.0,
        "Total Expenses": 21947622.0,
        "Total Operating Income As Reported": -18104276.0,
        "Diluted Average Shares": 409229.0,
        "Basic Average Shares": 409229.0,
        "Diluted EPS": -10.0,
        "Basic EPS": -10.0,
        "Diluted NI Availto Com Stockholders": -4050050.0,
        "Net Income Common Stockholders": -4050050.0,
        "Preferred Stock Dividends": 274465.0,
        "Net Income": -3775585.0,
        "Net Income Including Noncontrolling Interests": -3775585.0,
        "Net Income Continuous Operations": -3775585.0,
        "Tax Provision": -171012.0,
        "Pretax Income": -3946597.0,
        "Other Income Expense": 7342406.0,
        "Other Non Operating Income Expenses": 807389.0,
        "Special Income Charges": -7464764.0,
        "Gain On Sale Of Business": NaN,
        "Other Special Charges": 0.0,
        "Impairment Of Capital Assets": 7869379.0,
        "Restructuring And Mergern Acquisition": -404615.0,
        "Gain On Sale Of Security": 13999781.0,
        "Net Non Operating Interest Income Expense": -1054106.0,
        "Interest Expense Non Operating": 1054106.0,
        "Operating Income": -10234897.0,
        "Operating Expense": 17031838.0,
        "Selling General And Administration": 17031838.0,
        "Selling And Marketing Expense": 4395797.0,
        "General And Administrative Expense": 12636041.0,
        "Other Gand A": 12636041.0,
        "Gross Profit": 6796941.0,
        "Cost Of Revenue": 4915784.0,
        "Total Revenue": 11712725.0,
        "Operating Revenue": 11712725.0
    },
    "2022-03-31": {
        "Diluted EPS": -210.64,
        "Total Revenue": 16,
        "Gross Profit": 9,
        "Operating Income": -51,
        "EBIT": -47,
        "Net Income": -64
    },
    "2021-12-31": {
        "Diluted EPS": -153.0,
        "Total Revenue": 15,
        "Gross Profit": 8,
        "Operating Income": -12,
        "EBIT": -9,
        "Net Income": -34
    },
    "2021-09-30": {
        "Diluted EPS": -3.0,
        "Total Revenue": 16,
        "Gross Profit": 10,
        "Operating Income": -9,
        "EBIT": -5,
        "Net Income": -1
    },
    "2021-06-30": {
        "Diluted EPS": -23.0,
        "Total Revenue": 9,
        "Gross Profit": 5,
        "Operating Income": -10,
        "EBIT": -9,
        "Net Income": -8
    },
    "2021-03-31": {
        "Diluted EPS": -73.0,
        "Total Revenue": 5,
        "Gross Profit": 3,
        "Operating Income": -6,
        "EBIT": -5,
        "Net Income": -12
    },
    "2020-12-31": {
        "Diluted EPS": -57.0,
        "Total Revenue": 2,
        "Gross Profit": 1,
        "Operating Income": -6,
        "EBIT": -5,
        "Net Income": -7
    },
    "2020-09-30": {
        "Diluted EPS": -15.0,
        "Total Revenue": 0,
        "Gross Profit": 0,
        "Operating Income": -4,
        "EBIT": -4,
        "Net Income": 2
    },
    "2020-06-30": {
        "Diluted EPS": 52.0,
        "Total Revenue": NaN,
        "Gross Profit": NaN,
        "Operating Income": -2,
        "EBIT": -2,
        "Net Income": 2
    },
    "2020-03-31": {
        "Diluted EPS": -102.0,
        "Total Revenue": NaN,
        "Gross Profit": NaN,
        "Operating Income": -1,
        "EBIT": -1,
        "Net Income": -6
    },
    "2019-12-31": {
        "Diluted EPS": -52.0,
        "Total Revenue": NaN,
        "Gross Profit": NaN,
        "Operating Income": -1,
        "EBIT": -1,
        "Net Income": -3
    },
    "2019-09-30": {
        "Diluted EPS": -48.0,
        "Total Revenue": NaN,
        "Gross Profit": NaN,
        "Operating Income": -1,
        "EBIT": -1,
        "Net Income": -3
    },
    "2019-06-30": {
        "Diluted EPS": 0.0,
        "Total Revenue": NaN,
        "Gross Profit": NaN,
        "Operating Income": NaN,
        "EBIT": NaN,
        "Net Income": NaN
    },
    "2019-03-31": {
        "Diluted EPS": -58.0,
        "Total Revenue": NaN,
        "Gross Profit": NaN,
        "Operating Income": -1,
        "EBIT": -1,
        "Net Income": -3
    },
    "2018-12-31": {
        "Diluted EPS": 0.0,
        "Total Revenue": NaN,
        "Gross Profit": NaN,
        "Operating Income": NaN,
        "EBIT": NaN,
        "Net Income": NaN
    },
    "2018-06-30": {
        "Diluted EPS": 0.0,
        "Total Revenue": NaN,
        "Gross Profit": NaN,
        "Operating Income": NaN,
        "EBIT": NaN,
        "Net Income": NaN
    },
    "2017-09-30": {
        "Diluted EPS": -1.0,
        "Total Revenue": NaN,
        "Gross Profit": NaN,
        "Operating Income": NaN,
        "EBIT": NaN,
        "Net Income": -1
    },
    "2017-06-30": {
        "Diluted EPS": 0.0,
        "Total Revenue": NaN,
        "Gross Profit": NaN,
        "Operating Income": NaN,
        "EBIT": NaN,
        "Net Income": NaN
    },
    "2017-03-31": {
        "Diluted EPS": 0.0,
        "Total Revenue": NaN,
        "Gross Profit": NaN,
        "Operating Income": NaN,
        "EBIT": NaN,
        "Net Income": 0
    },
    "2016-12-31": {
        "Diluted EPS": 0.0,
        "Total Revenue": NaN,
        "Gross Profit": NaN,
        "Operating Income": NaN,
        "EBIT": NaN,
        "Net Income": 0
    },
    "2016-09-30": {
        "Diluted EPS": 0.0,
        "Total Revenue": NaN,
        "Gross Profit": NaN,
        "Operating Income": NaN,
        "EBIT": NaN,
        "Net Income": NaN
    },
    "2016-03-31": {
        "Diluted EPS": 0.0,
        "Total Revenue": NaN,
        "Gross Profit": NaN,
        "Operating Income": NaN,
        "EBIT": NaN,
        "Net Income": 0
    },
    "2015-12-31": {
        "Diluted EPS": 0.0,
        "Total Revenue": NaN,
        "Gross Profit": NaN,
        "Operating Income": NaN,
        "EBIT": NaN,
        "Net Income": 0
    },
    "2015-09-30": {
        "Diluted EPS": 0.0,
        "Total Revenue": NaN,
        "Gross Profit": NaN,
        "Operating Income": NaN,
        "EBIT": NaN,
        "Net Income": 0
    },
    "2023-06-30": {
        "Tax Effect Of Unusual Items": 0.0,
        "Tax Rate For Calcs": 0.0,
        "Normalized EBITDA": -2817583.0,
        "Total Unusual Items": 3066388.0,
        "Total Unusual Items Excluding Goodwill": 3066388.0,
        "Net Income From Continuing Operation Net Minority Interest": -790231.0,
        "Reconciled Depreciation": 1043974.0,
        "Reconciled Cost Of Revenue": 1372440.0,
        "EBITDA": 248805.0,
        "EBIT": -795169.0,
        "Net Interest Income": 4938.0,
        "Interest Expense": -4938.0,
        "Normalized Income": -3856619.0,
        "Net Income From Continuing And Discontinued Operation": -790231.0,
        "Total Expenses": 6603682.0,
        "Total Operating Income As Reported": -3127400.0,
        "Diluted Average Shares": NaN,
        "Basic Average Shares": NaN,
        "Diluted EPS": NaN,
        "Basic EPS": NaN,
        "Diluted NI Availto Com Stockholders": -1309247.0,
        "Net Income Common Stockholders": -1309247.0,
        "Preferred Stock Dividends": 519016.0,
        "Net Income": -790231.0,
        "Net Income Including Noncontrolling Interests": -790231.0,
        "Net Income Continuous Operations": -790231.0,
        "Tax Provision": 0.0,
        "Pretax Income": -790231.0,
        "Other Income Expense": 3033372.0,
        "Other Non Operating Income Expenses": -33016.0,
        "Special Income Charges": 2496500.0,
        "Gain On Sale Of Business": 701141.0,
        "Other Special Charges": -1795359.0,
        "Impairment Of Capital Assets": 0.0,
        "Restructuring And Mergern Acquisition": 0.0,
        "Gain On Sale Of Security": 569888.0,
        "Net Non Operating Interest Income Expense": 4938.0,
        "Interest Expense Non Operating": -4938.0,
        "Operating Income": -3828541.0,
        "Operating Expense": 5231242.0,
        "Selling General And Administration": 5231242.0,
        "Selling And Marketing Expense": 729113.0,
        "General And Administrative Expense": 4502129.0,
        "Other Gand A": 4502129.0,
        "Gross Profit": 1402701.0,
        "Cost Of Revenue": 1372440.0,
        "Total Revenue": 2775141.0,
        "Operating Revenue": 2775141.0
    },
    "2023-09-30": {
        "Tax Effect Of Unusual Items": 0.0,
        "Tax Rate For Calcs": 0.0,
        "Normalized EBITDA": -3926449.0,
        "Total Unusual Items": 233507.0,
        "Total Unusual Items Excluding Goodwill": 233507.0,
        "Net Income From Continuing Operation Net Minority Interest": -4798152.0,
        "Reconciled Depreciation": 1105210.0,
        "Reconciled Cost Of Revenue": 602026.0,
        "EBITDA": -3692942.0,
        "EBIT": -4798152.0,
        "Net Interest Income": 0.0,
        "Interest Expense": 0.0,
        "Normalized Income": -5031659.0,
        "Net Income From Continuing And Discontinued Operation": -4798152.0,
        "Total Expenses": 7702958.0,
        "Total Operating Income As Reported": -5013141.0,
        "Diluted Average Shares": 68432.0,
        "Basic Average Shares": 68432.0,
        "Diluted EPS": -272.0,
        "Basic EPS": -272.0,
        "Diluted NI Availto Com Stockholders": -18561628.0,
        "Net Income Common Stockholders": -18561628.0,
        "Preferred Stock Dividends": 13763476.0,
        "Net Income": -4798152.0,
        "Net Income Including Noncontrolling Interests": -4798152.0,
        "Net Income Continuous Operations": -4798152.0,
        "Tax Provision": 0.0,
        "Pretax Income": -4798152.0,
        "Other Income Expense": 214989.0,
        "Other Non Operating Income Expenses": -18518.0,
        "Special Income Charges": 0.0,
        "Gain On Sale Of Business": NaN,
        "Other Special Charges": NaN,
        "Impairment Of Capital Assets": NaN,
        "Restructuring And Mergern Acquisition": 0.0,
        "Gain On Sale Of Security": 233507.0,
        "Net Non Operating Interest Income Expense": 0.0,
        "Interest Expense Non Operating": 0.0,
        "Operating Income": -5013141.0,
        "Operating Expense": 7100932.0,
        "Selling General And Administration": 7100932.0,
        "Selling And Marketing Expense": 913096.0,
        "General And Administrative Expense": 6187836.0,
        "Other Gand A": 6187836.0,
        "Gross Profit": 2087791.0,
        "Cost Of Revenue": 602026.0,
        "Total Revenue": 2689817.0,
        "Operating Revenue": 2689817.0
    }
}