{
    "2023-04-30": {
        "Tax Effect Of Unusual Items": NaN,
        "Tax Rate For Calcs": NaN,
        "Normalized EBITDA": NaN,
        "Total Unusual Items": NaN,
        "Total Unusual Items Excluding Goodwill": NaN,
        "Net Income From Continuing Operation Net Minority Interest": NaN,
        "Reconciled Depreciation": NaN,
        "Reconciled Cost Of Revenue": NaN,
        "EBITDA": NaN,
        "EBIT": NaN,
        "Net Interest Income": NaN,
        "Interest Income": NaN,
        "Normalized Income": NaN,
        "Net Income From Continuing And Discontinued Operation": NaN,
        "Total Expenses": NaN,
        "Total Operating Income As Reported": NaN,
        "Diluted Average Shares": 304500000.0,
        "Basic Average Shares": 304500000.0,
        "Diluted EPS": -0.17,
        "Basic EPS": -0.17,
        "Diluted NI Availto Com Stockholders": NaN,
        "Net Income Common Stockholders": NaN,
        "Net Income": NaN,
        "Net Income Including Noncontrolling Interests": NaN,
        "Net Income Continuous Operations": NaN,
        "Tax Provision": NaN,
        "Pretax Income": NaN,
        "Other Income Expense": -1900000.0,
        "Other Non Operating Income Expenses": -1900000.0,
        "Special Income Charges": NaN,
        "Write Off": NaN,
        "Impairment Of Capital Assets": NaN,
        "Net Non Operating Interest Income Expense": NaN,
        "Total Other Finance Cost": -9700000.0,
        "Interest Income Non Operating": NaN,
        "Operating Income": NaN,
        "Operating Expense": NaN,
        "Selling General And Administration": NaN,
        "Gross Profit": NaN,
        "Cost Of Revenue": NaN,
        "Total Revenue": NaN,
        "Operating Revenue": NaN
    },
    "2023-01-31": {
        "Tax Effect Of Unusual Items": NaN,
        "Tax Rate For Calcs": NaN,
        "Normalized EBITDA": NaN,
        "Total Unusual Items": -200000.0,
        "Total Unusual Items Excluding Goodwill": -200000.0,
        "Net Income From Continuing Operation Net Minority Interest": NaN,
        "Reconciled Depreciation": NaN,
        "Reconciled Cost Of Revenue": NaN,
        "EBITDA": NaN,
        "EBIT": NaN,
        "Net Interest Income": NaN,
        "Interest Income": NaN,
        "Normalized Income": NaN,
        "Net Income From Continuing And Discontinued Operation": NaN,
        "Total Expenses": NaN,
        "Total Operating Income As Reported": NaN,
        "Diluted Average Shares": 304500000.0,
        "Basic Average Shares": 304300000.0,
        "Diluted EPS": 0.16,
        "Basic EPS": 0.16,
        "Diluted NI Availto Com Stockholders": NaN,
        "Net Income Common Stockholders": NaN,
        "Net Income": NaN,
        "Net Income Including Noncontrolling Interests": NaN,
        "Net Income Continuous Operations": NaN,
        "Tax Provision": NaN,
        "Pretax Income": NaN,
        "Other Income Expense": -200000.0,
        "Other Non Operating Income Expenses": NaN,
        "Special Income Charges": -200000.0,
        "Write Off": 200000.0,
        "Impairment Of Capital Assets": 200000.0,
        "Net Non Operating Interest Income Expense": NaN,
        "Total Other Finance Cost": -6200000.0,
        "Interest Income Non Operating": NaN,
        "Operating Income": NaN,
        "Operating Expense": NaN,
        "Selling General And Administration": NaN,
        "Gross Profit": NaN,
        "Cost Of Revenue": NaN,
        "Total Revenue": NaN,
        "Operating Revenue": NaN
    },
    "2022-10-31": {
        "Tax Effect Of Unusual Items": NaN,
        "Tax Rate For Calcs": NaN,
        "Normalized EBITDA": NaN,
        "Total Unusual Items": 0.0,
        "Total Unusual Items Excluding Goodwill": 0.0,
        "Net Income From Continuing Operation Net Minority Interest": NaN,
        "Reconciled Depreciation": NaN,
        "Reconciled Cost Of Revenue": NaN,
        "EBITDA": NaN,
        "EBIT": NaN,
        "Net Interest Income": NaN,
        "Interest Income": 3700000.0,
        "Normalized Income": NaN,
        "Net Income From Continuing And Discontinued Operation": NaN,
        "Total Expenses": NaN,
        "Total Operating Income As Reported": NaN,
        "Diluted Average Shares": 304200000.0,
        "Basic Average Shares": 304200000.0,
        "Diluted EPS": -0.31,
        "Basic EPS": -0.31,
        "Diluted NI Availto Com Stockholders": NaN,
        "Net Income Common Stockholders": NaN,
        "Net Income": NaN,
        "Net Income Including Noncontrolling Interests": NaN,
        "Net Income Continuous Operations": NaN,
        "Tax Provision": NaN,
        "Pretax Income": NaN,
        "Other Income Expense": NaN,
        "Other Non Operating Income Expenses": NaN,
        "Special Income Charges": 0.0,
        "Write Off": 0.0,
        "Impairment Of Capital Assets": 0.0,
        "Net Non Operating Interest Income Expense": NaN,
        "Total Other Finance Cost": -3700000.0,
        "Interest Income Non Operating": 3700000.0,
        "Operating Income": NaN,
        "Operating Expense": NaN,
        "Selling General And Administration": NaN,
        "Gross Profit": NaN,
        "Cost Of Revenue": NaN,
        "Total Revenue": NaN,
        "Operating Revenue": NaN
    },
    "2022-07-31": {
        "Tax Effect Of Unusual Items": -1000000.0,
        "Tax Rate For Calcs": 0.4,
        "Normalized EBITDA": -87500000.0,
        "Total Unusual Items": -2500000.0,
        "Total Unusual Items Excluding Goodwill": -2500000.0,
        "Net Income From Continuing Operation Net Minority Interest": -108700000.0,
        "Reconciled Depreciation": 15300000.0,
        "Reconciled Cost Of Revenue": 853800000.0,
        "EBITDA": -90000000.0,
        "EBIT": -105300000.0,
        "Net Interest Income": 300000.0,
        "Interest Income": 300000.0,
        "Normalized Income": -107200000.0,
        "Net Income From Continuing And Discontinued Operation": -108700000.0,
        "Total Expenses": 1241300000.0,
        "Total Operating Income As Reported": -107800000.0,
        "Diluted Average Shares": 304200000.0,
        "Basic Average Shares": 304200000.0,
        "Diluted EPS": -0.36,
        "Basic EPS": -0.36,
        "Diluted NI Availto Com Stockholders": -108700000.0,
        "Net Income Common Stockholders": -108700000.0,
        "Net Income": -108700000.0,
        "Net Income Including Noncontrolling Interests": -108700000.0,
        "Net Income Continuous Operations": -108700000.0,
        "Tax Provision": 1200000.0,
        "Pretax Income": -107500000.0,
        "Other Income Expense": -2500000.0,
        "Other Non Operating Income Expenses": NaN,
        "Special Income Charges": -2500000.0,
        "Impairment Of Capital Assets": 2500000.0,
        "Net Non Operating Interest Income Expense": 300000.0,
        "Total Other Finance Cost": -300000.0,
        "Interest Income Non Operating": 300000.0,
        "Operating Income": -105300000.0,
        "Operating Expense": 387500000.0,
        "Selling General And Administration": 387500000.0,
        "Gross Profit": 282200000.0,
        "Cost Of Revenue": 853800000.0,
        "Total Revenue": 1136000000.0,
        "Operating Revenue": 1136000000.0
    },
    "2022-04-30": {
        "Diluted EPS": -0.52,
        "Total Revenue": NaN,
        "Gross Profit": 299,
        "Operating Income": -154,
        "EBIT": -137,
        "Net Income": -158
    },
    "2022-01-31": {
        "Diluted EPS": -0.5,
        "Total Revenue": NaN,
        "Gross Profit": 378,
        "Operating Income": -167,
        "EBIT": -143,
        "Net Income": -148
    },
    "2021-10-31": {
        "Diluted EPS": -0.35,
        "Total Revenue": NaN,
        "Gross Profit": 319,
        "Operating Income": -103,
        "EBIT": -86,
        "Net Income": -105
    },
    "2021-07-31": {
        "Diluted EPS": -0.21,
        "Total Revenue": NaN,
        "Gross Profit": 321,
        "Operating Income": -58,
        "EBIT": -40,
        "Net Income": -62
    },
    "2021-04-30": {
        "Diluted EPS": -0.25,
        "Total Revenue": NaN,
        "Gross Profit": 330,
        "Operating Income": -41,
        "EBIT": -22,
        "Net Income": -67
    },
    "2021-01-31": {
        "Diluted EPS": 0.31,
        "Total Revenue": NaN,
        "Gross Profit": 449,
        "Operating Income": 19,
        "EBIT": 38,
        "Net Income": 81
    },
    "2020-10-31": {
        "Diluted EPS": -0.07,
        "Total Revenue": NaN,
        "Gross Profit": 276,
        "Operating Income": -63,
        "EBIT": -44,
        "Net Income": -19
    },
    "2020-07-31": {
        "Diluted EPS": -0.43,
        "Total Revenue": 942,
        "Gross Profit": 252,
        "Operating Income": -86,
        "EBIT": -65,
        "Net Income": -111
    },
    "2020-04-30": {
        "Diluted EPS": -0.64,
        "Total Revenue": NaN,
        "Gross Profit": 282,
        "Operating Income": -108,
        "EBIT": -87,
        "Net Income": -166
    },
    "2020-01-31": {
        "Diluted EPS": -0.07,
        "Total Revenue": NaN,
        "Gross Profit": 597,
        "Operating Income": 75,
        "EBIT": 101,
        "Net Income": 21
    },
    "2019-10-31": {
        "Diluted EPS": -0.26,
        "Total Revenue": NaN,
        "Gross Profit": 441,
        "Operating Income": -46,
        "EBIT": -22,
        "Net Income": -83
    },
    "2019-07-31": {
        "Diluted EPS": -1.04,
        "Total Revenue": NaN,
        "Gross Profit": 399,
        "Operating Income": -447,
        "EBIT": -424,
        "Net Income": -415
    },
    "2019-04-30": {
        "Diluted EPS": 0.02,
        "Total Revenue": NaN,
        "Gross Profit": 471,
        "Operating Income": 18,
        "EBIT": 41,
        "Net Income": 7
    },
    "2019-01-31": {
        "Diluted EPS": -0.46,
        "Total Revenue": NaN,
        "Gross Profit": 749,
        "Operating Income": -232,
        "EBIT": -203,
        "Net Income": -188
    },
    "2018-10-31": {
        "Diluted EPS": -1.2,
        "Total Revenue": NaN,
        "Gross Profit": 558,
        "Operating Income": -518,
        "EBIT": -487,
        "Net Income": -489
    },
    "2018-07-31": {
        "Diluted EPS": -0.06,
        "Total Revenue": NaN,
        "Gross Profit": 470,
        "Operating Income": 2,
        "EBIT": 34,
        "Net Income": -25
    },
    "2018-04-30": {
        "Diluted EPS": 0.07,
        "Total Revenue": NaN,
        "Gross Profit": 531,
        "Operating Income": 47,
        "EBIT": 81,
        "Net Income": 28
    },
    "2018-01-31": {
        "Diluted EPS": -0.26,
        "Total Revenue": NaN,
        "Gross Profit": 469,
        "Operating Income": 207,
        "EBIT": 246,
        "Net Income": -106
    },
    "2017-10-31": {
        "Diluted EPS": 0.15,
        "Total Revenue": NaN,
        "Gross Profit": 689,
        "Operating Income": 88,
        "EBIT": 125,
        "Net Income": 59
    },
    "2017-07-31": {
        "Diluted EPS": 0.06,
        "Total Revenue": NaN,
        "Gross Profit": 624,
        "Operating Income": 44,
        "EBIT": 82,
        "Net Income": 22
    },
    "2017-04-30": {
        "Diluted EPS": 0.15,
        "Total Revenue": NaN,
        "Gross Profit": 703,
        "Operating Income": 101,
        "EBIT": 139,
        "Net Income": 59
    },
    "2017-01-31": {
        "Diluted EPS": 0.5,
        "Total Revenue": NaN,
        "Gross Profit": 499,
        "Operating Income": 211,
        "EBIT": 252,
        "Net Income": 209
    },
    "2016-10-31": {
        "Diluted EPS": 0.12,
        "Total Revenue": NaN,
        "Gross Profit": 708,
        "Operating Income": 99,
        "EBIT": 141,
        "Net Income": 51
    },
    "2016-07-31": {
        "Diluted EPS": 0.07,
        "Total Revenue": NaN,
        "Gross Profit": 618,
        "Operating Income": 58,
        "EBIT": 100,
        "Net Income": 28
    },
    "2016-04-30": {
        "Diluted EPS": 0.16,
        "Total Revenue": NaN,
        "Gross Profit": 676,
        "Operating Income": 114,
        "EBIT": 155,
        "Net Income": 66
    },
    "2016-01-31": {
        "Diluted EPS": 0.58,
        "Total Revenue": NaN,
        "Gross Profit": NaN,
        "Operating Income": 382,
        "EBIT": 426,
        "Net Income": 248
    },
    "2015-10-31": {
        "Diluted EPS": 0.13,
        "Total Revenue": NaN,
        "Gross Profit": 656,
        "Operating Income": 91,
        "EBIT": 131,
        "Net Income": 56
    },
    "2015-07-31": {
        "Diluted EPS": 0.06,
        "Total Revenue": NaN,
        "Gross Profit": 581,
        "Operating Income": 52,
        "EBIT": 90,
        "Net Income": 25
    },
    "2015-04-30": {
        "Diluted EPS": 0.17,
        "Total Revenue": NaN,
        "Gross Profit": 639,
        "Operating Income": 124,
        "EBIT": 160,
        "Net Income": 74
    },
    "2015-01-31": {
        "Diluted EPS": 0.54,
        "Total Revenue": NaN,
        "Gross Profit": 976,
        "Operating Income": 386,
        "EBIT": 424,
        "Net Income": 244
    },
    "2014-10-31": {
        "Diluted EPS": 0.13,
        "Total Revenue": NaN,
        "Gross Profit": 622,
        "Operating Income": 90,
        "EBIT": 128,
        "Net Income": 56
    },
    "2014-07-31": {
        "Diluted EPS": 0.06,
        "Total Revenue": NaN,
        "Gross Profit": 551,
        "Operating Income": 37,
        "EBIT": 76,
        "Net Income": 25
    },
    "2014-04-30": {
        "Diluted EPS": 0.15,
        "Total Revenue": NaN,
        "Gross Profit": 626,
        "Operating Income": 106,
        "EBIT": 146,
        "Net Income": 68
    },
    "2014-01-31": {
        "Diluted EPS": 0.47,
        "Total Revenue": NaN,
        "Gross Profit": NaN,
        "Operating Income": 358,
        "EBIT": 402,
        "Net Income": 221
    },
    "2013-10-31": {
        "Diluted EPS": 0.15,
        "Total Revenue": NaN,
        "Gross Profit": 598,
        "Operating Income": 109,
        "EBIT": 151,
        "Net Income": 69
    },
    "2013-07-31": {
        "Diluted EPS": 0.02,
        "Total Revenue": NaN,
        "Gross Profit": 481,
        "Operating Income": 19,
        "EBIT": 60,
        "Net Income": 11
    },
    "2013-04-30": {
        "Diluted EPS": 0.12,
        "Total Revenue": NaN,
        "Gross Profit": 578,
        "Operating Income": 87,
        "EBIT": 130,
        "Net Income": 55
    },
    "2013-01-31": {
        "Diluted EPS": 0.56,
        "Total Revenue": NaN,
        "Gross Profit": 975,
        "Operating Income": 412,
        "EBIT": 456,
        "Net Income": 261
    },
    "2012-10-31": {
        "Diluted EPS": -1.27,
        "Total Revenue": NaN,
        "Gross Profit": 557,
        "Operating Income": -604,
        "EBIT": -558,
        "Net Income": -624
    },
    "2012-07-31": {
        "Diluted EPS": 0.04,
        "Total Revenue": NaN,
        "Gross Profit": 519,
        "Operating Income": 35,
        "EBIT": 79,
        "Net Income": 21
    },
    "2012-04-30": {
        "Diluted EPS": 0.14,
        "Total Revenue": NaN,
        "Gross Profit": 600,
        "Operating Income": 115,
        "EBIT": 160,
        "Net Income": 73
    },
    "2012-01-31": {
        "Diluted EPS": 0.31,
        "Total Revenue": NaN,
        "Gross Profit": 943,
        "Operating Income": 303,
        "EBIT": 347,
        "Net Income": 175
    },
    "2011-10-31": {
        "Diluted EPS": 0.1,
        "Total Revenue": NaN,
        "Gross Profit": 573,
        "Operating Income": 83,
        "EBIT": 131,
        "Net Income": 54
    },
    "2011-07-31": {
        "Diluted EPS": 0.06,
        "Total Revenue": NaN,
        "Gross Profit": 543,
        "Operating Income": 54,
        "EBIT": 102,
        "Net Income": 31
    },
    "2011-04-30": {
        "Diluted EPS": 0.14,
        "Total Revenue": NaN,
        "Gross Profit": 620,
        "Operating Income": 131,
        "EBIT": 179,
        "Net Income": 80
    },
    "2011-01-31": {
        "Diluted EPS": 0.39,
        "Total Revenue": NaN,
        "Gross Profit": 904,
        "Operating Income": 376,
        "EBIT": 422,
        "Net Income": 238
    },
    "2010-10-31": {
        "Diluted EPS": 0.09,
        "Total Revenue": NaN,
        "Gross Profit": 546,
        "Operating Income": 93,
        "EBIT": 141,
        "Net Income": 55
    },
    "2010-07-31": {
        "Diluted EPS": 0.07,
        "Total Revenue": NaN,
        "Gross Profit": 517,
        "Operating Income": 70,
        "EBIT": 113,
        "Net Income": 40
    },
    "2010-04-30": {
        "Diluted EPS": 0.12,
        "Total Revenue": NaN,
        "Gross Profit": 571,
        "Operating Income": 125,
        "EBIT": 168,
        "Net Income": 75
    },
    "2010-01-31": {
        "Diluted EPS": 0.32,
        "Total Revenue": NaN,
        "Gross Profit": 874,
        "Operating Income": 347,
        "EBIT": 392,
        "Net Income": 216
    },
    "2009-10-31": {
        "Diluted EPS": 0.08,
        "Total Revenue": NaN,
        "Gross Profit": 523,
        "Operating Income": 90,
        "EBIT": 134,
        "Net Income": 52
    },
    "2009-07-31": {
        "Diluted EPS": 0.06,
        "Total Revenue": NaN,
        "Gross Profit": 495,
        "Operating Income": 71,
        "EBIT": 112,
        "Net Income": 39
    },
    "2009-04-30": {
        "Diluted EPS": 0.11,
        "Total Revenue": NaN,
        "Gross Profit": 542,
        "Operating Income": 128,
        "EBIT": 168,
        "Net Income": 70
    },
    "2009-01-31": {
        "Diluted EPS": 0.35,
        "Total Revenue": NaN,
        "Gross Profit": 839,
        "Operating Income": 380,
        "EBIT": 419,
        "Net Income": 232
    },
    "2023-07-31": {
        "Tax Effect Of Unusual Items": NaN,
        "Tax Rate For Calcs": NaN,
        "Normalized EBITDA": NaN,
        "Total Unusual Items": 0.0,
        "Total Unusual Items Excluding Goodwill": 0.0,
        "Net Income From Continuing Operation Net Minority Interest": NaN,
        "Reconciled Depreciation": NaN,
        "Reconciled Cost Of Revenue": NaN,
        "EBITDA": NaN,
        "EBIT": NaN,
        "Net Interest Income": NaN,
        "Interest Income": NaN,
        "Normalized Income": NaN,
        "Net Income From Continuing And Discontinued Operation": NaN,
        "Total Expenses": NaN,
        "Total Operating Income As Reported": NaN,
        "Diluted Average Shares": 304800000.0,
        "Basic Average Shares": 304800000.0,
        "Diluted EPS": -0.01,
        "Basic EPS": -0.01,
        "Diluted NI Availto Com Stockholders": NaN,
        "Net Income Common Stockholders": NaN,
        "Net Income": NaN,
        "Net Income Including Noncontrolling Interests": NaN,
        "Net Income Continuous Operations": NaN,
        "Tax Provision": NaN,
        "Pretax Income": NaN,
        "Other Income Expense": 2000000.0,
        "Other Non Operating Income Expenses": 2000000.0,
        "Special Income Charges": 0.0,
        "Write Off": 0.0,
        "Impairment Of Capital Assets": 0.0,
        "Net Non Operating Interest Income Expense": NaN,
        "Total Other Finance Cost": -11600000.0,
        "Interest Income Non Operating": NaN,
        "Operating Income": NaN,
        "Operating Expense": NaN,
        "Selling General And Administration": NaN,
        "Gross Profit": NaN,
        "Cost Of Revenue": NaN,
        "Total Revenue": NaN,
        "Operating Revenue": NaN
    },
    "2023-10-31": {
        "Tax Effect Of Unusual Items": 0.0,
        "Tax Rate For Calcs": 0.279,
        "Normalized EBITDA": -3400000.0,
        "Total Unusual Items": 0.0,
        "Total Unusual Items Excluding Goodwill": 0.0,
        "Net Income From Continuing Operation Net Minority Interest": -3100000.0,
        "Reconciled Depreciation": 11300000.0,
        "Reconciled Cost Of Revenue": 796500000.0,
        "EBITDA": -3400000.0,
        "EBIT": -14700000.0,
        "Net Interest Income": 12900000.0,
        "Interest Income": NaN,
        "Normalized Income": -3100000.0,
        "Net Income From Continuing And Discontinued Operation": -3100000.0,
        "Total Expenses": 1093000000.0,
        "Total Operating Income As Reported": -14700000.0,
        "Diluted Average Shares": 305300000.0,
        "Basic Average Shares": 305300000.0,
        "Diluted EPS": -0.01,
        "Basic EPS": -0.01,
        "Diluted NI Availto Com Stockholders": -3100000.0,
        "Net Income Common Stockholders": -3100000.0,
        "Net Income": -3100000.0,
        "Net Income Including Noncontrolling Interests": -3100000.0,
        "Net Income Continuous Operations": -3100000.0,
        "Tax Provision": -1200000.0,
        "Pretax Income": -4300000.0,
        "Other Income Expense": -2500000.0,
        "Other Non Operating Income Expenses": -2500000.0,
        "Special Income Charges": 0.0,
        "Write Off": 0.0,
        "Net Non Operating Interest Income Expense": 12900000.0,
        "Total Other Finance Cost": NaN,
        "Interest Income Non Operating": NaN,
        "Operating Income": -14700000.0,
        "Operating Expense": 296500000.0,
        "Selling General And Administration": 296500000.0,
        "Gross Profit": 281800000.0,
        "Cost Of Revenue": 796500000.0,
        "Total Revenue": 1078300000.0,
        "Operating Revenue": 1078300000.0
    },
    "2024-01-31": {
        "Tax Effect Of Unusual Items": -534084.507042,
        "Tax Rate For Calcs": 0.111268,
        "Normalized EBITDA": 83400000.0,
        "Total Unusual Items": -4800000.0,
        "Total Unusual Items Excluding Goodwill": -4800000.0,
        "Net Income From Continuing Operation Net Minority Interest": 63100000.0,
        "Reconciled Depreciation": 18600000.0,
        "Reconciled Cost Of Revenue": 1374400000.0,
        "EBITDA": 78600000.0,
        "EBIT": 60000000.0,
        "Net Interest Income": 15300000.0,
        "Interest Income": 15300000.0,
        "Normalized Income": 67365915.492958,
        "Net Income From Continuing And Discontinued Operation": 63100000.0,
        "Total Expenses": 1733600000.0,
        "Total Operating Income As Reported": 55200000.0,
        "Diluted Average Shares": NaN,
        "Basic Average Shares": NaN,
        "Diluted EPS": NaN,
        "Basic EPS": NaN,
        "Diluted NI Availto Com Stockholders": 63100000.0,
        "Net Income Common Stockholders": 63100000.0,
        "Net Income": 63100000.0,
        "Net Income Including Noncontrolling Interests": 63100000.0,
        "Net Income Continuous Operations": 63100000.0,
        "Tax Provision": 7900000.0,
        "Pretax Income": 71000000.0,
        "Other Income Expense": -4300000.0,
        "Other Non Operating Income Expenses": 500000.0,
        "Special Income Charges": -4800000.0,
        "Write Off": 4800000.0,
        "Net Non Operating Interest Income Expense": 15300000.0,
        "Total Other Finance Cost": NaN,
        "Interest Income Non Operating": 15300000.0,
        "Operating Income": 60000000.0,
        "Operating Expense": 359200000.0,
        "Selling General And Administration": 359200000.0,
        "Gross Profit": 419200000.0,
        "Cost Of Revenue": 1374400000.0,
        "Total Revenue": 1793600000.0,
        "Operating Revenue": 1793600000.0
    },
    "2024-07-31": {
        "Tax Effect Of Unusual Items": 0.0,
        "Tax Rate For Calcs": 0.154,
        "Normalized EBITDA": -14400000.0,
        "Total Unusual Items": NaN,
        "Total Unusual Items Excluding Goodwill": NaN,
        "Net Income From Continuing Operation Net Minority Interest": 14800000.0,
        "Reconciled Depreciation": 7600000.0,
        "Reconciled Cost Of Revenue": 549500000.0,
        "EBITDA": -14400000.0,
        "EBIT": -22000000.0,
        "Net Interest Income": 39500000.0,
        "Interest Income": 39500000.0,
        "Normalized Income": 14800000.0,
        "Net Income From Continuing And Discontinued Operation": 14800000.0,
        "Total Expenses": 820300000.0,
        "Total Operating Income As Reported": -22000000.0,
        "Diluted Average Shares": 387200000.0,
        "Basic Average Shares": 386400000.0,
        "Diluted EPS": 0.04,
        "Basic EPS": 0.04,
        "Diluted NI Availto Com Stockholders": 14800000.0,
        "Net Income Common Stockholders": 14800000.0,
        "Net Income": 14800000.0,
        "Net Income Including Noncontrolling Interests": 14800000.0,
        "Net Income Continuous Operations": 14800000.0,
        "Tax Provision": 2700000.0,
        "Pretax Income": 17500000.0,
        "Other Income Expense": NaN,
        "Other Non Operating Income Expenses": NaN,
        "Special Income Charges": NaN,
        "Write Off": NaN,
        "Net Non Operating Interest Income Expense": 39500000.0,
        "Total Other Finance Cost": -39500000.0,
        "Interest Income Non Operating": 39500000.0,
        "Operating Income": -22000000.0,
        "Operating Expense": 270800000.0,
        "Selling General And Administration": 270800000.0,
        "Gross Profit": 248800000.0,
        "Cost Of Revenue": 549500000.0,
        "Total Revenue": 798300000.0,
        "Operating Revenue": 798300000.0
    },
    "2024-10-31": {
        "Tax Effect Of Unusual Items": -1401800.0,
        "Tax Rate For Calcs": 0.163,
        "Normalized EBITDA": -7700000.0,
        "Total Unusual Items": -8600000.0,
        "Total Unusual Items Excluding Goodwill": -8600000.0,
        "Net Income From Continuing Operation Net Minority Interest": 17400000.0,
        "Reconciled Depreciation": 8500000.0,
        "Reconciled Cost Of Revenue": 603100000.0,
        "EBITDA": -16300000.0,
        "EBIT": -24800000.0,
        "Net Interest Income": 54200000.0,
        "Interest Income": 54200000.0,
        "Normalized Income": 24598200.0,
        "Net Income From Continuing And Discontinued Operation": 17400000.0,
        "Total Expenses": 885100000.0,
        "Total Operating Income As Reported": -33400000.0,
        "Diluted Average Shares": 437900000.0,
        "Basic Average Shares": 437400000.0,
        "Diluted EPS": 0.04,
        "Basic EPS": 0.04,
        "Diluted NI Availto Com Stockholders": 17400000.0,
        "Net Income Common Stockholders": 17400000.0,
        "Net Income": 17400000.0,
        "Net Income Including Noncontrolling Interests": 17400000.0,
        "Net Income Continuous Operations": 17400000.0,
        "Tax Provision": 3400000.0,
        "Pretax Income": 20800000.0,
        "Other Income Expense": -8600000.0,
        "Other Non Operating Income Expenses": NaN,
        "Special Income Charges": -8600000.0,
        "Write Off": 8600000.0,
        "Net Non Operating Interest Income Expense": 54200000.0,
        "Total Other Finance Cost": NaN,
        "Interest Income Non Operating": 54200000.0,
        "Operating Income": -24800000.0,
        "Operating Expense": 282000000.0,
        "Selling General And Administration": 282000000.0,
        "Gross Profit": 257200000.0,
        "Cost Of Revenue": 603100000.0,
        "Total Revenue": 860300000.0,
        "Operating Revenue": 860300000.0
    },
    "2024-04-30": {
        "Tax Effect Of Unusual Items": NaN,
        "Tax Rate For Calcs": NaN,
        "Normalized EBITDA": NaN,
        "Total Unusual Items": NaN,
        "Total Unusual Items Excluding Goodwill": NaN,
        "Net Income From Continuing Operation Net Minority Interest": NaN,
        "Reconciled Depreciation": NaN,
        "Reconciled Cost Of Revenue": NaN,
        "EBITDA": NaN,
        "EBIT": NaN,
        "Net Interest Income": NaN,
        "Interest Income": 14900000.0,
        "Normalized Income": NaN,
        "Net Income From Continuing And Discontinued Operation": NaN,
        "Total Expenses": NaN,
        "Total Operating Income As Reported": NaN,
        "Diluted Average Shares": NaN,
        "Basic Average Shares": NaN,
        "Diluted EPS": NaN,
        "Basic EPS": NaN,
        "Diluted NI Availto Com Stockholders": NaN,
        "Net Income Common Stockholders": NaN,
        "Net Income": NaN,
        "Net Income Including Noncontrolling Interests": NaN,
        "Net Income Continuous Operations": NaN,
        "Tax Provision": NaN,
        "Pretax Income": NaN,
        "Other Income Expense": NaN,
        "Other Non Operating Income Expenses": NaN,
        "Special Income Charges": NaN,
        "Write Off": NaN,
        "Net Non Operating Interest Income Expense": NaN,
        "Total Other Finance Cost": NaN,
        "Interest Income Non Operating": 14900000.0,
        "Operating Income": NaN,
        "Operating Expense": NaN,
        "Selling General And Administration": NaN,
        "Gross Profit": NaN,
        "Cost Of Revenue": NaN,
        "Total Revenue": NaN,
        "Operating Revenue": NaN
    },
    "2025-01-31": {
        "Tax Effect Of Unusual Items": -26968.796434,
        "Tax Rate For Calcs": 0.024517,
        "Normalized EBITDA": 88000000.0,
        "Total Unusual Items": -1100000.0,
        "Total Unusual Items Excluding Goodwill": -1100000.0,
        "Net Income From Continuing Operation Net Minority Interest": 131300000.0,
        "Reconciled Depreciation": 6000000.0,
        "Reconciled Cost Of Revenue": 919200000.0,
        "EBITDA": 86900000.0,
        "EBIT": 80900000.0,
        "Net Interest Income": 54800000.0,
        "Interest Income": 54800000.0,
        "Normalized Income": 132373031.203566,
        "Net Income From Continuing And Discontinued Operation": 131300000.0,
        "Total Expenses": 1201700000.0,
        "Total Operating Income As Reported": 79800000.0,
        "Diluted Average Shares": 447700000.0,
        "Basic Average Shares": 446900000.0,
        "Diluted EPS": 0.29,
        "Basic EPS": 0.29,
        "Diluted NI Availto Com Stockholders": 131300000.0,
        "Net Income Common Stockholders": 131300000.0,
        "Net Income": 131300000.0,
        "Net Income Including Noncontrolling Interests": 131300000.0,
        "Net Income Continuous Operations": 131300000.0,
        "Tax Provision": 3300000.0,
        "Pretax Income": 134600000.0,
        "Other Income Expense": -1100000.0,
        "Other Non Operating Income Expenses": NaN,
        "Special Income Charges": -1100000.0,
        "Write Off": 1100000.0,
        "Net Non Operating Interest Income Expense": 54800000.0,
        "Total Other Finance Cost": NaN,
        "Interest Income Non Operating": 54800000.0,
        "Operating Income": 80900000.0,
        "Operating Expense": 282500000.0,
        "Selling General And Administration": 282500000.0,
        "Gross Profit": 363400000.0,
        "Cost Of Revenue": 919200000.0,
        "Total Revenue": 1282600000.0,
        "Operating Revenue": 1282600000.0
    }
}