{
    "2023-03-31": {
        "Tax Effect Of Unusual Items": NaN,
        "Tax Rate For Calcs": NaN,
        "Normalized EBITDA": NaN,
        "Total Unusual Items": NaN,
        "Total Unusual Items Excluding Goodwill": NaN,
        "Net Income From Continuing Operation Net Minority Interest": NaN,
        "Reconciled Depreciation": NaN,
        "EBITDA": NaN,
        "EBIT": NaN,
        "Net Interest Income": NaN,
        "Interest Income": NaN,
        "Normalized Income": NaN,
        "Net Income From Continuing And Discontinued Operation": NaN,
        "Total Expenses": NaN,
        "Total Operating Income As Reported": NaN,
        "Diluted Average Shares": 1236822.0,
        "Basic Average Shares": 1236822.0,
        "Diluted EPS": -7.44,
        "Basic EPS": -7.44,
        "Diluted NI Availto Com Stockholders": NaN,
        "Net Income Common Stockholders": NaN,
        "Net Income": NaN,
        "Net Income Including Noncontrolling Interests": NaN,
        "Net Income Continuous Operations": NaN,
        "Pretax Income": NaN,
        "Other Income Expense": -6691.0,
        "Other Non Operating Income Expenses": -6691.0,
        "Gain On Sale Of Security": NaN,
        "Net Non Operating Interest Income Expense": NaN,
        "Interest Income Non Operating": NaN,
        "Operating Income": NaN,
        "Operating Expense": NaN,
        "Depreciation Amortization Depletion Income Statement": NaN,
        "Depreciation And Amortization In Income Statement": NaN,
        "Depreciation Income Statement": NaN,
        "Research And Development": NaN,
        "Selling General And Administration": NaN,
        "General And Administrative Expense": NaN,
        "Other Gand A": NaN,
        "Total Revenue": NaN,
        "Operating Revenue": NaN
    },
    "2022-12-31": {
        "Tax Effect Of Unusual Items": 0.0,
        "Tax Rate For Calcs": 0.0,
        "Normalized EBITDA": -6815555.0,
        "Total Unusual Items": NaN,
        "Total Unusual Items Excluding Goodwill": NaN,
        "Net Income From Continuing Operation Net Minority Interest": -6766034.0,
        "Reconciled Depreciation": 6077.0,
        "EBITDA": -6815555.0,
        "EBIT": -6821632.0,
        "Net Interest Income": 55598.0,
        "Interest Income": 55598.0,
        "Normalized Income": -6766034.0,
        "Net Income From Continuing And Discontinued Operation": -6766034.0,
        "Total Expenses": 6821632.0,
        "Total Operating Income As Reported": -6821632.0,
        "Diluted Average Shares": NaN,
        "Basic Average Shares": NaN,
        "Diluted EPS": NaN,
        "Basic EPS": NaN,
        "Diluted NI Availto Com Stockholders": -6766034.0,
        "Net Income Common Stockholders": -6766034.0,
        "Net Income": -6766034.0,
        "Net Income Including Noncontrolling Interests": -6766034.0,
        "Net Income Continuous Operations": -6766034.0,
        "Pretax Income": -6766034.0,
        "Other Income Expense": NaN,
        "Gain On Sale Of Security": NaN,
        "Net Non Operating Interest Income Expense": 55598.0,
        "Interest Income Non Operating": 55598.0,
        "Operating Income": -6821632.0,
        "Operating Expense": 6821632.0,
        "Depreciation Amortization Depletion Income Statement": 6077.0,
        "Depreciation And Amortization In Income Statement": 6077.0,
        "Depreciation Income Statement": 6077.0,
        "Research And Development": 3318902.0,
        "Selling General And Administration": 3496653.0,
        "General And Administrative Expense": 3496653.0,
        "Other Gand A": 3496653.0,
        "Total Revenue": 0.0,
        "Operating Revenue": 0.0
    },
    "2022-09-30": {
        "Tax Effect Of Unusual Items": NaN,
        "Tax Rate For Calcs": NaN,
        "Normalized EBITDA": NaN,
        "Total Unusual Items": NaN,
        "Total Unusual Items Excluding Goodwill": NaN,
        "Net Income From Continuing Operation Net Minority Interest": NaN,
        "Reconciled Depreciation": NaN,
        "EBITDA": NaN,
        "EBIT": NaN,
        "Net Interest Income": NaN,
        "Interest Income": NaN,
        "Normalized Income": NaN,
        "Net Income From Continuing And Discontinued Operation": NaN,
        "Total Expenses": NaN,
        "Total Operating Income As Reported": NaN,
        "Diluted Average Shares": 1199618.0,
        "Basic Average Shares": 1199618.0,
        "Diluted EPS": -5.2,
        "Basic EPS": -5.2,
        "Diluted NI Availto Com Stockholders": NaN,
        "Net Income Common Stockholders": NaN,
        "Net Income": NaN,
        "Net Income Including Noncontrolling Interests": NaN,
        "Net Income Continuous Operations": NaN,
        "Pretax Income": NaN,
        "Other Income Expense": NaN,
        "Other Non Operating Income Expenses": NaN,
        "Gain On Sale Of Security": NaN,
        "Net Non Operating Interest Income Expense": NaN,
        "Interest Income Non Operating": NaN,
        "Operating Income": NaN,
        "Operating Expense": NaN,
        "Depreciation Amortization Depletion Income Statement": NaN,
        "Depreciation And Amortization In Income Statement": NaN,
        "Depreciation Income Statement": NaN,
        "Research And Development": NaN,
        "Selling General And Administration": NaN,
        "General And Administrative Expense": NaN,
        "Other Gand A": NaN,
        "Total Revenue": NaN,
        "Operating Revenue": NaN
    },
    "2022-06-30": {
        "Tax Effect Of Unusual Items": 0.0,
        "Tax Rate For Calcs": 0.0,
        "Normalized EBITDA": -5168526.0,
        "Net Income From Continuing Operation Net Minority Interest": -5169326.0,
        "Reconciled Depreciation": 6544.0,
        "EBITDA": -5168526.0,
        "EBIT": -5175070.0,
        "Net Interest Income": 5744.0,
        "Interest Income": 5744.0,
        "Normalized Income": -5169326.0,
        "Net Income From Continuing And Discontinued Operation": -5169326.0,
        "Total Expenses": 5175070.0,
        "Total Operating Income As Reported": -5175070.0,
        "Diluted Average Shares": 47893404.0,
        "Basic Average Shares": 47893404.0,
        "Diluted EPS": -0.12,
        "Basic EPS": -0.12,
        "Diluted NI Availto Com Stockholders": -5169326.0,
        "Net Income Common Stockholders": -5169326.0,
        "Net Income": -5169326.0,
        "Net Income Including Noncontrolling Interests": -5169326.0,
        "Net Income Continuous Operations": -5169326.0,
        "Pretax Income": -5169326.0,
        "Net Non Operating Interest Income Expense": 5744.0,
        "Interest Income Non Operating": 5744.0,
        "Operating Income": -5175070.0,
        "Operating Expense": 5175070.0,
        "Depreciation Amortization Depletion Income Statement": 6543.0,
        "Depreciation And Amortization In Income Statement": 6543.0,
        "Depreciation Income Statement": 6543.0,
        "Research And Development": 2737028.0,
        "Selling General And Administration": 2431499.0,
        "General And Administrative Expense": 2431499.0,
        "Other Gand A": 2431499.0,
        "Total Revenue": 0.0,
        "Operating Revenue": 0.0
    },
    "2022-03-31": {
        "Diluted EPS": -0.11,
        "Total Revenue": NaN,
        "Gross Profit": NaN,
        "Operating Income": -5,
        "EBIT": -5,
        "Net Income": -5
    },
    "2021-12-31": {
        "Diluted EPS": -0.15,
        "Total Revenue": NaN,
        "Gross Profit": NaN,
        "Operating Income": -7,
        "EBIT": -7,
        "Net Income": -7
    },
    "2021-09-30": {
        "Diluted EPS": -0.07,
        "Total Revenue": NaN,
        "Gross Profit": NaN,
        "Operating Income": -3,
        "EBIT": -3,
        "Net Income": -3
    },
    "2021-06-30": {
        "Diluted EPS": -0.08,
        "Total Revenue": NaN,
        "Gross Profit": NaN,
        "Operating Income": -4,
        "EBIT": -4,
        "Net Income": -4
    },
    "2021-03-31": {
        "Diluted EPS": -0.14,
        "Total Revenue": NaN,
        "Gross Profit": NaN,
        "Operating Income": -6,
        "EBIT": -6,
        "Net Income": -6
    },
    "2020-12-31": {
        "Diluted EPS": -0.12,
        "Total Revenue": NaN,
        "Gross Profit": NaN,
        "Operating Income": -5,
        "EBIT": -5,
        "Net Income": -5
    },
    "2020-09-30": {
        "Diluted EPS": -0.07,
        "Total Revenue": NaN,
        "Gross Profit": NaN,
        "Operating Income": -3,
        "EBIT": -3,
        "Net Income": -3
    },
    "2020-06-30": {
        "Diluted EPS": -0.12,
        "Total Revenue": NaN,
        "Gross Profit": NaN,
        "Operating Income": -4,
        "EBIT": -4,
        "Net Income": -4
    },
    "2020-03-31": {
        "Diluted EPS": -0.2,
        "Total Revenue": NaN,
        "Gross Profit": NaN,
        "Operating Income": -6,
        "EBIT": -6,
        "Net Income": -6
    },
    "2019-12-31": {
        "Diluted EPS": -0.13,
        "Total Revenue": NaN,
        "Gross Profit": NaN,
        "Operating Income": -2,
        "EBIT": -2,
        "Net Income": -2
    },
    "2019-09-30": {
        "Diluted EPS": -0.15,
        "Total Revenue": NaN,
        "Gross Profit": NaN,
        "Operating Income": -2,
        "EBIT": -2,
        "Net Income": -2
    },
    "2019-06-30": {
        "Diluted EPS": -0.24,
        "Total Revenue": NaN,
        "Gross Profit": NaN,
        "Operating Income": -4,
        "EBIT": -4,
        "Net Income": -4
    },
    "2019-03-31": {
        "Diluted EPS": -0.14,
        "Total Revenue": NaN,
        "Gross Profit": NaN,
        "Operating Income": -2,
        "EBIT": -2,
        "Net Income": -2
    },
    "2018-12-31": {
        "Diluted EPS": -0.24,
        "Total Revenue": NaN,
        "Gross Profit": NaN,
        "Operating Income": -3,
        "EBIT": -3,
        "Net Income": -3
    },
    "2018-09-30": {
        "Diluted EPS": -0.15,
        "Total Revenue": NaN,
        "Gross Profit": NaN,
        "Operating Income": -2,
        "EBIT": -2,
        "Net Income": -2
    },
    "2018-06-30": {
        "Diluted EPS": -0.45,
        "Total Revenue": NaN,
        "Gross Profit": NaN,
        "Operating Income": -6,
        "EBIT": -6,
        "Net Income": -6
    },
    "2018-03-31": {
        "Diluted EPS": -0.06,
        "Total Revenue": NaN,
        "Gross Profit": NaN,
        "Operating Income": -1,
        "EBIT": -1,
        "Net Income": -1
    },
    "2017-12-31": {
        "Diluted EPS": -0.06,
        "Total Revenue": NaN,
        "Gross Profit": NaN,
        "Operating Income": -1,
        "EBIT": -1,
        "Net Income": -1
    },
    "2017-09-30": {
        "Diluted EPS": -0.06,
        "Total Revenue": NaN,
        "Gross Profit": NaN,
        "Operating Income": -1,
        "EBIT": -1,
        "Net Income": -1
    },
    "2017-06-30": {
        "Diluted EPS": -0.1,
        "Total Revenue": NaN,
        "Gross Profit": NaN,
        "Operating Income": -1,
        "EBIT": -1,
        "Net Income": -1
    },
    "2017-03-31": {
        "Diluted EPS": -0.07,
        "Total Revenue": NaN,
        "Gross Profit": NaN,
        "Operating Income": -1,
        "EBIT": -1,
        "Net Income": -1
    },
    "2016-12-31": {
        "Diluted EPS": 0.0,
        "Total Revenue": NaN,
        "Gross Profit": NaN,
        "Operating Income": NaN,
        "EBIT": NaN,
        "Net Income": NaN
    },
    "2016-09-30": {
        "Diluted EPS": -2.25,
        "Total Revenue": NaN,
        "Gross Profit": NaN,
        "Operating Income": -1,
        "EBIT": -1,
        "Net Income": -1
    },
    "2023-06-30": {
        "Tax Effect Of Unusual Items": NaN,
        "Tax Rate For Calcs": NaN,
        "Normalized EBITDA": NaN,
        "Total Unusual Items": NaN,
        "Total Unusual Items Excluding Goodwill": NaN,
        "Net Income From Continuing Operation Net Minority Interest": NaN,
        "Reconciled Depreciation": NaN,
        "EBITDA": NaN,
        "EBIT": NaN,
        "Net Interest Income": NaN,
        "Interest Income": NaN,
        "Normalized Income": NaN,
        "Net Income From Continuing And Discontinued Operation": NaN,
        "Total Expenses": NaN,
        "Total Operating Income As Reported": NaN,
        "Diluted Average Shares": 1299505.0,
        "Basic Average Shares": 1299505.0,
        "Diluted EPS": -6.14,
        "Basic EPS": -6.14,
        "Diluted NI Availto Com Stockholders": NaN,
        "Net Income Common Stockholders": NaN,
        "Net Income": NaN,
        "Net Income Including Noncontrolling Interests": NaN,
        "Net Income Continuous Operations": NaN,
        "Pretax Income": NaN,
        "Other Income Expense": 2208.0,
        "Other Non Operating Income Expenses": 2208.0,
        "Gain On Sale Of Security": NaN,
        "Net Non Operating Interest Income Expense": NaN,
        "Interest Income Non Operating": NaN,
        "Operating Income": NaN,
        "Operating Expense": NaN,
        "Depreciation Amortization Depletion Income Statement": NaN,
        "Depreciation And Amortization In Income Statement": NaN,
        "Depreciation Income Statement": NaN,
        "Research And Development": NaN,
        "Selling General And Administration": NaN,
        "General And Administrative Expense": NaN,
        "Other Gand A": NaN,
        "Total Revenue": NaN,
        "Operating Revenue": NaN
    },
    "2023-09-30": {
        "Tax Effect Of Unusual Items": NaN,
        "Tax Rate For Calcs": NaN,
        "Normalized EBITDA": NaN,
        "Total Unusual Items": -13307.0,
        "Total Unusual Items Excluding Goodwill": -13307.0,
        "Net Income From Continuing Operation Net Minority Interest": NaN,
        "Reconciled Depreciation": NaN,
        "EBITDA": NaN,
        "EBIT": NaN,
        "Net Interest Income": NaN,
        "Interest Income": NaN,
        "Normalized Income": NaN,
        "Net Income From Continuing And Discontinued Operation": NaN,
        "Total Expenses": NaN,
        "Total Operating Income As Reported": NaN,
        "Diluted Average Shares": 1445172.0,
        "Basic Average Shares": 1445172.0,
        "Diluted EPS": -5.36,
        "Basic EPS": -5.36,
        "Diluted NI Availto Com Stockholders": NaN,
        "Net Income Common Stockholders": NaN,
        "Net Income": NaN,
        "Net Income Including Noncontrolling Interests": NaN,
        "Net Income Continuous Operations": NaN,
        "Pretax Income": NaN,
        "Other Income Expense": -13307.0,
        "Other Non Operating Income Expenses": -13307.0,
        "Gain On Sale Of Security": -13307.0,
        "Net Non Operating Interest Income Expense": NaN,
        "Interest Income Non Operating": NaN,
        "Operating Income": NaN,
        "Operating Expense": NaN,
        "Depreciation Amortization Depletion Income Statement": NaN,
        "Depreciation And Amortization In Income Statement": NaN,
        "Depreciation Income Statement": NaN,
        "Research And Development": NaN,
        "Selling General And Administration": NaN,
        "General And Administrative Expense": NaN,
        "Other Gand A": NaN,
        "Total Revenue": NaN,
        "Operating Revenue": NaN
    },
    "2023-12-31": {
        "Tax Effect Of Unusual Items": 0.0,
        "Tax Rate For Calcs": 0.0,
        "Normalized EBITDA": -5983312.0,
        "Total Unusual Items": NaN,
        "Total Unusual Items Excluding Goodwill": NaN,
        "Net Income From Continuing Operation Net Minority Interest": -5929252.0,
        "Reconciled Depreciation": 3426.0,
        "EBITDA": -5983312.0,
        "EBIT": -5986738.0,
        "Net Interest Income": 39696.0,
        "Interest Income": 39696.0,
        "Normalized Income": -5929252.0,
        "Net Income From Continuing And Discontinued Operation": -5929252.0,
        "Total Expenses": 5986738.0,
        "Total Operating Income As Reported": -5986738.0,
        "Diluted Average Shares": NaN,
        "Basic Average Shares": NaN,
        "Diluted EPS": NaN,
        "Basic EPS": NaN,
        "Diluted NI Availto Com Stockholders": -5929252.0,
        "Net Income Common Stockholders": -5929252.0,
        "Net Income": -5929252.0,
        "Net Income Including Noncontrolling Interests": -5929252.0,
        "Net Income Continuous Operations": -5929252.0,
        "Pretax Income": -5929252.0,
        "Other Income Expense": NaN,
        "Other Non Operating Income Expenses": NaN,
        "Gain On Sale Of Security": NaN,
        "Net Non Operating Interest Income Expense": 39696.0,
        "Interest Income Non Operating": 39696.0,
        "Operating Income": -5986738.0,
        "Operating Expense": 5986738.0,
        "Depreciation Amortization Depletion Income Statement": 3426.0,
        "Depreciation And Amortization In Income Statement": 3426.0,
        "Depreciation Income Statement": 3426.0,
        "Research And Development": 3712994.0,
        "Selling General And Administration": 2270318.0,
        "General And Administrative Expense": 2270318.0,
        "Other Gand A": 2270318.0,
        "Total Revenue": 0.0,
        "Operating Revenue": 0.0
    },
    "2024-03-31": {
        "Tax Effect Of Unusual Items": 0.0,
        "Tax Rate For Calcs": 0.0,
        "Normalized EBITDA": -5994047.0,
        "Total Unusual Items": NaN,
        "Total Unusual Items Excluding Goodwill": NaN,
        "Net Income From Continuing Operation Net Minority Interest": -5968869.0,
        "Reconciled Depreciation": 2670.0,
        "EBITDA": -5994047.0,
        "EBIT": -5996717.0,
        "Net Interest Income": 27713.0,
        "Interest Income": 27713.0,
        "Normalized Income": -5968869.0,
        "Net Income From Continuing And Discontinued Operation": -5968869.0,
        "Total Expenses": 5996717.0,
        "Total Operating Income As Reported": -5996717.0,
        "Diluted Average Shares": 1618240.0,
        "Basic Average Shares": 1618240.0,
        "Diluted EPS": -3.69,
        "Basic EPS": -3.69,
        "Diluted NI Availto Com Stockholders": -5968869.0,
        "Net Income Common Stockholders": -5968869.0,
        "Net Income": -5968869.0,
        "Net Income Including Noncontrolling Interests": -5968869.0,
        "Net Income Continuous Operations": -5968869.0,
        "Pretax Income": -5968869.0,
        "Other Income Expense": 135.0,
        "Other Non Operating Income Expenses": 135.0,
        "Gain On Sale Of Security": NaN,
        "Net Non Operating Interest Income Expense": 27713.0,
        "Interest Income Non Operating": 27713.0,
        "Operating Income": -5996717.0,
        "Operating Expense": 5996717.0,
        "Depreciation Amortization Depletion Income Statement": 2670.0,
        "Depreciation And Amortization In Income Statement": 2670.0,
        "Depreciation Income Statement": 2670.0,
        "Research And Development": 3274380.0,
        "Selling General And Administration": 2719667.0,
        "General And Administrative Expense": 2719667.0,
        "Other Gand A": 2719667.0,
        "Total Revenue": 0.0,
        "Operating Revenue": 0.0
    },
    "2024-06-30": {
        "Tax Effect Of Unusual Items": 0.0,
        "Tax Rate For Calcs": 0.0,
        "Normalized EBITDA": -6515994.0,
        "Total Unusual Items": NaN,
        "Total Unusual Items Excluding Goodwill": NaN,
        "Net Income From Continuing Operation Net Minority Interest": -6495845.0,
        "Reconciled Depreciation": 2288.0,
        "EBITDA": -6515994.0,
        "EBIT": -6518282.0,
        "Net Interest Income": 23057.0,
        "Interest Income": 23057.0,
        "Normalized Income": -6495845.0,
        "Net Income From Continuing And Discontinued Operation": -6495845.0,
        "Total Expenses": 6518282.0,
        "Total Operating Income As Reported": -6518282.0,
        "Diluted Average Shares": 2161961.0,
        "Basic Average Shares": 2161961.0,
        "Diluted EPS": -3.0,
        "Basic EPS": -3.0,
        "Diluted NI Availto Com Stockholders": -6495845.0,
        "Net Income Common Stockholders": -6495845.0,
        "Net Income": -6495845.0,
        "Net Income Including Noncontrolling Interests": -6495845.0,
        "Net Income Continuous Operations": -6495845.0,
        "Pretax Income": -6495845.0,
        "Other Income Expense": -620.0,
        "Other Non Operating Income Expenses": -620.0,
        "Gain On Sale Of Security": NaN,
        "Net Non Operating Interest Income Expense": 23057.0,
        "Interest Income Non Operating": 23057.0,
        "Operating Income": -6518282.0,
        "Operating Expense": 6518282.0,
        "Depreciation Amortization Depletion Income Statement": 2288.0,
        "Depreciation And Amortization In Income Statement": 2288.0,
        "Depreciation Income Statement": 2288.0,
        "Research And Development": 1666522.0,
        "Selling General And Administration": 4849472.0,
        "General And Administrative Expense": 4849472.0,
        "Other Gand A": 4849472.0,
        "Total Revenue": 0.0,
        "Operating Revenue": 0.0
    },
    "2024-09-30": {
        "Tax Effect Of Unusual Items": 0.0,
        "Tax Rate For Calcs": 0.0,
        "Normalized EBITDA": -4322166.0,
        "Total Unusual Items": NaN,
        "Total Unusual Items Excluding Goodwill": NaN,
        "Net Income From Continuing Operation Net Minority Interest": -4315987.0,
        "Reconciled Depreciation": 1272.0,
        "EBITDA": -4322166.0,
        "EBIT": -4323438.0,
        "Net Interest Income": 8080.0,
        "Interest Income": 8080.0,
        "Normalized Income": -4315987.0,
        "Net Income From Continuing And Discontinued Operation": -4315987.0,
        "Total Expenses": 4323438.0,
        "Total Operating Income As Reported": -4323438.0,
        "Diluted Average Shares": 3499802.0,
        "Basic Average Shares": 3499802.0,
        "Diluted EPS": -1.23,
        "Basic EPS": -1.23,
        "Diluted NI Availto Com Stockholders": -4315987.0,
        "Net Income Common Stockholders": -4315987.0,
        "Net Income": -4315987.0,
        "Net Income Including Noncontrolling Interests": -4315987.0,
        "Net Income Continuous Operations": -4315987.0,
        "Pretax Income": -4315987.0,
        "Other Income Expense": -629.0,
        "Other Non Operating Income Expenses": -629.0,
        "Gain On Sale Of Security": NaN,
        "Net Non Operating Interest Income Expense": 8080.0,
        "Interest Income Non Operating": 8080.0,
        "Operating Income": -4323438.0,
        "Operating Expense": 4323438.0,
        "Depreciation Amortization Depletion Income Statement": 1272.0,
        "Depreciation And Amortization In Income Statement": 1272.0,
        "Depreciation Income Statement": 1272.0,
        "Research And Development": 2756081.0,
        "Selling General And Administration": 1566085.0,
        "General And Administrative Expense": 1566085.0,
        "Other Gand A": 1566085.0,
        "Total Revenue": 0.0,
        "Operating Revenue": 0.0
    },
    "2024-12-31": {
        "Tax Effect Of Unusual Items": 0.0,
        "Tax Rate For Calcs": 0.0,
        "Normalized EBITDA": -4335267.0,
        "Total Unusual Items": NaN,
        "Total Unusual Items Excluding Goodwill": NaN,
        "Net Income From Continuing Operation Net Minority Interest": -4330462.0,
        "Reconciled Depreciation": 463.0,
        "EBITDA": -4335267.0,
        "EBIT": -4335730.0,
        "Net Interest Income": 4723.0,
        "Interest Income": 4723.0,
        "Normalized Income": -4330462.0,
        "Net Income From Continuing And Discontinued Operation": -4330462.0,
        "Total Expenses": 4335730.0,
        "Total Operating Income As Reported": -4335730.0,
        "Diluted Average Shares": NaN,
        "Basic Average Shares": NaN,
        "Diluted EPS": NaN,
        "Basic EPS": NaN,
        "Diluted NI Availto Com Stockholders": -4330462.0,
        "Net Income Common Stockholders": -4330462.0,
        "Net Income": -4330462.0,
        "Net Income Including Noncontrolling Interests": -4330462.0,
        "Net Income Continuous Operations": -4330462.0,
        "Pretax Income": -4330462.0,
        "Other Income Expense": 545.0,
        "Other Non Operating Income Expenses": 545.0,
        "Gain On Sale Of Security": NaN,
        "Net Non Operating Interest Income Expense": 4723.0,
        "Interest Income Non Operating": 4723.0,
        "Operating Income": -4335730.0,
        "Operating Expense": 4335730.0,
        "Depreciation Amortization Depletion Income Statement": 463.0,
        "Depreciation And Amortization In Income Statement": 463.0,
        "Depreciation Income Statement": 463.0,
        "Research And Development": 2838464.0,
        "Selling General And Administration": 1496803.0,
        "General And Administrative Expense": 1496803.0,
        "Other Gand A": 1496803.0,
        "Total Revenue": 0.0,
        "Operating Revenue": 0.0
    }
}