{
    "2023-03-31": {
        "Tax Effect Of Unusual Items": NaN,
        "Tax Rate For Calcs": NaN,
        "Normalized EBITDA": NaN,
        "Total Unusual Items": NaN,
        "Total Unusual Items Excluding Goodwill": NaN,
        "Net Income From Continuing Operation Net Minority Interest": NaN,
        "Reconciled Depreciation": NaN,
        "Reconciled Cost Of Revenue": NaN,
        "EBITDA": NaN,
        "EBIT": NaN,
        "Net Interest Income": NaN,
        "Interest Expense": NaN,
        "Interest Income": NaN,
        "Normalized Income": NaN,
        "Net Income From Continuing And Discontinued Operation": NaN,
        "Total Expenses": NaN,
        "Total Operating Income As Reported": NaN,
        "Diluted Average Shares": NaN,
        "Basic Average Shares": NaN,
        "Diluted EPS": NaN,
        "Basic EPS": NaN,
        "Diluted NI Availto Com Stockholders": NaN,
        "Net Income Common Stockholders": NaN,
        "Net Income": NaN,
        "Net Income Including Noncontrolling Interests": NaN,
        "Net Income Continuous Operations": NaN,
        "Tax Provision": NaN,
        "Pretax Income": NaN,
        "Other Income Expense": -5340000.0,
        "Special Income Charges": NaN,
        "Other Special Charges": 5340000.0,
        "Net Non Operating Interest Income Expense": NaN,
        "Total Other Finance Cost": NaN,
        "Interest Expense Non Operating": NaN,
        "Interest Income Non Operating": NaN,
        "Operating Income": NaN,
        "Operating Expense": NaN,
        "Selling General And Administration": NaN,
        "General And Administrative Expense": 267725000.0,
        "Other Gand A": 267725000.0,
        "Gross Profit": NaN,
        "Cost Of Revenue": NaN,
        "Total Revenue": NaN,
        "Operating Revenue": NaN
    },
    "2022-12-31": {
        "Tax Effect Of Unusual Items": NaN,
        "Tax Rate For Calcs": NaN,
        "Normalized EBITDA": NaN,
        "Total Unusual Items": NaN,
        "Total Unusual Items Excluding Goodwill": NaN,
        "Net Income From Continuing Operation Net Minority Interest": NaN,
        "Reconciled Depreciation": NaN,
        "Reconciled Cost Of Revenue": NaN,
        "EBITDA": NaN,
        "EBIT": NaN,
        "Net Interest Income": NaN,
        "Interest Expense": NaN,
        "Interest Income": NaN,
        "Normalized Income": NaN,
        "Net Income From Continuing And Discontinued Operation": NaN,
        "Total Expenses": NaN,
        "Total Operating Income As Reported": NaN,
        "Diluted Average Shares": NaN,
        "Basic Average Shares": NaN,
        "Diluted EPS": NaN,
        "Basic EPS": NaN,
        "Diluted NI Availto Com Stockholders": NaN,
        "Net Income Common Stockholders": NaN,
        "Net Income": NaN,
        "Net Income Including Noncontrolling Interests": NaN,
        "Net Income Continuous Operations": NaN,
        "Tax Provision": NaN,
        "Pretax Income": NaN,
        "Other Income Expense": 0.0,
        "Special Income Charges": NaN,
        "Other Special Charges": 0.0,
        "Net Non Operating Interest Income Expense": NaN,
        "Total Other Finance Cost": NaN,
        "Interest Expense Non Operating": NaN,
        "Interest Income Non Operating": NaN,
        "Operating Income": NaN,
        "Operating Expense": NaN,
        "Depreciation Amortization Depletion Income Statement": 18776000.0,
        "Depreciation And Amortization In Income Statement": 18776000.0,
        "Selling General And Administration": NaN,
        "General And Administrative Expense": 238424000.0,
        "Other Gand A": 230231000.0,
        "Salaries And Wages": 8193000.0,
        "Gross Profit": NaN,
        "Cost Of Revenue": NaN,
        "Total Revenue": NaN,
        "Operating Revenue": NaN
    },
    "2022-09-30": {
        "Tax Effect Of Unusual Items": NaN,
        "Tax Rate For Calcs": NaN,
        "Normalized EBITDA": NaN,
        "Total Unusual Items": NaN,
        "Total Unusual Items Excluding Goodwill": NaN,
        "Net Income From Continuing Operation Net Minority Interest": NaN,
        "Reconciled Depreciation": NaN,
        "Reconciled Cost Of Revenue": NaN,
        "EBITDA": NaN,
        "EBIT": NaN,
        "Net Interest Income": NaN,
        "Interest Expense": NaN,
        "Interest Income": NaN,
        "Normalized Income": NaN,
        "Net Income From Continuing And Discontinued Operation": NaN,
        "Total Expenses": NaN,
        "Total Operating Income As Reported": NaN,
        "Diluted Average Shares": NaN,
        "Basic Average Shares": NaN,
        "Diluted EPS": NaN,
        "Basic EPS": NaN,
        "Diluted NI Availto Com Stockholders": NaN,
        "Net Income Common Stockholders": NaN,
        "Net Income": NaN,
        "Net Income Including Noncontrolling Interests": NaN,
        "Net Income Continuous Operations": NaN,
        "Tax Provision": NaN,
        "Pretax Income": NaN,
        "Other Income Expense": NaN,
        "Special Income Charges": NaN,
        "Other Special Charges": NaN,
        "Net Non Operating Interest Income Expense": NaN,
        "Total Other Finance Cost": NaN,
        "Interest Expense Non Operating": NaN,
        "Interest Income Non Operating": NaN,
        "Operating Income": NaN,
        "Operating Expense": NaN,
        "Depreciation Amortization Depletion Income Statement": 19406000.0,
        "Depreciation And Amortization In Income Statement": 19406000.0,
        "Selling General And Administration": NaN,
        "General And Administrative Expense": 236542000.0,
        "Other Gand A": 227458000.0,
        "Salaries And Wages": 9084000.0,
        "Gross Profit": NaN,
        "Cost Of Revenue": NaN,
        "Total Revenue": NaN,
        "Operating Revenue": NaN
    },
    "2022-06-30": {
        "Tax Effect Of Unusual Items": -97648.74552,
        "Tax Rate For Calcs": 0.076647,
        "Normalized EBITDA": 45702000.0,
        "Total Unusual Items": -1274000.0,
        "Total Unusual Items Excluding Goodwill": -1274000.0,
        "Net Income From Continuing Operation Net Minority Interest": 20094000.0,
        "Reconciled Depreciation": 18791000.0,
        "Reconciled Cost Of Revenue": 618248000.0,
        "EBITDA": 44428000.0,
        "EBIT": 25637000.0,
        "Net Interest Income": -3875000.0,
        "Interest Expense": 3875000.0,
        "Interest Income": 570000.0,
        "Normalized Income": 21270351.25448,
        "Net Income From Continuing And Discontinued Operation": 20094000.0,
        "Total Expenses": 870748000.0,
        "Total Operating Income As Reported": 26911000.0,
        "Diluted Average Shares": 100140000.0,
        "Basic Average Shares": 96578000.0,
        "Diluted EPS": 0.2,
        "Basic EPS": 0.21,
        "Diluted NI Availto Com Stockholders": 20094000.0,
        "Net Income Common Stockholders": 20094000.0,
        "Net Income": 20094000.0,
        "Net Income Including Noncontrolling Interests": 20094000.0,
        "Net Income Continuous Operations": 20094000.0,
        "Tax Provision": 1668000.0,
        "Pretax Income": 21762000.0,
        "Other Income Expense": -1274000.0,
        "Special Income Charges": -1274000.0,
        "Other Special Charges": 1274000.0,
        "Net Non Operating Interest Income Expense": -3875000.0,
        "Total Other Finance Cost": 562000.0,
        "Interest Expense Non Operating": 3875000.0,
        "Interest Income Non Operating": 570000.0,
        "Operating Income": 26911000.0,
        "Operating Expense": 252500000.0,
        "Depreciation Amortization Depletion Income Statement": 18791000.0,
        "Depreciation And Amortization In Income Statement": 18791000.0,
        "Selling General And Administration": 233709000.0,
        "General And Administrative Expense": 233709000.0,
        "Other Gand A": 224225000.0,
        "Salaries And Wages": 9484000.0,
        "Gross Profit": 279411000.0,
        "Cost Of Revenue": 618248000.0,
        "Total Revenue": 897659000.0,
        "Operating Revenue": 897659000.0
    },
    "2023-06-30": {
        "Tax Effect Of Unusual Items": 0.0,
        "Tax Rate For Calcs": 0.228,
        "Normalized EBITDA": 58780000.0,
        "Total Unusual Items": 0.0,
        "Total Unusual Items Excluding Goodwill": 0.0,
        "Net Income From Continuing Operation Net Minority Interest": 24471000.0,
        "Reconciled Depreciation": 21120000.0,
        "Reconciled Cost Of Revenue": 683685000.0,
        "EBITDA": 58780000.0,
        "EBIT": 37660000.0,
        "Net Interest Income": -4766000.0,
        "Interest Expense": 5945000.0,
        "Interest Income": 1406000.0,
        "Normalized Income": 24471000.0,
        "Net Income From Continuing And Discontinued Operation": 24471000.0,
        "Total Expenses": 973774000.0,
        "Total Operating Income As Reported": 36481000.0,
        "Diluted Average Shares": 100639000.0,
        "Basic Average Shares": 98515000.0,
        "Diluted EPS": 0.24,
        "Basic EPS": 0.25,
        "Diluted NI Availto Com Stockholders": 24471000.0,
        "Net Income Common Stockholders": 24471000.0,
        "Net Income": 24471000.0,
        "Net Income Including Noncontrolling Interests": 24471000.0,
        "Net Income Continuous Operations": 24471000.0,
        "Tax Provision": 7244000.0,
        "Pretax Income": 31715000.0,
        "Other Income Expense": NaN,
        "Special Income Charges": 0.0,
        "Other Special Charges": NaN,
        "Net Non Operating Interest Income Expense": -4766000.0,
        "Total Other Finance Cost": 227000.0,
        "Interest Expense Non Operating": 5945000.0,
        "Interest Income Non Operating": 1406000.0,
        "Operating Income": 36481000.0,
        "Operating Expense": 290089000.0,
        "Selling General And Administration": 290089000.0,
        "General And Administrative Expense": NaN,
        "Other Gand A": NaN,
        "Gross Profit": 326570000.0,
        "Cost Of Revenue": 683685000.0,
        "Total Revenue": 1010255000.0,
        "Operating Revenue": 1010255000.0
    },
    "2023-09-30": {
        "Tax Effect Of Unusual Items": NaN,
        "Tax Rate For Calcs": NaN,
        "Normalized EBITDA": NaN,
        "Total Unusual Items": NaN,
        "Total Unusual Items Excluding Goodwill": NaN,
        "Net Income From Continuing Operation Net Minority Interest": NaN,
        "Reconciled Depreciation": NaN,
        "Reconciled Cost Of Revenue": NaN,
        "EBITDA": NaN,
        "EBIT": NaN,
        "Net Interest Income": NaN,
        "Interest Expense": NaN,
        "Interest Income": NaN,
        "Normalized Income": NaN,
        "Net Income From Continuing And Discontinued Operation": NaN,
        "Total Expenses": NaN,
        "Total Operating Income As Reported": NaN,
        "Diluted Average Shares": 100973000.0,
        "Basic Average Shares": 99108000.0,
        "Diluted EPS": 0.27,
        "Basic EPS": 0.27,
        "Diluted NI Availto Com Stockholders": NaN,
        "Net Income Common Stockholders": NaN,
        "Net Income": NaN,
        "Net Income Including Noncontrolling Interests": NaN,
        "Net Income Continuous Operations": NaN,
        "Tax Provision": NaN,
        "Pretax Income": NaN,
        "Other Income Expense": NaN,
        "Special Income Charges": NaN,
        "Other Special Charges": NaN,
        "Net Non Operating Interest Income Expense": NaN,
        "Total Other Finance Cost": NaN,
        "Interest Expense Non Operating": NaN,
        "Interest Income Non Operating": NaN,
        "Operating Income": NaN,
        "Operating Expense": NaN,
        "Selling General And Administration": NaN,
        "General And Administrative Expense": NaN,
        "Other Gand A": NaN,
        "Gross Profit": NaN,
        "Cost Of Revenue": NaN,
        "Total Revenue": NaN,
        "Operating Revenue": NaN
    },
    "2023-12-31": {
        "Tax Effect Of Unusual Items": NaN,
        "Tax Rate For Calcs": NaN,
        "Normalized EBITDA": NaN,
        "Total Unusual Items": NaN,
        "Total Unusual Items Excluding Goodwill": NaN,
        "Net Income From Continuing Operation Net Minority Interest": NaN,
        "Reconciled Depreciation": NaN,
        "Reconciled Cost Of Revenue": NaN,
        "EBITDA": NaN,
        "EBIT": NaN,
        "Net Interest Income": NaN,
        "Interest Expense": NaN,
        "Interest Income": NaN,
        "Normalized Income": NaN,
        "Net Income From Continuing And Discontinued Operation": NaN,
        "Total Expenses": NaN,
        "Total Operating Income As Reported": NaN,
        "Diluted Average Shares": NaN,
        "Basic Average Shares": NaN,
        "Diluted EPS": NaN,
        "Basic EPS": NaN,
        "Diluted NI Availto Com Stockholders": NaN,
        "Net Income Common Stockholders": NaN,
        "Net Income": NaN,
        "Net Income Including Noncontrolling Interests": NaN,
        "Net Income Continuous Operations": NaN,
        "Tax Provision": NaN,
        "Pretax Income": NaN,
        "Other Income Expense": 0.0,
        "Special Income Charges": NaN,
        "Other Special Charges": 0.0,
        "Restructuring And Mergern Acquisition": NaN,
        "Net Non Operating Interest Income Expense": NaN,
        "Total Other Finance Cost": NaN,
        "Interest Expense Non Operating": NaN,
        "Interest Income Non Operating": NaN,
        "Operating Income": NaN,
        "Operating Expense": NaN,
        "Selling General And Administration": NaN,
        "General And Administrative Expense": NaN,
        "Other Gand A": NaN,
        "Gross Profit": NaN,
        "Cost Of Revenue": NaN,
        "Total Revenue": NaN,
        "Operating Revenue": NaN
    },
    "2024-03-31": {
        "Tax Effect Of Unusual Items": NaN,
        "Tax Rate For Calcs": NaN,
        "Normalized EBITDA": NaN,
        "Total Unusual Items": NaN,
        "Total Unusual Items Excluding Goodwill": NaN,
        "Net Income From Continuing Operation Net Minority Interest": NaN,
        "Reconciled Depreciation": NaN,
        "Reconciled Cost Of Revenue": NaN,
        "EBITDA": NaN,
        "EBIT": NaN,
        "Net Interest Income": NaN,
        "Interest Expense": NaN,
        "Interest Income": NaN,
        "Normalized Income": NaN,
        "Net Income From Continuing And Discontinued Operation": NaN,
        "Total Expenses": NaN,
        "Total Operating Income As Reported": NaN,
        "Diluted Average Shares": NaN,
        "Basic Average Shares": NaN,
        "Diluted EPS": NaN,
        "Basic EPS": NaN,
        "Diluted NI Availto Com Stockholders": NaN,
        "Net Income Common Stockholders": NaN,
        "Net Income": NaN,
        "Net Income Including Noncontrolling Interests": NaN,
        "Net Income Continuous Operations": NaN,
        "Tax Provision": NaN,
        "Pretax Income": NaN,
        "Other Income Expense": NaN,
        "Special Income Charges": NaN,
        "Other Special Charges": NaN,
        "Restructuring And Mergern Acquisition": 0.0,
        "Net Non Operating Interest Income Expense": NaN,
        "Total Other Finance Cost": NaN,
        "Interest Expense Non Operating": NaN,
        "Interest Income Non Operating": NaN,
        "Operating Income": NaN,
        "Operating Expense": NaN,
        "Selling General And Administration": NaN,
        "General And Administrative Expense": 303382000.0,
        "Other Gand A": 303382000.0,
        "Gross Profit": NaN,
        "Cost Of Revenue": NaN,
        "Total Revenue": NaN,
        "Operating Revenue": NaN
    },
    "2024-06-30": {
        "Tax Effect Of Unusual Items": 0.0,
        "Tax Rate For Calcs": 0.318553,
        "Normalized EBITDA": 53947000.0,
        "Total Unusual Items": 0.0,
        "Total Unusual Items Excluding Goodwill": 0.0,
        "Net Income From Continuing Operation Net Minority Interest": 14001000.0,
        "Reconciled Depreciation": 26545000.0,
        "Reconciled Cost Of Revenue": 779280000.0,
        "EBITDA": 53947000.0,
        "EBIT": 27402000.0,
        "Net Interest Income": -5559000.0,
        "Interest Expense": 6856000.0,
        "Interest Income": 1524000.0,
        "Normalized Income": 14001000.0,
        "Net Income From Continuing And Discontinued Operation": 14001000.0,
        "Total Expenses": 1102415000.0,
        "Total Operating Income As Reported": 26105000.0,
        "Diluted Average Shares": 100369000.0,
        "Basic Average Shares": 99542000.0,
        "Diluted EPS": 0.14,
        "Basic EPS": 0.14,
        "Diluted NI Availto Com Stockholders": 14001000.0,
        "Net Income Common Stockholders": 14001000.0,
        "Net Income": 14001000.0,
        "Net Income Including Noncontrolling Interests": 14001000.0,
        "Net Income Continuous Operations": 14001000.0,
        "Tax Provision": 6545000.0,
        "Pretax Income": 20546000.0,
        "Other Income Expense": NaN,
        "Special Income Charges": 0.0,
        "Other Special Charges": NaN,
        "Restructuring And Mergern Acquisition": 0.0,
        "Net Non Operating Interest Income Expense": -5559000.0,
        "Total Other Finance Cost": 227000.0,
        "Interest Expense Non Operating": 6856000.0,
        "Interest Income Non Operating": 1524000.0,
        "Operating Income": 26105000.0,
        "Operating Expense": 323135000.0,
        "Selling General And Administration": 323135000.0,
        "General And Administrative Expense": NaN,
        "Other Gand A": NaN,
        "Gross Profit": 349240000.0,
        "Cost Of Revenue": 779280000.0,
        "Total Revenue": 1128520000.0,
        "Operating Revenue": 1128520000.0
    },
    "2024-09-30": {
        "Tax Effect Of Unusual Items": 0.0,
        "Tax Rate For Calcs": 0.286,
        "Normalized EBITDA": 69263000.0,
        "Total Unusual Items": 0.0,
        "Total Unusual Items Excluding Goodwill": 0.0,
        "Net Income From Continuing Operation Net Minority Interest": 24178000.0,
        "Reconciled Depreciation": 27815000.0,
        "Reconciled Cost Of Revenue": 763311000.0,
        "EBITDA": 69263000.0,
        "EBIT": 41448000.0,
        "Net Interest Income": -6439000.0,
        "Interest Expense": 7601000.0,
        "Interest Income": 1390000.0,
        "Normalized Income": 24178000.0,
        "Net Income From Continuing And Discontinued Operation": 24178000.0,
        "Total Expenses": 1067897000.0,
        "Total Operating Income As Reported": 40286000.0,
        "Diluted Average Shares": 98933000.0,
        "Basic Average Shares": 98359000.0,
        "Diluted EPS": 0.24,
        "Basic EPS": 0.25,
        "Diluted NI Availto Com Stockholders": 24178000.0,
        "Net Income Common Stockholders": 24178000.0,
        "Net Income": 24178000.0,
        "Net Income Including Noncontrolling Interests": 24178000.0,
        "Net Income Continuous Operations": 24178000.0,
        "Tax Provision": 9669000.0,
        "Pretax Income": 33847000.0,
        "Other Income Expense": NaN,
        "Special Income Charges": 0.0,
        "Other Special Charges": NaN,
        "Restructuring And Mergern Acquisition": NaN,
        "Net Non Operating Interest Income Expense": -6439000.0,
        "Total Other Finance Cost": 228000.0,
        "Interest Expense Non Operating": 7601000.0,
        "Interest Income Non Operating": 1390000.0,
        "Operating Income": 40286000.0,
        "Operating Expense": 304586000.0,
        "Selling General And Administration": 304586000.0,
        "General And Administrative Expense": NaN,
        "Other Gand A": NaN,
        "Gross Profit": 344872000.0,
        "Cost Of Revenue": 763311000.0,
        "Total Revenue": 1108183000.0,
        "Operating Revenue": 1108183000.0
    },
    "2024-12-31": {
        "Tax Effect Of Unusual Items": 0.0,
        "Tax Rate For Calcs": 0.21,
        "Normalized EBITDA": 41420000.0,
        "Total Unusual Items": 0.0,
        "Total Unusual Items Excluding Goodwill": 0.0,
        "Net Income From Continuing Operation Net Minority Interest": 2311000.0,
        "Reconciled Depreciation": 28957000.0,
        "Reconciled Cost Of Revenue": 773974000.0,
        "EBITDA": 41420000.0,
        "EBIT": 12463000.0,
        "Net Interest Income": -6982000.0,
        "Interest Expense": 8072000.0,
        "Interest Income": 1317000.0,
        "Normalized Income": 2311000.0,
        "Net Income From Continuing And Discontinued Operation": 2311000.0,
        "Total Expenses": 1086481000.0,
        "Total Operating Income As Reported": 11373000.0,
        "Diluted Average Shares": 98021000.0,
        "Basic Average Shares": 97407000.0,
        "Diluted EPS": 0.02,
        "Basic EPS": 0.02,
        "Diluted NI Availto Com Stockholders": 2311000.0,
        "Net Income Common Stockholders": 2311000.0,
        "Net Income": 2311000.0,
        "Net Income Including Noncontrolling Interests": 2311000.0,
        "Net Income Continuous Operations": 2311000.0,
        "Tax Provision": 2080000.0,
        "Pretax Income": 4391000.0,
        "Other Income Expense": NaN,
        "Special Income Charges": 0.0,
        "Other Special Charges": NaN,
        "Restructuring And Mergern Acquisition": NaN,
        "Net Non Operating Interest Income Expense": -6982000.0,
        "Total Other Finance Cost": 227000.0,
        "Interest Expense Non Operating": 8072000.0,
        "Interest Income Non Operating": 1317000.0,
        "Operating Income": 11373000.0,
        "Operating Expense": 312507000.0,
        "Selling General And Administration": 312507000.0,
        "General And Administrative Expense": NaN,
        "Other Gand A": NaN,
        "Gross Profit": 323880000.0,
        "Cost Of Revenue": 773974000.0,
        "Total Revenue": 1097854000.0,
        "Operating Revenue": 1097854000.0
    },
    "2025-03-31": {
        "Tax Effect Of Unusual Items": -6673375.0,
        "Tax Rate For Calcs": 0.197,
        "Normalized EBITDA": 42326000.0,
        "Total Unusual Items": -33875000.0,
        "Total Unusual Items Excluding Goodwill": -33875000.0,
        "Net Income From Continuing Operation Net Minority Interest": -23317000.0,
        "Reconciled Depreciation": 29897000.0,
        "Reconciled Cost Of Revenue": 783122000.0,
        "EBITDA": 8451000.0,
        "EBIT": -21446000.0,
        "Net Interest Income": -6520000.0,
        "Interest Expense": 7582000.0,
        "Interest Income": 1290000.0,
        "Normalized Income": 3884625.0,
        "Net Income From Continuing And Discontinued Operation": -23317000.0,
        "Total Expenses": 1114200000.0,
        "Total Operating Income As Reported": -22508000.0,
        "Diluted Average Shares": 97521000.0,
        "Basic Average Shares": 97521000.0,
        "Diluted EPS": -0.24,
        "Basic EPS": -0.24,
        "Diluted NI Availto Com Stockholders": -23317000.0,
        "Net Income Common Stockholders": -23317000.0,
        "Net Income": -23317000.0,
        "Net Income Including Noncontrolling Interests": -23317000.0,
        "Net Income Continuous Operations": -23317000.0,
        "Tax Provision": -5711000.0,
        "Pretax Income": -29028000.0,
        "Other Income Expense": -33875000.0,
        "Special Income Charges": -33875000.0,
        "Other Special Charges": NaN,
        "Restructuring And Mergern Acquisition": 33875000.0,
        "Net Non Operating Interest Income Expense": -6520000.0,
        "Total Other Finance Cost": 228000.0,
        "Interest Expense Non Operating": 7582000.0,
        "Interest Income Non Operating": 1290000.0,
        "Operating Income": 11367000.0,
        "Operating Expense": 331078000.0,
        "Selling General And Administration": 331078000.0,
        "General And Administrative Expense": 331078000.0,
        "Other Gand A": 331078000.0,
        "Gross Profit": 342445000.0,
        "Cost Of Revenue": 783122000.0,
        "Total Revenue": 1125567000.0,
        "Operating Revenue": 1125567000.0
    },
    "2025-06-30": {
        "Tax Effect Of Unusual Items": -2269736.512524,
        "Tax Rate For Calcs": 0.203436,
        "Normalized EBITDA": 56268000.0,
        "Total Unusual Items": -11157000.0,
        "Total Unusual Items Excluding Goodwill": -11157000.0,
        "Net Income From Continuing Operation Net Minority Interest": 4961000.0,
        "Reconciled Depreciation": 31334000.0,
        "Reconciled Cost Of Revenue": 819079000.0,
        "EBITDA": 45111000.0,
        "EBIT": 13777000.0,
        "Net Interest Income": -6544000.0,
        "Interest Expense": 7549000.0,
        "Interest Income": 1232000.0,
        "Normalized Income": 13848263.487476,
        "Net Income From Continuing And Discontinued Operation": 4961000.0,
        "Total Expenses": 1155843000.0,
        "Total Operating Income As Reported": 12772000.0,
        "Diluted Average Shares": 98460000.0,
        "Basic Average Shares": 98081000.0,
        "Diluted EPS": 0.05,
        "Basic EPS": 0.05,
        "Diluted NI Availto Com Stockholders": 4961000.0,
        "Net Income Common Stockholders": 4961000.0,
        "Net Income": 4961000.0,
        "Net Income Including Noncontrolling Interests": 4961000.0,
        "Net Income Continuous Operations": 4961000.0,
        "Tax Provision": 1267000.0,
        "Pretax Income": 6228000.0,
        "Other Income Expense": -11157000.0,
        "Special Income Charges": -11157000.0,
        "Other Special Charges": NaN,
        "Restructuring And Mergern Acquisition": 11157000.0,
        "Net Non Operating Interest Income Expense": -6544000.0,
        "Total Other Finance Cost": 227000.0,
        "Interest Expense Non Operating": 7549000.0,
        "Interest Income Non Operating": 1232000.0,
        "Operating Income": 23929000.0,
        "Operating Expense": 336764000.0,
        "Selling General And Administration": 336764000.0,
        "General And Administrative Expense": NaN,
        "Other Gand A": NaN,
        "Gross Profit": 360693000.0,
        "Cost Of Revenue": 819079000.0,
        "Total Revenue": 1179772000.0,
        "Operating Revenue": 1179772000.0
    }
}