{
    "2023-03-31": {
        "Tax Effect Of Unusual Items": NaN,
        "Tax Rate For Calcs": NaN,
        "Normalized EBITDA": NaN,
        "Total Unusual Items": NaN,
        "Total Unusual Items Excluding Goodwill": NaN,
        "Net Income From Continuing Operation Net Minority Interest": NaN,
        "Reconciled Depreciation": NaN,
        "Reconciled Cost Of Revenue": NaN,
        "EBITDA": NaN,
        "EBIT": NaN,
        "Net Interest Income": NaN,
        "Interest Expense": NaN,
        "Interest Income": NaN,
        "Normalized Income": NaN,
        "Net Income From Continuing And Discontinued Operation": NaN,
        "Total Expenses": NaN,
        "Diluted Average Shares": NaN,
        "Basic Average Shares": NaN,
        "Diluted EPS": NaN,
        "Basic EPS": NaN,
        "Diluted NI Availto Com Stockholders": NaN,
        "Net Income Common Stockholders": NaN,
        "Net Income": NaN,
        "Minority Interests": NaN,
        "Net Income Including Noncontrolling Interests": NaN,
        "Net Income Continuous Operations": NaN,
        "Tax Provision": NaN,
        "Pretax Income": NaN,
        "Other Income Expense": NaN,
        "Other Non Operating Income Expenses": NaN,
        "Special Income Charges": NaN,
        "Gain On Sale Of Ppe": NaN,
        "Other Special Charges": NaN,
        "Write Off": NaN,
        "Impairment Of Capital Assets": 1000000.0,
        "Earnings From Equity Interest": NaN,
        "Gain On Sale Of Security": NaN,
        "Net Non Operating Interest Income Expense": NaN,
        "Total Other Finance Cost": NaN,
        "Interest Expense Non Operating": NaN,
        "Interest Income Non Operating": NaN,
        "Operating Income": NaN,
        "Operating Expense": NaN,
        "Other Operating Expenses": NaN,
        "Selling General And Administration": NaN,
        "General And Administrative Expense": NaN,
        "Other Gand A": NaN,
        "Salaries And Wages": NaN,
        "Gross Profit": NaN,
        "Cost Of Revenue": NaN,
        "Total Revenue": NaN,
        "Operating Revenue": NaN
    },
    "2022-12-31": {
        "Tax Effect Of Unusual Items": -189099260.823654,
        "Tax Rate For Calcs": 0.138332,
        "Normalized EBITDA": 1107000000.0,
        "Total Unusual Items": -1367000000.0,
        "Total Unusual Items Excluding Goodwill": -1367000000.0,
        "Net Income From Continuing Operation Net Minority Interest": -735000000.0,
        "Reconciled Depreciation": 604000000.0,
        "Reconciled Cost Of Revenue": 2093000000.0,
        "EBITDA": -260000000.0,
        "EBIT": -864000000.0,
        "Net Interest Income": -38000000.0,
        "Interest Expense": 83000000.0,
        "Interest Income": -50000000.0,
        "Normalized Income": 442900739.176346,
        "Net Income From Continuing And Discontinued Operation": -735000000.0,
        "Total Expenses": 2322000000.0,
        "Diluted Average Shares": NaN,
        "Basic Average Shares": NaN,
        "Diluted EPS": NaN,
        "Basic EPS": NaN,
        "Diluted NI Availto Com Stockholders": -735000000.0,
        "Net Income Common Stockholders": -735000000.0,
        "Net Income": -735000000.0,
        "Minority Interests": 81000000.0,
        "Net Income Including Noncontrolling Interests": -816000000.0,
        "Net Income Continuous Operations": -816000000.0,
        "Tax Provision": -131000000.0,
        "Pretax Income": -947000000.0,
        "Other Income Expense": -1361000000.0,
        "Other Non Operating Income Expenses": -12000000.0,
        "Special Income Charges": -1367000000.0,
        "Gain On Sale Of Ppe": 319000000.0,
        "Other Special Charges": 41000000.0,
        "Write Off": 457000000.0,
        "Impairment Of Capital Assets": NaN,
        "Earnings From Equity Interest": 18000000.0,
        "Gain On Sale Of Security": 0.0,
        "Net Non Operating Interest Income Expense": -38000000.0,
        "Total Other Finance Cost": -95000000.0,
        "Interest Expense Non Operating": 83000000.0,
        "Interest Income Non Operating": -50000000.0,
        "Operating Income": 452000000.0,
        "Operating Expense": 229000000.0,
        "Other Operating Expenses": 155000000.0,
        "Selling General And Administration": 49000000.0,
        "General And Administrative Expense": 49000000.0,
        "Other Gand A": 33000000.0,
        "Salaries And Wages": 16000000.0,
        "Gross Profit": 681000000.0,
        "Cost Of Revenue": 2093000000.0,
        "Total Revenue": 2774000000.0,
        "Operating Revenue": 2774000000.0
    },
    "2022-09-30": {
        "Tax Effect Of Unusual Items": NaN,
        "Tax Rate For Calcs": NaN,
        "Normalized EBITDA": NaN,
        "Total Unusual Items": NaN,
        "Total Unusual Items Excluding Goodwill": NaN,
        "Net Income From Continuing Operation Net Minority Interest": NaN,
        "Reconciled Depreciation": NaN,
        "Reconciled Cost Of Revenue": NaN,
        "EBITDA": NaN,
        "EBIT": NaN,
        "Net Interest Income": NaN,
        "Interest Expense": NaN,
        "Interest Income": NaN,
        "Normalized Income": NaN,
        "Net Income From Continuing And Discontinued Operation": NaN,
        "Total Expenses": NaN,
        "Diluted Average Shares": 1768000000.0,
        "Basic Average Shares": 1768000000.0,
        "Diluted EPS": 0.14,
        "Basic EPS": 0.14,
        "Diluted NI Availto Com Stockholders": NaN,
        "Net Income Common Stockholders": NaN,
        "Net Income": NaN,
        "Minority Interests": NaN,
        "Net Income Including Noncontrolling Interests": NaN,
        "Net Income Continuous Operations": NaN,
        "Tax Provision": NaN,
        "Pretax Income": NaN,
        "Other Income Expense": NaN,
        "Other Non Operating Income Expenses": NaN,
        "Special Income Charges": NaN,
        "Gain On Sale Of Ppe": NaN,
        "Other Special Charges": NaN,
        "Write Off": NaN,
        "Impairment Of Capital Assets": NaN,
        "Earnings From Equity Interest": NaN,
        "Gain On Sale Of Security": NaN,
        "Net Non Operating Interest Income Expense": NaN,
        "Total Other Finance Cost": NaN,
        "Interest Expense Non Operating": NaN,
        "Interest Income Non Operating": NaN,
        "Operating Income": NaN,
        "Operating Expense": NaN,
        "Other Operating Expenses": NaN,
        "Selling General And Administration": NaN,
        "General And Administrative Expense": NaN,
        "Other Gand A": NaN,
        "Salaries And Wages": NaN,
        "Gross Profit": NaN,
        "Cost Of Revenue": NaN,
        "Total Revenue": NaN,
        "Operating Revenue": NaN
    },
    "2022-06-30": {
        "Tax Effect Of Unusual Items": 2800000.0,
        "Tax Rate For Calcs": 0.28,
        "Normalized EBITDA": 1547000000.0,
        "Total Unusual Items": 10000000.0,
        "Total Unusual Items Excluding Goodwill": 10000000.0,
        "Net Income From Continuing Operation Net Minority Interest": 488000000.0,
        "Reconciled Depreciation": 476000000.0,
        "Reconciled Cost Of Revenue": 1850000000.0,
        "EBITDA": 1557000000.0,
        "EBIT": 1081000000.0,
        "Net Interest Income": -70000000.0,
        "Interest Expense": 85000000.0,
        "Interest Income": 3000000.0,
        "Normalized Income": 480800000.0,
        "Net Income From Continuing And Discontinued Operation": 488000000.0,
        "Total Expenses": 1882000000.0,
        "Diluted Average Shares": 1777000000.0,
        "Basic Average Shares": 1777000000.0,
        "Diluted EPS": 0.27,
        "Basic EPS": 0.27,
        "Diluted NI Availto Com Stockholders": 488000000.0,
        "Net Income Common Stockholders": 488000000.0,
        "Net Income": 488000000.0,
        "Minority Interests": -229000000.0,
        "Net Income Including Noncontrolling Interests": 717000000.0,
        "Net Income Continuous Operations": 717000000.0,
        "Tax Provision": 279000000.0,
        "Pretax Income": 996000000.0,
        "Other Income Expense": 89000000.0,
        "Other Non Operating Income Expenses": -10000000.0,
        "Special Income Charges": 14000000.0,
        "Gain On Sale Of Ppe": 20000000.0,
        "Other Special Charges": 3000000.0,
        "Write Off": 3000000.0,
        "Impairment Of Capital Assets": NaN,
        "Earnings From Equity Interest": 89000000.0,
        "Gain On Sale Of Security": -4000000.0,
        "Net Non Operating Interest Income Expense": -70000000.0,
        "Total Other Finance Cost": -12000000.0,
        "Interest Expense Non Operating": 85000000.0,
        "Interest Income Non Operating": 3000000.0,
        "Operating Income": 977000000.0,
        "Operating Expense": 32000000.0,
        "Other Operating Expenses": -12000000.0,
        "Selling General And Administration": 30000000.0,
        "General And Administrative Expense": 30000000.0,
        "Other Gand A": 25000000.0,
        "Salaries And Wages": 5000000.0,
        "Gross Profit": 1009000000.0,
        "Cost Of Revenue": 1850000000.0,
        "Total Revenue": 2859000000.0,
        "Operating Revenue": 2859000000.0
    },
    "2022-03-31": {
        "Diluted EPS": 0.25,
        "Total Revenue": NaN,
        "Gross Profit": NaN,
        "Operating Income": 999,
        "EBIT": NaN,
        "Net Income": 438
    },
    "2021-12-31": {
        "Diluted EPS": 0.41,
        "Total Revenue": NaN,
        "Gross Profit": NaN,
        "Operating Income": NaN,
        "EBIT": NaN,
        "Net Income": 726
    },
    "2021-09-30": {
        "Diluted EPS": 0.2,
        "Total Revenue": NaN,
        "Gross Profit": NaN,
        "Operating Income": 950,
        "EBIT": NaN,
        "Net Income": 347
    },
    "2021-06-30": {
        "Diluted EPS": 0.23,
        "Total Revenue": NaN,
        "Gross Profit": NaN,
        "Operating Income": NaN,
        "EBIT": NaN,
        "Net Income": 411
    },
    "2021-03-31": {
        "Diluted EPS": 0.3,
        "Total Revenue": NaN,
        "Gross Profit": NaN,
        "Operating Income": NaN,
        "EBIT": NaN,
        "Net Income": 538
    },
    "2020-12-31": {
        "Diluted EPS": 0.39,
        "Total Revenue": NaN,
        "Gross Profit": NaN,
        "Operating Income": NaN,
        "EBIT": NaN,
        "Net Income": 685
    },
    "2020-09-30": {
        "Diluted EPS": 0.5,
        "Total Revenue": NaN,
        "Gross Profit": NaN,
        "Operating Income": NaN,
        "EBIT": NaN,
        "Net Income": 882
    },
    "2020-06-30": {
        "Diluted EPS": 0.2,
        "Total Revenue": NaN,
        "Gross Profit": NaN,
        "Operating Income": 976,
        "EBIT": NaN,
        "Net Income": 357
    },
    "2020-03-31": {
        "Diluted EPS": 0.22,
        "Total Revenue": NaN,
        "Gross Profit": 945,
        "Operating Income": NaN,
        "EBIT": NaN,
        "Net Income": 400
    },
    "2019-12-31": {
        "Diluted EPS": 0.79,
        "Total Revenue": NaN,
        "Gross Profit": 896,
        "Operating Income": NaN,
        "EBIT": NaN,
        "Net Income": NaN
    },
    "2019-09-30": {
        "Diluted EPS": 1.3,
        "Total Revenue": NaN,
        "Gross Profit": 789,
        "Operating Income": NaN,
        "EBIT": NaN,
        "Net Income": NaN
    },
    "2019-06-30": {
        "Diluted EPS": 0.11,
        "Total Revenue": NaN,
        "Gross Profit": 518,
        "Operating Income": 333,
        "EBIT": 799,
        "Net Income": 194
    },
    "2019-03-31": {
        "Diluted EPS": 0.06,
        "Total Revenue": NaN,
        "Gross Profit": 603,
        "Operating Income": 421,
        "EBIT": 856,
        "Net Income": 111
    },
    "2018-12-31": {
        "Diluted EPS": -1.03,
        "Total Revenue": NaN,
        "Gross Profit": 327,
        "Operating Income": -251,
        "EBIT": -251,
        "Net Income": NaN
    },
    "2018-09-30": {
        "Diluted EPS": -0.35,
        "Total Revenue": NaN,
        "Gross Profit": 522,
        "Operating Income": -63,
        "EBIT": 300,
        "Net Income": -412
    },
    "2018-06-30": {
        "Diluted EPS": -0.08,
        "Total Revenue": NaN,
        "Gross Profit": 536,
        "Operating Income": 278,
        "EBIT": 606,
        "Net Income": -94
    },
    "2018-03-31": {
        "Diluted EPS": 0.14,
        "Total Revenue": NaN,
        "Gross Profit": 638,
        "Operating Income": 524,
        "EBIT": 849,
        "Net Income": 158
    },
    "2017-12-31": {
        "Diluted EPS": -0.27,
        "Total Revenue": NaN,
        "Gross Profit": 817,
        "Operating Income": -258,
        "EBIT": 176,
        "Net Income": -314
    },
    "2017-09-30": {
        "Diluted EPS": -0.01,
        "Total Revenue": NaN,
        "Gross Profit": 723,
        "Operating Income": 501,
        "EBIT": 891,
        "Net Income": -11
    },
    "2017-06-30": {
        "Diluted EPS": 0.93,
        "Total Revenue": NaN,
        "Gross Profit": 883,
        "Operating Income": 765,
        "EBIT": NaN,
        "Net Income": NaN
    },
    "2017-03-31": {
        "Diluted EPS": 0.58,
        "Total Revenue": NaN,
        "Gross Profit": 651,
        "Operating Income": NaN,
        "EBIT": NaN,
        "Net Income": 679
    },
    "2016-12-31": {
        "Diluted EPS": 0.36,
        "Total Revenue": NaN,
        "Gross Profit": 865,
        "Operating Income": 946,
        "EBIT": NaN,
        "Net Income": 425
    },
    "2016-09-30": {
        "Diluted EPS": 0.15,
        "Total Revenue": NaN,
        "Gross Profit": NaN,
        "Operating Income": 826,
        "EBIT": NaN,
        "Net Income": 175
    },
    "2016-06-30": {
        "Diluted EPS": 0.12,
        "Total Revenue": NaN,
        "Gross Profit": 676,
        "Operating Income": 539,
        "EBIT": 921,
        "Net Income": 138
    },
    "2016-03-31": {
        "Diluted EPS": -0.07,
        "Total Revenue": NaN,
        "Gross Profit": 606,
        "Operating Income": 469,
        "EBIT": 854,
        "Net Income": -83
    },
    "2015-12-31": {
        "Diluted EPS": -2.25,
        "Total Revenue": NaN,
        "Gross Profit": 470,
        "Operating Income": NaN,
        "EBIT": NaN,
        "Net Income": NaN
    },
    "2015-09-30": {
        "Diluted EPS": -0.23,
        "Total Revenue": NaN,
        "Gross Profit": 573,
        "Operating Income": -1,
        "EBIT": 431,
        "Net Income": -264
    },
    "2015-06-30": {
        "Diluted EPS": -0.01,
        "Total Revenue": NaN,
        "Gross Profit": 542,
        "Operating Income": 359,
        "EBIT": 778,
        "Net Income": -9
    },
    "2015-03-31": {
        "Diluted EPS": 0.05,
        "Total Revenue": NaN,
        "Gross Profit": 537,
        "Operating Income": 371,
        "EBIT": 792,
        "Net Income": 57
    },
    "2014-12-31": {
        "Diluted EPS": -2.46,
        "Total Revenue": NaN,
        "Gross Profit": 711,
        "Operating Income": NaN,
        "EBIT": NaN,
        "Net Income": NaN
    },
    "2014-09-30": {
        "Diluted EPS": 0.11,
        "Total Revenue": NaN,
        "Gross Profit": 943,
        "Operating Income": 729,
        "EBIT": NaN,
        "Net Income": 125
    },
    "2014-06-30": {
        "Diluted EPS": -0.23,
        "Total Revenue": NaN,
        "Gross Profit": 827,
        "Operating Income": 101,
        "EBIT": 501,
        "Net Income": -269
    },
    "2014-03-31": {
        "Diluted EPS": 0.08,
        "Total Revenue": NaN,
        "Gross Profit": 928,
        "Operating Income": 691,
        "EBIT": NaN,
        "Net Income": 88
    },
    "2013-12-31": {
        "Diluted EPS": -2.61,
        "Total Revenue": NaN,
        "Gross Profit": NaN,
        "Operating Income": NaN,
        "EBIT": NaN,
        "Net Income": NaN
    },
    "2013-09-30": {
        "Diluted EPS": 0.17,
        "Total Revenue": NaN,
        "Gross Profit": NaN,
        "Operating Income": 867,
        "EBIT": NaN,
        "Net Income": 172
    },
    "2013-06-30": {
        "Diluted EPS": -8.55,
        "Total Revenue": NaN,
        "Gross Profit": NaN,
        "Operating Income": NaN,
        "EBIT": NaN,
        "Net Income": NaN
    },
    "2013-03-31": {
        "Diluted EPS": 0.85,
        "Total Revenue": NaN,
        "Gross Profit": NaN,
        "Operating Income": NaN,
        "EBIT": NaN,
        "Net Income": 847
    },
    "2012-12-31": {
        "Diluted EPS": -3.02,
        "Total Revenue": NaN,
        "Gross Profit": NaN,
        "Operating Income": NaN,
        "EBIT": NaN,
        "Net Income": NaN
    },
    "2012-09-30": {
        "Diluted EPS": 0.65,
        "Total Revenue": NaN,
        "Gross Profit": NaN,
        "Operating Income": NaN,
        "EBIT": NaN,
        "Net Income": 649
    },
    "2012-06-30": {
        "Diluted EPS": 0.79,
        "Total Revenue": NaN,
        "Gross Profit": NaN,
        "Operating Income": NaN,
        "EBIT": NaN,
        "Net Income": 787
    },
    "2012-03-31": {
        "Diluted EPS": 1.04,
        "Total Revenue": NaN,
        "Gross Profit": NaN,
        "Operating Income": NaN,
        "EBIT": NaN,
        "Net Income": NaN
    },
    "2011-12-31": {
        "Diluted EPS": 0.96,
        "Total Revenue": NaN,
        "Gross Profit": NaN,
        "Operating Income": NaN,
        "EBIT": NaN,
        "Net Income": 959
    },
    "2011-09-30": {
        "Diluted EPS": 1.36,
        "Total Revenue": NaN,
        "Gross Profit": NaN,
        "Operating Income": NaN,
        "EBIT": NaN,
        "Net Income": NaN
    },
    "2011-06-30": {
        "Diluted EPS": 1.16,
        "Total Revenue": NaN,
        "Gross Profit": NaN,
        "Operating Income": NaN,
        "EBIT": NaN,
        "Net Income": NaN
    },
    "2011-03-31": {
        "Diluted EPS": 1.0,
        "Total Revenue": NaN,
        "Gross Profit": NaN,
        "Operating Income": NaN,
        "EBIT": NaN,
        "Net Income": NaN
    },
    "2010-12-31": {
        "Diluted EPS": 0.97,
        "Total Revenue": NaN,
        "Gross Profit": NaN,
        "Operating Income": NaN,
        "EBIT": NaN,
        "Net Income": 961
    },
    "2010-09-30": {
        "Diluted EPS": 0.94,
        "Total Revenue": NaN,
        "Gross Profit": NaN,
        "Operating Income": NaN,
        "EBIT": NaN,
        "Net Income": 942
    },
    "2010-06-30": {
        "Diluted EPS": 0.86,
        "Total Revenue": NaN,
        "Gross Profit": NaN,
        "Operating Income": NaN,
        "EBIT": NaN,
        "Net Income": 859
    },
    "2010-03-31": {
        "Diluted EPS": 0.82,
        "Total Revenue": NaN,
        "Gross Profit": NaN,
        "Operating Income": NaN,
        "EBIT": NaN,
        "Net Income": 820
    },
    "2009-12-31": {
        "Diluted EPS": 0.36,
        "Total Revenue": NaN,
        "Gross Profit": NaN,
        "Operating Income": 513,
        "EBIT": 785,
        "Net Income": 213
    },
    "2009-09-30": {
        "Diluted EPS": -6.07,
        "Total Revenue": NaN,
        "Gross Profit": NaN,
        "Operating Income": NaN,
        "EBIT": NaN,
        "Net Income": NaN
    },
    "2009-06-30": {
        "Diluted EPS": 0.56,
        "Total Revenue": NaN,
        "Gross Profit": NaN,
        "Operating Income": 595,
        "EBIT": 860,
        "Net Income": 492
    },
    "2009-03-31": {
        "Diluted EPS": 0.42,
        "Total Revenue": NaN,
        "Gross Profit": 847,
        "Operating Income": 431,
        "EBIT": 686,
        "Net Income": 371
    },
    "2023-06-30": {
        "Tax Effect Of Unusual Items": NaN,
        "Tax Rate For Calcs": NaN,
        "Normalized EBITDA": NaN,
        "Total Unusual Items": NaN,
        "Total Unusual Items Excluding Goodwill": NaN,
        "Net Income From Continuing Operation Net Minority Interest": NaN,
        "Reconciled Depreciation": NaN,
        "Reconciled Cost Of Revenue": NaN,
        "EBITDA": NaN,
        "EBIT": NaN,
        "Net Interest Income": NaN,
        "Interest Expense": NaN,
        "Interest Income": NaN,
        "Normalized Income": NaN,
        "Net Income From Continuing And Discontinued Operation": NaN,
        "Total Expenses": NaN,
        "Diluted Average Shares": 1755000000.0,
        "Basic Average Shares": 1755000000.0,
        "Diluted EPS": 0.17,
        "Basic EPS": 0.17,
        "Diluted NI Availto Com Stockholders": NaN,
        "Net Income Common Stockholders": NaN,
        "Net Income": NaN,
        "Minority Interests": NaN,
        "Net Income Including Noncontrolling Interests": NaN,
        "Net Income Continuous Operations": NaN,
        "Tax Provision": NaN,
        "Pretax Income": NaN,
        "Other Income Expense": NaN,
        "Other Non Operating Income Expenses": NaN,
        "Special Income Charges": NaN,
        "Gain On Sale Of Ppe": NaN,
        "Other Special Charges": NaN,
        "Write Off": NaN,
        "Impairment Of Capital Assets": 22000000.0,
        "Earnings From Equity Interest": NaN,
        "Gain On Sale Of Security": NaN,
        "Net Non Operating Interest Income Expense": NaN,
        "Total Other Finance Cost": NaN,
        "Interest Expense Non Operating": NaN,
        "Interest Income Non Operating": NaN,
        "Operating Income": NaN,
        "Operating Expense": NaN,
        "Other Operating Expenses": NaN,
        "Selling General And Administration": NaN,
        "General And Administrative Expense": NaN,
        "Other Gand A": NaN,
        "Salaries And Wages": NaN,
        "Gross Profit": NaN,
        "Cost Of Revenue": NaN,
        "Total Revenue": NaN,
        "Operating Revenue": NaN
    },
    "2023-09-30": {
        "Tax Effect Of Unusual Items": NaN,
        "Tax Rate For Calcs": NaN,
        "Normalized EBITDA": NaN,
        "Total Unusual Items": NaN,
        "Total Unusual Items Excluding Goodwill": NaN,
        "Net Income From Continuing Operation Net Minority Interest": NaN,
        "Reconciled Depreciation": NaN,
        "Reconciled Cost Of Revenue": NaN,
        "EBITDA": NaN,
        "EBIT": NaN,
        "Net Interest Income": NaN,
        "Interest Expense": NaN,
        "Interest Income": NaN,
        "Normalized Income": NaN,
        "Net Income From Continuing And Discontinued Operation": NaN,
        "Total Expenses": NaN,
        "Diluted Average Shares": 1755000000.0,
        "Basic Average Shares": 1755000000.0,
        "Diluted EPS": 0.21,
        "Basic EPS": 0.21,
        "Diluted NI Availto Com Stockholders": NaN,
        "Net Income Common Stockholders": NaN,
        "Net Income": NaN,
        "Minority Interests": NaN,
        "Net Income Including Noncontrolling Interests": NaN,
        "Net Income Continuous Operations": NaN,
        "Tax Provision": NaN,
        "Pretax Income": NaN,
        "Other Income Expense": NaN,
        "Other Non Operating Income Expenses": NaN,
        "Special Income Charges": NaN,
        "Gain On Sale Of Ppe": 4000000.0,
        "Other Special Charges": NaN,
        "Write Off": 0.0,
        "Impairment Of Capital Assets": 0.0,
        "Earnings From Equity Interest": NaN,
        "Gain On Sale Of Security": NaN,
        "Net Non Operating Interest Income Expense": NaN,
        "Total Other Finance Cost": NaN,
        "Interest Expense Non Operating": NaN,
        "Interest Income Non Operating": NaN,
        "Operating Income": NaN,
        "Operating Expense": NaN,
        "Other Operating Expenses": NaN,
        "Selling General And Administration": NaN,
        "General And Administrative Expense": NaN,
        "Other Gand A": NaN,
        "Salaries And Wages": NaN,
        "Gross Profit": NaN,
        "Cost Of Revenue": NaN,
        "Total Revenue": NaN,
        "Operating Revenue": NaN
    },
    "2023-12-31": {
        "Tax Effect Of Unusual Items": 5416342.412451,
        "Tax Rate For Calcs": 0.225681,
        "Normalized EBITDA": 1325000000.0,
        "Total Unusual Items": 24000000.0,
        "Total Unusual Items Excluding Goodwill": 24000000.0,
        "Net Income From Continuing Operation Net Minority Interest": 479000000.0,
        "Reconciled Depreciation": 564000000.0,
        "Reconciled Cost Of Revenue": 2139000000.0,
        "EBITDA": 1349000000.0,
        "EBIT": 785000000.0,
        "Net Interest Income": 75000000.0,
        "Interest Expense": 14000000.0,
        "Interest Income": 4000000.0,
        "Normalized Income": 460416342.412451,
        "Net Income From Continuing And Discontinued Operation": 479000000.0,
        "Total Expenses": 2425000000.0,
        "Diluted Average Shares": NaN,
        "Basic Average Shares": NaN,
        "Diluted EPS": NaN,
        "Basic EPS": NaN,
        "Diluted NI Availto Com Stockholders": 479000000.0,
        "Net Income Common Stockholders": 479000000.0,
        "Net Income": 479000000.0,
        "Minority Interests": -118000000.0,
        "Net Income Including Noncontrolling Interests": 597000000.0,
        "Net Income Continuous Operations": 597000000.0,
        "Tax Provision": 174000000.0,
        "Pretax Income": 771000000.0,
        "Other Income Expense": 62000000.0,
        "Other Non Operating Income Expenses": -15000000.0,
        "Special Income Charges": 61000000.0,
        "Gain On Sale Of Ppe": 354000000.0,
        "Other Special Charges": 6000000.0,
        "Write Off": -25000000.0,
        "Impairment Of Capital Assets": 289000000.0,
        "Earnings From Equity Interest": 53000000.0,
        "Gain On Sale Of Security": -37000000.0,
        "Net Non Operating Interest Income Expense": 75000000.0,
        "Total Other Finance Cost": -85000000.0,
        "Interest Expense Non Operating": 14000000.0,
        "Interest Income Non Operating": 4000000.0,
        "Operating Income": 634000000.0,
        "Operating Expense": 286000000.0,
        "Other Operating Expenses": 241000000.0,
        "Selling General And Administration": 29000000.0,
        "General And Administrative Expense": 29000000.0,
        "Other Gand A": 27000000.0,
        "Salaries And Wages": 2000000.0,
        "Gross Profit": 920000000.0,
        "Cost Of Revenue": 2139000000.0,
        "Total Revenue": 3059000000.0,
        "Operating Revenue": 3059000000.0
    },
    "2024-03-31": {
        "Tax Effect Of Unusual Items": NaN,
        "Tax Rate For Calcs": NaN,
        "Normalized EBITDA": NaN,
        "Total Unusual Items": NaN,
        "Total Unusual Items Excluding Goodwill": NaN,
        "Net Income From Continuing Operation Net Minority Interest": NaN,
        "Reconciled Depreciation": NaN,
        "Reconciled Cost Of Revenue": NaN,
        "EBITDA": NaN,
        "EBIT": NaN,
        "Net Interest Income": NaN,
        "Interest Expense": NaN,
        "Interest Income": NaN,
        "Normalized Income": NaN,
        "Net Income From Continuing And Discontinued Operation": NaN,
        "Total Expenses": NaN,
        "Diluted Average Shares": 23822800.0,
        "Basic Average Shares": 22847200.0,
        "Diluted EPS": 0.21,
        "Basic EPS": 0.22,
        "Diluted NI Availto Com Stockholders": NaN,
        "Net Income Common Stockholders": NaN,
        "Net Income": NaN,
        "Minority Interests": NaN,
        "Net Income Including Noncontrolling Interests": NaN,
        "Net Income Continuous Operations": NaN,
        "Tax Provision": NaN,
        "Pretax Income": NaN,
        "Other Income Expense": NaN,
        "Other Non Operating Income Expenses": NaN,
        "Earnings From Equity Interest": NaN,
        "Gain On Sale Of Security": NaN,
        "Net Non Operating Interest Income Expense": NaN,
        "Interest Expense Non Operating": NaN,
        "Interest Income Non Operating": NaN,
        "Operating Income": NaN,
        "Operating Expense": NaN,
        "Depreciation Amortization Depletion Income Statement": NaN,
        "Depreciation And Amortization In Income Statement": NaN,
        "Selling General And Administration": NaN,
        "Gross Profit": NaN,
        "Cost Of Revenue": NaN,
        "Total Revenue": NaN,
        "Operating Revenue": NaN
    },
    "2024-06-30": {
        "Tax Effect Of Unusual Items": -3510000.0,
        "Tax Rate For Calcs": 0.39,
        "Normalized EBITDA": 1650000000.0,
        "Total Unusual Items": -9000000.0,
        "Total Unusual Items Excluding Goodwill": -9000000.0,
        "Net Income From Continuing Operation Net Minority Interest": 370000000.0,
        "Reconciled Depreciation": 480000000.0,
        "Reconciled Cost Of Revenue": 1979000000.0,
        "EBITDA": 1641000000.0,
        "EBIT": 1161000000.0,
        "Net Interest Income": -110000000.0,
        "Interest Expense": 120000000.0,
        "Interest Income": -57000000.0,
        "Normalized Income": 375490000.0,
        "Net Income From Continuing And Discontinued Operation": 370000000.0,
        "Total Expenses": 2099000000.0,
        "Diluted Average Shares": 1755000000.0,
        "Basic Average Shares": 1755000000.0,
        "Diluted EPS": 0.21,
        "Basic EPS": 0.21,
        "Diluted NI Availto Com Stockholders": 370000000.0,
        "Net Income Common Stockholders": 370000000.0,
        "Net Income": 370000000.0,
        "Minority Interests": -264000000.0,
        "Net Income Including Noncontrolling Interests": 634000000.0,
        "Net Income Continuous Operations": 634000000.0,
        "Tax Provision": 407000000.0,
        "Pretax Income": 1041000000.0,
        "Other Income Expense": 88000000.0,
        "Other Non Operating Income Expenses": -18000000.0,
        "Special Income Charges": -3000000.0,
        "Gain On Sale Of Ppe": 5000000.0,
        "Other Special Charges": 7000000.0,
        "Write Off": 1000000.0,
        "Impairment Of Capital Assets": NaN,
        "Earnings From Equity Interest": 115000000.0,
        "Gain On Sale Of Security": -6000000.0,
        "Net Non Operating Interest Income Expense": -110000000.0,
        "Total Other Finance Cost": -67000000.0,
        "Interest Expense Non Operating": 120000000.0,
        "Interest Income Non Operating": -57000000.0,
        "Operating Income": 1063000000.0,
        "Operating Expense": 120000000.0,
        "Other Operating Expenses": 88000000.0,
        "Selling General And Administration": 32000000.0,
        "General And Administrative Expense": 32000000.0,
        "Other Gand A": 24000000.0,
        "Salaries And Wages": 8000000.0,
        "Gross Profit": 1183000000.0,
        "Cost Of Revenue": 1979000000.0,
        "Total Revenue": 3162000000.0,
        "Operating Revenue": 3162000000.0
    },
    "2024-09-30": {
        "Tax Effect Of Unusual Items": 30794.0,
        "Tax Rate For Calcs": 0.173,
        "Normalized EBITDA": 24691000.0,
        "Total Unusual Items": 178000.0,
        "Total Unusual Items Excluding Goodwill": 178000.0,
        "Net Income From Continuing Operation Net Minority Interest": 8984000.0,
        "Reconciled Depreciation": 4709000.0,
        "Reconciled Cost Of Revenue": 2671653000.0,
        "EBITDA": 24869000.0,
        "EBIT": 20160000.0,
        "Net Interest Income": -2900000.0,
        "Interest Expense": 9987000.0,
        "Interest Income": 7087000.0,
        "Normalized Income": 8836794.0,
        "Net Income From Continuing And Discontinued Operation": 8984000.0,
        "Total Expenses": 2702979000.0,
        "Diluted Average Shares": 23979500.0,
        "Basic Average Shares": 23028600.0,
        "Diluted EPS": 0.37,
        "Basic EPS": 0.39,
        "Diluted NI Availto Com Stockholders": 8984000.0,
        "Net Income Common Stockholders": 8984000.0,
        "Net Income": 8984000.0,
        "Minority Interests": 566000.0,
        "Net Income Including Noncontrolling Interests": 8418000.0,
        "Net Income Continuous Operations": 8418000.0,
        "Tax Provision": 1755000.0,
        "Pretax Income": 10173000.0,
        "Other Income Expense": 956000.0,
        "Other Non Operating Income Expenses": 200000.0,
        "Earnings From Equity Interest": 578000.0,
        "Gain On Sale Of Security": 178000.0,
        "Net Non Operating Interest Income Expense": -2900000.0,
        "Interest Expense Non Operating": 9987000.0,
        "Interest Income Non Operating": 7087000.0,
        "Operating Income": 12117000.0,
        "Operating Expense": 31326000.0,
        "Depreciation Amortization Depletion Income Statement": 4709000.0,
        "Depreciation And Amortization In Income Statement": 4709000.0,
        "Selling General And Administration": 26617000.0,
        "Gross Profit": 43443000.0,
        "Cost Of Revenue": 2671653000.0,
        "Total Revenue": 2715096000.0,
        "Operating Revenue": 2715096000.0
    },
    "2024-12-31": {
        "Tax Effect Of Unusual Items": -214200.0,
        "Tax Rate For Calcs": 0.255,
        "Normalized EBITDA": 23858000.0,
        "Total Unusual Items": -840000.0,
        "Total Unusual Items Excluding Goodwill": -840000.0,
        "Net Income From Continuing Operation Net Minority Interest": 6558000.0,
        "Reconciled Depreciation": 4639000.0,
        "Reconciled Cost Of Revenue": 2697578000.0,
        "EBITDA": 23018000.0,
        "EBIT": 18379000.0,
        "Net Interest Income": -3569000.0,
        "Interest Expense": 10363000.0,
        "Interest Income": 6794000.0,
        "Normalized Income": 7183800.0,
        "Net Income From Continuing And Discontinued Operation": 6558000.0,
        "Total Expenses": 2727971000.0,
        "Diluted Average Shares": 23966400.0,
        "Basic Average Shares": 23158300.0,
        "Diluted EPS": 0.27,
        "Basic EPS": 0.28,
        "Diluted NI Availto Com Stockholders": 6558000.0,
        "Net Income Common Stockholders": 6558000.0,
        "Net Income": 6558000.0,
        "Minority Interests": 584000.0,
        "Net Income Including Noncontrolling Interests": 5974000.0,
        "Net Income Continuous Operations": 5974000.0,
        "Tax Provision": 2042000.0,
        "Pretax Income": 8016000.0,
        "Other Income Expense": -2789000.0,
        "Other Non Operating Income Expenses": 461000.0,
        "Earnings From Equity Interest": -2410000.0,
        "Gain On Sale Of Security": -840000.0,
        "Net Non Operating Interest Income Expense": -3569000.0,
        "Interest Expense Non Operating": 10363000.0,
        "Interest Income Non Operating": 6794000.0,
        "Operating Income": 14374000.0,
        "Operating Expense": 30393000.0,
        "Depreciation Amortization Depletion Income Statement": 4639000.0,
        "Depreciation And Amortization In Income Statement": 4639000.0,
        "Selling General And Administration": 25754000.0,
        "Gross Profit": 44767000.0,
        "Cost Of Revenue": 2697578000.0,
        "Total Revenue": 2742345000.0,
        "Operating Revenue": 2742345000.0
    },
    "2025-09-30": {
        "Tax Effect Of Unusual Items": -20790.0,
        "Tax Rate For Calcs": 0.21,
        "Normalized EBITDA": 19971000.0,
        "Total Unusual Items": -99000.0,
        "Total Unusual Items Excluding Goodwill": -99000.0,
        "Net Income From Continuing Operation Net Minority Interest": -939000.0,
        "Reconciled Depreciation": 7583000.0,
        "Reconciled Cost Of Revenue": 3607869000.0,
        "EBITDA": 19872000.0,
        "EBIT": 12289000.0,
        "Net Interest Income": -7029000.0,
        "Interest Expense": 12600000.0,
        "Interest Income": 5571000.0,
        "Normalized Income": -860790.0,
        "Net Income From Continuing And Discontinued Operation": -939000.0,
        "Total Expenses": 3675274000.0,
        "Diluted Average Shares": 24696600.0,
        "Basic Average Shares": 24696600.0,
        "Diluted EPS": -0.04,
        "Basic EPS": -0.04,
        "Diluted NI Availto Com Stockholders": -939000.0,
        "Net Income Common Stockholders": -939000.0,
        "Net Income": -939000.0,
        "Minority Interests": 32000.0,
        "Net Income Including Noncontrolling Interests": -971000.0,
        "Net Income Continuous Operations": -971000.0,
        "Tax Provision": 660000.0,
        "Pretax Income": -311000.0,
        "Other Income Expense": 1226000.0,
        "Other Non Operating Income Expenses": 2233000.0,
        "Earnings From Equity Interest": -908000.0,
        "Gain On Sale Of Security": -99000.0,
        "Net Non Operating Interest Income Expense": -7029000.0,
        "Interest Expense Non Operating": 12600000.0,
        "Interest Income Non Operating": 5571000.0,
        "Operating Income": 5492000.0,
        "Operating Expense": 67405000.0,
        "Depreciation Amortization Depletion Income Statement": 7583000.0,
        "Depreciation And Amortization In Income Statement": 7583000.0,
        "Selling General And Administration": 59822000.0,
        "Gross Profit": 72897000.0,
        "Cost Of Revenue": 3607869000.0,
        "Total Revenue": 3680766000.0,
        "Operating Revenue": 3680766000.0
    },
    "2025-06-30": {
        "Tax Effect Of Unusual Items": -97969.278034,
        "Tax Rate For Calcs": 0.219662,
        "Normalized EBITDA": 34944000.0,
        "Total Unusual Items": -446000.0,
        "Total Unusual Items Excluding Goodwill": -446000.0,
        "Net Income From Continuing Operation Net Minority Interest": 10324000.0,
        "Reconciled Depreciation": 8576000.0,
        "Reconciled Cost Of Revenue": 2430359000.0,
        "EBITDA": 34498000.0,
        "EBIT": 25922000.0,
        "Net Interest Income": -7557000.0,
        "Interest Expense": 12902000.0,
        "Interest Income": 5345000.0,
        "Normalized Income": 10672030.721966,
        "Net Income From Continuing And Discontinued Operation": 10324000.0,
        "Total Expenses": 2492353000.0,
        "Diluted Average Shares": NaN,
        "Basic Average Shares": NaN,
        "Diluted EPS": NaN,
        "Basic EPS": NaN,
        "Diluted NI Availto Com Stockholders": 10324000.0,
        "Net Income Common Stockholders": 10324000.0,
        "Net Income": 10324000.0,
        "Minority Interests": 164000.0,
        "Net Income Including Noncontrolling Interests": 10160000.0,
        "Net Income Continuous Operations": 10160000.0,
        "Tax Provision": 2860000.0,
        "Pretax Income": 13020000.0,
        "Other Income Expense": 882000.0,
        "Other Non Operating Income Expenses": 2099000.0,
        "Earnings From Equity Interest": -771000.0,
        "Gain On Sale Of Security": -446000.0,
        "Net Non Operating Interest Income Expense": -7557000.0,
        "Interest Expense Non Operating": 12902000.0,
        "Interest Income Non Operating": 5345000.0,
        "Operating Income": 19695000.0,
        "Operating Expense": 61994000.0,
        "Depreciation Amortization Depletion Income Statement": 8576000.0,
        "Depreciation And Amortization In Income Statement": 8576000.0,
        "Selling General And Administration": 53418000.0,
        "Gross Profit": 81689000.0,
        "Cost Of Revenue": 2430359000.0,
        "Total Revenue": 2512048000.0,
        "Operating Revenue": 2512048000.0
    },
    "2025-03-31": {
        "Tax Effect Of Unusual Items": -28892.0,
        "Tax Rate For Calcs": 0.124,
        "Normalized EBITDA": 8241000.0,
        "Total Unusual Items": -233000.0,
        "Total Unusual Items Excluding Goodwill": -233000.0,
        "Net Income From Continuing Operation Net Minority Interest": -8546000.0,
        "Reconciled Depreciation": 4996000.0,
        "Reconciled Cost Of Revenue": 2968108000.0,
        "EBITDA": 8008000.0,
        "EBIT": 3012000.0,
        "Net Interest Income": -6229000.0,
        "Interest Expense": 12951000.0,
        "Interest Income": 6722000.0,
        "Normalized Income": -8341892.0,
        "Net Income From Continuing And Discontinued Operation": -8546000.0,
        "Total Expenses": 3006508000.0,
        "Diluted Average Shares": 23646100.0,
        "Basic Average Shares": 23646100.0,
        "Diluted EPS": -0.36,
        "Basic EPS": -0.36,
        "Diluted NI Availto Com Stockholders": -8546000.0,
        "Net Income Common Stockholders": -8546000.0,
        "Net Income": -8546000.0,
        "Minority Interests": 162000.0,
        "Net Income Including Noncontrolling Interests": -8708000.0,
        "Net Income Continuous Operations": -8708000.0,
        "Tax Provision": -1231000.0,
        "Pretax Income": -9939000.0,
        "Other Income Expense": -6327000.0,
        "Other Non Operating Income Expenses": -5872000.0,
        "Earnings From Equity Interest": -222000.0,
        "Gain On Sale Of Security": -233000.0,
        "Net Non Operating Interest Income Expense": -6229000.0,
        "Interest Expense Non Operating": 12951000.0,
        "Interest Income Non Operating": 6722000.0,
        "Operating Income": 2617000.0,
        "Operating Expense": 38400000.0,
        "Depreciation Amortization Depletion Income Statement": 4996000.0,
        "Depreciation And Amortization In Income Statement": 4996000.0,
        "Selling General And Administration": 33404000.0,
        "Gross Profit": 41017000.0,
        "Cost Of Revenue": 2968108000.0,
        "Total Revenue": 3009125000.0,
        "Operating Revenue": 3009125000.0
    }
}