{
    "2023-06-30": {
        "Tax Effect Of Unusual Items": -125097000.0,
        "Tax Rate For Calcs": 0.161,
        "Normalized EBITDA": 25547000000.0,
        "Total Unusual Items": -777000000.0,
        "Total Unusual Items Excluding Goodwill": -777000000.0,
        "Net Income From Continuing Operation Net Minority Interest": 18368000000.0,
        "Reconciled Depreciation": 2824000000.0,
        "Reconciled Cost Of Revenue": 31916000000.0,
        "EBITDA": 24770000000.0,
        "EBIT": 21946000000.0,
        "Net Interest Income": 849000000.0,
        "Interest Expense": 43000000.0,
        "Interest Income": 892000000.0,
        "Normalized Income": 19019903000.0,
        "Net Income From Continuing And Discontinued Operation": 18368000000.0,
        "Total Expenses": 52766000000.0,
        "Total Operating Income As Reported": 21838000000.0,
        "Diluted Average Shares": 12764000000.0,
        "Basic Average Shares": 12668000000.0,
        "Diluted EPS": 1.44,
        "Basic EPS": 1.45,
        "Diluted NI Availto Com Stockholders": 18368000000.0,
        "Average Dilution Earnings": NaN,
        "Net Income Common Stockholders": 18368000000.0,
        "Net Income": 18368000000.0,
        "Net Income Including Noncontrolling Interests": 18368000000.0,
        "Net Income Continuous Operations": 18368000000.0,
        "Tax Provision": 3535000000.0,
        "Pretax Income": 21903000000.0,
        "Other Income Expense": -784000000.0,
        "Other Non Operating Income Expenses": 99000000.0,
        "Earnings From Equity Interest": -106000000.0,
        "Gain On Sale Of Security": -777000000.0,
        "Net Non Operating Interest Income Expense": 849000000.0,
        "Interest Expense Non Operating": 43000000.0,
        "Interest Income Non Operating": 892000000.0,
        "Operating Income": 21838000000.0,
        "Operating Expense": 20850000000.0,
        "Research And Development": 10588000000.0,
        "Selling General And Administration": 10262000000.0,
        "Selling And Marketing Expense": 6781000000.0,
        "General And Administrative Expense": 3481000000.0,
        "Other Gand A": 3481000000.0,
        "Gross Profit": 42688000000.0,
        "Cost Of Revenue": 31916000000.0,
        "Total Revenue": 74604000000.0,
        "Operating Revenue": 74604000000.0
    },
    "2023-03-31": {
        "Tax Effect Of Unusual Items": NaN,
        "Tax Rate For Calcs": NaN,
        "Normalized EBITDA": NaN,
        "Total Unusual Items": NaN,
        "Total Unusual Items Excluding Goodwill": NaN,
        "Net Income From Continuing Operation Net Minority Interest": NaN,
        "Reconciled Depreciation": NaN,
        "Reconciled Cost Of Revenue": NaN,
        "EBITDA": NaN,
        "EBIT": NaN,
        "Net Interest Income": NaN,
        "Interest Expense": NaN,
        "Interest Income": NaN,
        "Normalized Income": NaN,
        "Net Income From Continuing And Discontinued Operation": NaN,
        "Total Expenses": NaN,
        "Total Operating Income As Reported": NaN,
        "Diluted Average Shares": NaN,
        "Basic Average Shares": NaN,
        "Diluted EPS": NaN,
        "Basic EPS": NaN,
        "Diluted NI Availto Com Stockholders": NaN,
        "Average Dilution Earnings": 1036000000.0,
        "Net Income Common Stockholders": NaN,
        "Net Income": NaN,
        "Net Income Including Noncontrolling Interests": NaN,
        "Net Income Continuous Operations": NaN,
        "Tax Provision": NaN,
        "Pretax Income": NaN,
        "Other Income Expense": NaN,
        "Other Non Operating Income Expenses": NaN,
        "Earnings From Equity Interest": NaN,
        "Gain On Sale Of Security": NaN,
        "Net Non Operating Interest Income Expense": NaN,
        "Interest Expense Non Operating": NaN,
        "Interest Income Non Operating": NaN,
        "Operating Income": NaN,
        "Operating Expense": NaN,
        "Research And Development": NaN,
        "Selling General And Administration": NaN,
        "Selling And Marketing Expense": NaN,
        "General And Administrative Expense": NaN,
        "Other Gand A": NaN,
        "Gross Profit": NaN,
        "Cost Of Revenue": NaN,
        "Total Revenue": NaN,
        "Operating Revenue": NaN
    },
    "2022-12-31": {
        "Tax Effect Of Unusual Items": -379687642.153146,
        "Tax Rate For Calcs": 0.205459,
        "Normalized EBITDA": 23286000000.0,
        "Total Unusual Items": -1848000000.0,
        "Total Unusual Items Excluding Goodwill": -1848000000.0,
        "Net Income From Continuing Operation Net Minority Interest": 13624000000.0,
        "Reconciled Depreciation": 4201000000.0,
        "Reconciled Cost Of Revenue": 35342000000.0,
        "EBITDA": 21438000000.0,
        "EBIT": 17237000000.0,
        "Net Interest Income": 569000000.0,
        "Interest Expense": 90000000.0,
        "Interest Income": 659000000.0,
        "Normalized Income": 15092312357.846853,
        "Net Income From Continuing And Discontinued Operation": 13624000000.0,
        "Total Expenses": 57888000000.0,
        "Total Operating Income As Reported": 18160000000.0,
        "Diluted Average Shares": 12947000000.0,
        "Basic Average Shares": 12897000000.0,
        "Diluted EPS": 1.05,
        "Basic EPS": 1.06,
        "Diluted NI Availto Com Stockholders": 13624000000.0,
        "Net Income Common Stockholders": 13624000000.0,
        "Net Income": 13624000000.0,
        "Net Income Including Noncontrolling Interests": 13624000000.0,
        "Net Income Continuous Operations": 13624000000.0,
        "Tax Provision": 3523000000.0,
        "Pretax Income": 17147000000.0,
        "Other Income Expense": -1582000000.0,
        "Other Non Operating Income Expenses": 297000000.0,
        "Earnings From Equity Interest": -31000000.0,
        "Gain On Sale Of Security": -1848000000.0,
        "Net Non Operating Interest Income Expense": 569000000.0,
        "Interest Expense Non Operating": 90000000.0,
        "Interest Income Non Operating": 659000000.0,
        "Operating Income": 18160000000.0,
        "Operating Expense": 22546000000.0,
        "Research And Development": 10267000000.0,
        "Selling General And Administration": 12279000000.0,
        "Selling And Marketing Expense": 7183000000.0,
        "General And Administrative Expense": 5096000000.0,
        "Other Gand A": 5096000000.0,
        "Gross Profit": 40706000000.0,
        "Cost Of Revenue": 35342000000.0,
        "Total Revenue": 76048000000.0,
        "Operating Revenue": 76048000000.0
    },
    "2022-09-30": {
        "Tax Effect Of Unusual Items": -216658781.494487,
        "Tax Rate For Calcs": 0.143104,
        "Normalized EBITDA": 21894000000.0,
        "Total Unusual Items": -1514000000.0,
        "Total Unusual Items Excluding Goodwill": -1514000000.0,
        "Net Income From Continuing Operation Net Minority Interest": 13910000000.0,
        "Reconciled Depreciation": 4046000000.0,
        "Reconciled Cost Of Revenue": 31158000000.0,
        "EBITDA": 20380000000.0,
        "EBIT": 16334000000.0,
        "Net Interest Income": 514000000.0,
        "Interest Expense": 101000000.0,
        "Interest Income": 615000000.0,
        "Normalized Income": 15207341218.505512,
        "Net Income From Continuing And Discontinued Operation": 13910000000.0,
        "Total Expenses": 51957000000.0,
        "Total Operating Income As Reported": 17135000000.0,
        "Diluted Average Shares": 13122641509.0,
        "Basic Average Shares": 13000000000.0,
        "Diluted EPS": 1.06,
        "Basic EPS": 1.07,
        "Diluted NI Availto Com Stockholders": 13910000000.0,
        "Net Income Common Stockholders": 13910000000.0,
        "Net Income": 13910000000.0,
        "Net Income Including Noncontrolling Interests": 13910000000.0,
        "Net Income Continuous Operations": 13910000000.0,
        "Tax Provision": 2323000000.0,
        "Pretax Income": 16233000000.0,
        "Other Income Expense": -1416000000.0,
        "Other Non Operating Income Expenses": 197000000.0,
        "Earnings From Equity Interest": -99000000.0,
        "Gain On Sale Of Security": -1514000000.0,
        "Net Non Operating Interest Income Expense": 514000000.0,
        "Interest Expense Non Operating": 101000000.0,
        "Interest Income Non Operating": 615000000.0,
        "Operating Income": 17135000000.0,
        "Operating Expense": 20799000000.0,
        "Research And Development": 10273000000.0,
        "Selling General And Administration": 10526000000.0,
        "Selling And Marketing Expense": 6929000000.0,
        "General And Administrative Expense": 3597000000.0,
        "Other Gand A": 3597000000.0,
        "Gross Profit": 37934000000.0,
        "Cost Of Revenue": 31158000000.0,
        "Total Revenue": 69092000000.0,
        "Operating Revenue": 69092000000.0
    },
    "2022-06-30": {
        "Tax Effect Of Unusual Items": -206090880.403913,
        "Tax Rate For Calcs": 0.15841,
        "Normalized EBITDA": 24297000000.0,
        "Total Unusual Items": -1301000000.0,
        "Total Unusual Items Excluding Goodwill": -1301000000.0,
        "Net Income From Continuing Operation Net Minority Interest": 16002000000.0,
        "Reconciled Depreciation": 3899000000.0,
        "Reconciled Cost Of Revenue": 30104000000.0,
        "EBITDA": 22996000000.0,
        "EBIT": 19097000000.0,
        "Net Interest Income": 403000000.0,
        "Interest Expense": 83000000.0,
        "Interest Income": 486000000.0,
        "Normalized Income": 17096909119.596087,
        "Net Income From Continuing And Discontinued Operation": 16002000000.0,
        "Total Expenses": 50232000000.0,
        "Total Operating Income As Reported": 19453000000.0,
        "Diluted Average Shares": 14184000000.0,
        "Basic Average Shares": 13168000000.0,
        "Diluted EPS": 1.21,
        "Basic EPS": 1.22,
        "Diluted NI Availto Com Stockholders": 16002000000.0,
        "Average Dilution Earnings": 1072000000.0,
        "Net Income Common Stockholders": 16002000000.0,
        "Otherunder Preferred Stock Dividend": 0.0,
        "Net Income": 16002000000.0,
        "Net Income Including Noncontrolling Interests": 16002000000.0,
        "Net Income Continuous Operations": 16002000000.0,
        "Tax Provision": 3012000000.0,
        "Pretax Income": 19014000000.0,
        "Other Income Expense": -842000000.0,
        "Other Non Operating Income Expenses": 577000000.0,
        "Earnings From Equity Interest": -118000000.0,
        "Gain On Sale Of Security": -1301000000.0,
        "Net Non Operating Interest Income Expense": 403000000.0,
        "Interest Expense Non Operating": 83000000.0,
        "Interest Income Non Operating": 486000000.0,
        "Operating Income": 19453000000.0,
        "Operating Expense": 20128000000.0,
        "Research And Development": 9841000000.0,
        "Selling General And Administration": 10287000000.0,
        "Selling And Marketing Expense": 6630000000.0,
        "General And Administrative Expense": 3657000000.0,
        "Other Gand A": 3657000000.0,
        "Gross Profit": 39581000000.0,
        "Cost Of Revenue": 30104000000.0,
        "Total Revenue": 69685000000.0,
        "Operating Revenue": 69685000000.0
    },
    "2022-03-31": {
        "Diluted EPS": 1.23,
        "Total Revenue": NaN,
        "Gross Profit": NaN,
        "Operating Income": NaN,
        "EBIT": NaN,
        "Net Income": NaN
    },
    "2021-12-31": {
        "Diluted EPS": 1.54,
        "Total Revenue": NaN,
        "Gross Profit": NaN,
        "Operating Income": NaN,
        "EBIT": NaN,
        "Net Income": NaN
    },
    "2021-09-30": {
        "Diluted EPS": 1.4,
        "Total Revenue": NaN,
        "Gross Profit": NaN,
        "Operating Income": NaN,
        "EBIT": NaN,
        "Net Income": NaN
    },
    "2021-06-30": {
        "Diluted EPS": 1.36,
        "Total Revenue": NaN,
        "Gross Profit": NaN,
        "Operating Income": NaN,
        "EBIT": NaN,
        "Net Income": NaN
    },
    "2021-03-31": {
        "Diluted EPS": 1.32,
        "Total Revenue": NaN,
        "Gross Profit": NaN,
        "Operating Income": NaN,
        "EBIT": NaN,
        "Net Income": NaN
    },
    "2020-12-31": {
        "Diluted EPS": 1.11,
        "Total Revenue": NaN,
        "Gross Profit": NaN,
        "Operating Income": NaN,
        "EBIT": NaN,
        "Net Income": NaN
    },
    "2020-09-30": {
        "Diluted EPS": 0.82,
        "Total Revenue": NaN,
        "Gross Profit": NaN,
        "Operating Income": NaN,
        "EBIT": NaN,
        "Net Income": NaN
    },
    "2020-06-30": {
        "Diluted EPS": 0.51,
        "Total Revenue": NaN,
        "Gross Profit": NaN,
        "Operating Income": NaN,
        "EBIT": NaN,
        "Net Income": NaN
    },
    "2020-03-31": {
        "Diluted EPS": 0.49,
        "Total Revenue": NaN,
        "Gross Profit": NaN,
        "Operating Income": NaN,
        "EBIT": NaN,
        "Net Income": NaN
    },
    "2019-12-31": {
        "Diluted EPS": 0.77,
        "Total Revenue": NaN,
        "Gross Profit": NaN,
        "Operating Income": NaN,
        "EBIT": NaN,
        "Net Income": NaN
    },
    "2019-09-30": {
        "Diluted EPS": 0.51,
        "Total Revenue": NaN,
        "Gross Profit": NaN,
        "Operating Income": NaN,
        "EBIT": NaN,
        "Net Income": NaN
    },
    "2019-06-30": {
        "Diluted EPS": 0.71,
        "Total Revenue": NaN,
        "Gross Profit": NaN,
        "Operating Income": NaN,
        "EBIT": NaN,
        "Net Income": NaN
    },
    "2019-03-31": {
        "Diluted EPS": 0.48,
        "Total Revenue": NaN,
        "Gross Profit": NaN,
        "Operating Income": NaN,
        "EBIT": NaN,
        "Net Income": NaN
    },
    "2018-12-31": {
        "Diluted EPS": 0.64,
        "Total Revenue": NaN,
        "Gross Profit": NaN,
        "Operating Income": NaN,
        "EBIT": NaN,
        "Net Income": NaN
    },
    "2018-09-30": {
        "Diluted EPS": 0.65,
        "Total Revenue": NaN,
        "Gross Profit": NaN,
        "Operating Income": NaN,
        "EBIT": NaN,
        "Net Income": NaN
    },
    "2018-06-30": {
        "Diluted EPS": 0.23,
        "Total Revenue": NaN,
        "Gross Profit": NaN,
        "Operating Income": NaN,
        "EBIT": NaN,
        "Net Income": NaN
    },
    "2018-03-31": {
        "Diluted EPS": 0.67,
        "Total Revenue": NaN,
        "Gross Profit": NaN,
        "Operating Income": NaN,
        "EBIT": NaN,
        "Net Income": NaN
    },
    "2017-12-31": {
        "Diluted EPS": -0.22,
        "Total Revenue": NaN,
        "Gross Profit": NaN,
        "Operating Income": NaN,
        "EBIT": NaN,
        "Net Income": NaN
    },
    "2017-09-30": {
        "Diluted EPS": 0.48,
        "Total Revenue": NaN,
        "Gross Profit": NaN,
        "Operating Income": NaN,
        "EBIT": NaN,
        "Net Income": NaN
    },
    "2017-06-30": {
        "Diluted EPS": 0.25,
        "Total Revenue": NaN,
        "Gross Profit": NaN,
        "Operating Income": NaN,
        "EBIT": NaN,
        "Net Income": NaN
    },
    "2017-03-31": {
        "Diluted EPS": 0.39,
        "Total Revenue": NaN,
        "Gross Profit": NaN,
        "Operating Income": NaN,
        "EBIT": NaN,
        "Net Income": NaN
    },
    "2016-12-31": {
        "Diluted EPS": 0.38,
        "Total Revenue": NaN,
        "Gross Profit": NaN,
        "Operating Income": NaN,
        "EBIT": NaN,
        "Net Income": NaN
    },
    "2016-09-30": {
        "Diluted EPS": 0.36,
        "Total Revenue": NaN,
        "Gross Profit": NaN,
        "Operating Income": NaN,
        "EBIT": NaN,
        "Net Income": NaN
    },
    "2016-06-30": {
        "Diluted EPS": 0.35,
        "Total Revenue": NaN,
        "Gross Profit": NaN,
        "Operating Income": NaN,
        "EBIT": NaN,
        "Net Income": NaN
    },
    "2016-03-31": {
        "Diluted EPS": 0.3,
        "Total Revenue": NaN,
        "Gross Profit": NaN,
        "Operating Income": NaN,
        "EBIT": NaN,
        "Net Income": NaN
    },
    "2015-12-31": {
        "Diluted EPS": 0.37,
        "Total Revenue": NaN,
        "Gross Profit": NaN,
        "Operating Income": NaN,
        "EBIT": NaN,
        "Net Income": NaN
    },
    "2015-09-30": {
        "Diluted EPS": 0.27,
        "Total Revenue": NaN,
        "Gross Profit": NaN,
        "Operating Income": NaN,
        "EBIT": NaN,
        "Net Income": NaN
    },
    "2015-06-30": {
        "Diluted EPS": 0.25,
        "Total Revenue": NaN,
        "Gross Profit": NaN,
        "Operating Income": NaN,
        "EBIT": NaN,
        "Net Income": NaN
    },
    "2015-03-31": {
        "Diluted EPS": 0.26,
        "Total Revenue": NaN,
        "Gross Profit": NaN,
        "Operating Income": NaN,
        "EBIT": NaN,
        "Net Income": NaN
    },
    "2014-12-31": {
        "Diluted EPS": 0.33,
        "Total Revenue": NaN,
        "Gross Profit": NaN,
        "Operating Income": NaN,
        "EBIT": NaN,
        "Net Income": NaN
    },
    "2014-09-30": {
        "Diluted EPS": 0.2,
        "Total Revenue": NaN,
        "Gross Profit": NaN,
        "Operating Income": NaN,
        "EBIT": NaN,
        "Net Income": NaN
    },
    "2014-06-30": {
        "Diluted EPS": 0.24,
        "Total Revenue": NaN,
        "Gross Profit": NaN,
        "Operating Income": NaN,
        "EBIT": NaN,
        "Net Income": NaN
    },
    "2014-03-31": {
        "Diluted EPS": 0.25,
        "Total Revenue": NaN,
        "Gross Profit": NaN,
        "Operating Income": NaN,
        "EBIT": NaN,
        "Net Income": NaN
    },
    "2013-12-31": {
        "Diluted EPS": 0.23,
        "Total Revenue": NaN,
        "Gross Profit": NaN,
        "Operating Income": NaN,
        "EBIT": NaN,
        "Net Income": NaN
    },
    "2013-09-30": {
        "Diluted EPS": 0.22,
        "Total Revenue": NaN,
        "Gross Profit": NaN,
        "Operating Income": NaN,
        "EBIT": NaN,
        "Net Income": NaN
    },
    "2013-06-30": {
        "Diluted EPS": 0.24,
        "Total Revenue": NaN,
        "Gross Profit": NaN,
        "Operating Income": NaN,
        "EBIT": NaN,
        "Net Income": NaN
    },
    "2013-03-31": {
        "Diluted EPS": 0.25,
        "Total Revenue": NaN,
        "Gross Profit": NaN,
        "Operating Income": NaN,
        "EBIT": NaN,
        "Net Income": NaN
    },
    "2012-12-31": {
        "Diluted EPS": 0.22,
        "Total Revenue": NaN,
        "Gross Profit": NaN,
        "Operating Income": NaN,
        "EBIT": NaN,
        "Net Income": NaN
    },
    "2012-09-30": {
        "Diluted EPS": 0.16,
        "Total Revenue": NaN,
        "Gross Profit": NaN,
        "Operating Income": NaN,
        "EBIT": NaN,
        "Net Income": NaN
    },
    "2012-06-30": {
        "Diluted EPS": 0.21,
        "Total Revenue": NaN,
        "Gross Profit": NaN,
        "Operating Income": NaN,
        "EBIT": NaN,
        "Net Income": NaN
    },
    "2012-03-31": {
        "Diluted EPS": 0.22,
        "Total Revenue": NaN,
        "Gross Profit": NaN,
        "Operating Income": NaN,
        "EBIT": NaN,
        "Net Income": NaN
    },
    "2011-12-31": {
        "Diluted EPS": 0.21,
        "Total Revenue": NaN,
        "Gross Profit": NaN,
        "Operating Income": NaN,
        "EBIT": NaN,
        "Net Income": NaN
    },
    "2011-09-30": {
        "Diluted EPS": 0.21,
        "Total Revenue": NaN,
        "Gross Profit": NaN,
        "Operating Income": NaN,
        "EBIT": NaN,
        "Net Income": NaN
    },
    "2011-06-30": {
        "Diluted EPS": 0.19,
        "Total Revenue": NaN,
        "Gross Profit": NaN,
        "Operating Income": NaN,
        "EBIT": NaN,
        "Net Income": NaN
    },
    "2011-03-31": {
        "Diluted EPS": 0.14,
        "Total Revenue": NaN,
        "Gross Profit": NaN,
        "Operating Income": NaN,
        "EBIT": NaN,
        "Net Income": NaN
    },
    "2010-12-31": {
        "Diluted EPS": 0.2,
        "Total Revenue": NaN,
        "Gross Profit": NaN,
        "Operating Income": NaN,
        "EBIT": NaN,
        "Net Income": NaN
    },
    "2010-09-30": {
        "Diluted EPS": 0.17,
        "Total Revenue": NaN,
        "Gross Profit": NaN,
        "Operating Income": NaN,
        "EBIT": NaN,
        "Net Income": NaN
    },
    "2010-06-30": {
        "Diluted EPS": 0.14,
        "Total Revenue": NaN,
        "Gross Profit": NaN,
        "Operating Income": NaN,
        "EBIT": NaN,
        "Net Income": NaN
    },
    "2010-03-31": {
        "Diluted EPS": 0.15,
        "Total Revenue": NaN,
        "Gross Profit": NaN,
        "Operating Income": NaN,
        "EBIT": NaN,
        "Net Income": NaN
    },
    "2009-12-31": {
        "Diluted EPS": 0.15,
        "Total Revenue": NaN,
        "Gross Profit": NaN,
        "Operating Income": NaN,
        "EBIT": NaN,
        "Net Income": NaN
    },
    "2009-09-30": {
        "Diluted EPS": 0.13,
        "Total Revenue": NaN,
        "Gross Profit": NaN,
        "Operating Income": NaN,
        "EBIT": NaN,
        "Net Income": NaN
    },
    "2009-06-30": {
        "Diluted EPS": 0.12,
        "Total Revenue": NaN,
        "Gross Profit": NaN,
        "Operating Income": NaN,
        "EBIT": NaN,
        "Net Income": NaN
    },
    "2009-03-31": {
        "Diluted EPS": 0.11,
        "Total Revenue": NaN,
        "Gross Profit": NaN,
        "Operating Income": NaN,
        "EBIT": NaN,
        "Net Income": NaN
    },
    "2023-09-30": {
        "Tax Effect Of Unusual Items": NaN,
        "Tax Rate For Calcs": NaN,
        "Normalized EBITDA": NaN,
        "Total Unusual Items": NaN,
        "Total Unusual Items Excluding Goodwill": NaN,
        "Net Income From Continuing Operation Net Minority Interest": NaN,
        "Reconciled Depreciation": NaN,
        "Reconciled Cost Of Revenue": NaN,
        "EBITDA": NaN,
        "EBIT": NaN,
        "Net Interest Income": NaN,
        "Interest Expense": NaN,
        "Interest Income": NaN,
        "Normalized Income": NaN,
        "Net Income From Continuing And Discontinued Operation": NaN,
        "Total Expenses": NaN,
        "Total Operating Income As Reported": NaN,
        "Diluted Average Shares": 12696000000.0,
        "Basic Average Shares": 12581000000.0,
        "Diluted EPS": 1.55,
        "Basic EPS": 1.56,
        "Diluted NI Availto Com Stockholders": NaN,
        "Average Dilution Earnings": NaN,
        "Net Income Common Stockholders": NaN,
        "Net Income": NaN,
        "Net Income Including Noncontrolling Interests": NaN,
        "Net Income Continuous Operations": NaN,
        "Tax Provision": NaN,
        "Pretax Income": NaN,
        "Other Income Expense": NaN,
        "Other Non Operating Income Expenses": NaN,
        "Earnings From Equity Interest": NaN,
        "Gain On Sale Of Security": NaN,
        "Net Non Operating Interest Income Expense": NaN,
        "Interest Expense Non Operating": NaN,
        "Interest Income Non Operating": NaN,
        "Operating Income": NaN,
        "Operating Expense": NaN,
        "Research And Development": NaN,
        "Selling General And Administration": NaN,
        "Selling And Marketing Expense": NaN,
        "General And Administrative Expense": NaN,
        "Other Gand A": NaN,
        "Gross Profit": NaN,
        "Cost Of Revenue": NaN,
        "Total Revenue": NaN,
        "Operating Revenue": NaN
    },
    "2023-12-31": {
        "Tax Effect Of Unusual Items": 3356955.595609,
        "Tax Rate For Calcs": 0.152589,
        "Normalized EBITDA": 26022000000.0,
        "Total Unusual Items": 22000000.0,
        "Total Unusual Items Excluding Goodwill": 22000000.0,
        "Net Income From Continuing Operation Net Minority Interest": 20687000000.0,
        "Reconciled Depreciation": 1563000000.0,
        "Reconciled Cost Of Revenue": 37575000000.0,
        "EBITDA": 26044000000.0,
        "EBIT": 24481000000.0,
        "Net Interest Income": 1041000000.0,
        "Interest Expense": 69000000.0,
        "Interest Income": 1110000000.0,
        "Normalized Income": 20668356955.595608,
        "Net Income From Continuing And Discontinued Operation": 20687000000.0,
        "Total Expenses": 62613000000.0,
        "Total Operating Income As Reported": 23697000000.0,
        "Diluted Average Shares": 12602000000.0,
        "Basic Average Shares": 12488000000.0,
        "Diluted EPS": 1.64,
        "Basic EPS": 1.66,
        "Diluted NI Availto Com Stockholders": 20687000000.0,
        "Average Dilution Earnings": NaN,
        "Net Income Common Stockholders": 20687000000.0,
        "Net Income": 20687000000.0,
        "Net Income Including Noncontrolling Interests": 20687000000.0,
        "Net Income Continuous Operations": 20687000000.0,
        "Tax Provision": 3725000000.0,
        "Pretax Income": 24412000000.0,
        "Other Income Expense": -326000000.0,
        "Other Non Operating Income Expenses": -92000000.0,
        "Earnings From Equity Interest": -256000000.0,
        "Gain On Sale Of Security": 22000000.0,
        "Net Non Operating Interest Income Expense": 1041000000.0,
        "Interest Expense Non Operating": 69000000.0,
        "Interest Income Non Operating": 1110000000.0,
        "Operating Income": 23697000000.0,
        "Operating Expense": 25038000000.0,
        "Research And Development": 12113000000.0,
        "Selling General And Administration": 12925000000.0,
        "Selling And Marketing Expense": 7719000000.0,
        "General And Administrative Expense": 5206000000.0,
        "Other Gand A": 5206000000.0,
        "Gross Profit": 48735000000.0,
        "Cost Of Revenue": 37575000000.0,
        "Total Revenue": 86310000000.0,
        "Operating Revenue": 86310000000.0
    },
    "2024-03-31": {
        "Tax Effect Of Unusual Items": NaN,
        "Tax Rate For Calcs": NaN,
        "Normalized EBITDA": NaN,
        "Total Unusual Items": NaN,
        "Total Unusual Items Excluding Goodwill": NaN,
        "Net Income From Continuing Operation Net Minority Interest": NaN,
        "Reconciled Depreciation": NaN,
        "Reconciled Cost Of Revenue": NaN,
        "EBITDA": NaN,
        "EBIT": NaN,
        "Net Interest Income": NaN,
        "Interest Expense": NaN,
        "Interest Income": NaN,
        "Normalized Income": NaN,
        "Net Income From Continuing And Discontinued Operation": NaN,
        "Total Expenses": NaN,
        "Total Operating Income As Reported": NaN,
        "Diluted Average Shares": NaN,
        "Basic Average Shares": NaN,
        "Diluted EPS": NaN,
        "Basic EPS": NaN,
        "Diluted NI Availto Com Stockholders": NaN,
        "Average Dilution Earnings": 1641000000.0,
        "Net Income Common Stockholders": NaN,
        "Net Income": NaN,
        "Net Income Including Noncontrolling Interests": NaN,
        "Net Income Continuous Operations": NaN,
        "Tax Provision": NaN,
        "Pretax Income": NaN,
        "Other Income Expense": NaN,
        "Other Non Operating Income Expenses": NaN,
        "Special Income Charges": NaN,
        "Write Off": NaN,
        "Earnings From Equity Interest": -26000000.0,
        "Gain On Sale Of Security": NaN,
        "Net Non Operating Interest Income Expense": NaN,
        "Interest Expense Non Operating": NaN,
        "Interest Income Non Operating": NaN,
        "Operating Income": NaN,
        "Operating Expense": NaN,
        "Research And Development": NaN,
        "Selling General And Administration": NaN,
        "Selling And Marketing Expense": NaN,
        "General And Administrative Expense": NaN,
        "Other Gand A": NaN,
        "Gross Profit": NaN,
        "Cost Of Revenue": NaN,
        "Total Revenue": NaN,
        "Operating Revenue": NaN
    },
    "2024-06-30": {
        "Tax Effect Of Unusual Items": NaN,
        "Tax Rate For Calcs": NaN,
        "Normalized EBITDA": NaN,
        "Total Unusual Items": NaN,
        "Total Unusual Items Excluding Goodwill": NaN,
        "Net Income From Continuing Operation Net Minority Interest": NaN,
        "Reconciled Depreciation": NaN,
        "Reconciled Cost Of Revenue": NaN,
        "EBITDA": NaN,
        "EBIT": NaN,
        "Net Interest Income": NaN,
        "Interest Expense": NaN,
        "Interest Income": NaN,
        "Normalized Income": NaN,
        "Net Income From Continuing And Discontinued Operation": NaN,
        "Total Expenses": NaN,
        "Total Operating Income As Reported": NaN,
        "Diluted Average Shares": NaN,
        "Basic Average Shares": NaN,
        "Diluted EPS": NaN,
        "Basic EPS": NaN,
        "Diluted NI Availto Com Stockholders": NaN,
        "Average Dilution Earnings": NaN,
        "Net Income Common Stockholders": NaN,
        "Net Income": NaN,
        "Net Income Including Noncontrolling Interests": NaN,
        "Net Income Continuous Operations": NaN,
        "Tax Provision": NaN,
        "Pretax Income": NaN,
        "Other Income Expense": NaN,
        "Other Non Operating Income Expenses": NaN,
        "Special Income Charges": NaN,
        "Write Off": NaN,
        "Earnings From Equity Interest": 32000000.0,
        "Gain On Sale Of Security": NaN,
        "Net Non Operating Interest Income Expense": NaN,
        "Interest Expense Non Operating": NaN,
        "Interest Income Non Operating": NaN,
        "Operating Income": NaN,
        "Operating Expense": NaN,
        "Research And Development": NaN,
        "Selling General And Administration": NaN,
        "Selling And Marketing Expense": NaN,
        "General And Administrative Expense": NaN,
        "Other Gand A": NaN,
        "Gross Profit": NaN,
        "Cost Of Revenue": NaN,
        "Total Revenue": NaN,
        "Operating Revenue": NaN
    },
    "2024-09-30": {
        "Tax Effect Of Unusual Items": 322490000.0,
        "Tax Rate For Calcs": 0.17,
        "Normalized EBITDA": 33848000000.0,
        "Total Unusual Items": 1897000000.0,
        "Total Unusual Items Excluding Goodwill": 1897000000.0,
        "Net Income From Continuing Operation Net Minority Interest": 26301000000.0,
        "Reconciled Depreciation": 3985000000.0,
        "Reconciled Cost Of Revenue": 36474000000.0,
        "EBITDA": 35745000000.0,
        "EBIT": 31760000000.0,
        "Net Interest Income": 1189000000.0,
        "Interest Expense": 54000000.0,
        "Interest Income": 1243000000.0,
        "Normalized Income": 24726490000.0,
        "Net Income From Continuing And Discontinued Operation": 26301000000.0,
        "Total Expenses": 59747000000.0,
        "Total Operating Income As Reported": 28521000000.0,
        "Diluted Average Shares": 12419000000.0,
        "Basic Average Shares": 12290000000.0,
        "Diluted EPS": 2.12,
        "Basic EPS": 2.14,
        "Diluted NI Availto Com Stockholders": 26301000000.0,
        "Average Dilution Earnings": NaN,
        "Net Income Common Stockholders": 26301000000.0,
        "Net Income": 26301000000.0,
        "Net Income Including Noncontrolling Interests": 26301000000.0,
        "Net Income Continuous Operations": 26301000000.0,
        "Tax Provision": 5405000000.0,
        "Pretax Income": 31706000000.0,
        "Other Income Expense": 1996000000.0,
        "Other Non Operating Income Expenses": 99000000.0,
        "Special Income Charges": -107000000.0,
        "Write Off": 107000000.0,
        "Earnings From Equity Interest": -107000000.0,
        "Gain On Sale Of Security": 2004000000.0,
        "Net Non Operating Interest Income Expense": 1189000000.0,
        "Interest Expense Non Operating": 54000000.0,
        "Interest Income Non Operating": 1243000000.0,
        "Operating Income": 28521000000.0,
        "Operating Expense": 23273000000.0,
        "Research And Development": 12447000000.0,
        "Selling General And Administration": 10826000000.0,
        "Selling And Marketing Expense": 7227000000.0,
        "General And Administrative Expense": 3599000000.0,
        "Other Gand A": 3599000000.0,
        "Gross Profit": 51794000000.0,
        "Cost Of Revenue": 36474000000.0,
        "Total Revenue": 88268000000.0,
        "Operating Revenue": 88268000000.0
    },
    "2024-12-31": {
        "Tax Effect Of Unusual Items": -30974940.297119,
        "Tax Rate For Calcs": 0.177,
        "Normalized EBITDA": 36676000000.0,
        "Total Unusual Items": -175000000.0,
        "Total Unusual Items Excluding Goodwill": -175000000.0,
        "Net Income From Continuing Operation Net Minority Interest": 26536000000.0,
        "Reconciled Depreciation": 4205000000.0,
        "Reconciled Cost Of Revenue": 40613000000.0,
        "EBITDA": 36501000000.0,
        "EBIT": 32296000000.0,
        "Net Interest Income": 1035000000.0,
        "Interest Expense": 53000000.0,
        "Interest Income": 1088000000.0,
        "Normalized Income": 26680025059.70288,
        "Net Income From Continuing And Discontinued Operation": 26536000000.0,
        "Total Expenses": 65497000000.0,
        "Total Operating Income As Reported": 30972000000.0,
        "Diluted Average Shares": 12348000000.0,
        "Basic Average Shares": 12228000000.0,
        "Diluted EPS": 2.15,
        "Basic EPS": 2.17,
        "Diluted NI Availto Com Stockholders": 26536000000.0,
        "Average Dilution Earnings": NaN,
        "Net Income Common Stockholders": 26536000000.0,
        "Net Income": 26536000000.0,
        "Net Income Including Noncontrolling Interests": 26536000000.0,
        "Net Income Continuous Operations": 26536000000.0,
        "Tax Provision": 5707000000.0,
        "Pretax Income": 32243000000.0,
        "Other Income Expense": 236000000.0,
        "Other Non Operating Income Expenses": 411000000.0,
        "Special Income Charges": -87000000.0,
        "Write Off": 87000000.0,
        "Earnings From Equity Interest": -87000000.0,
        "Gain On Sale Of Security": -88000000.0,
        "Net Non Operating Interest Income Expense": 1035000000.0,
        "Interest Expense Non Operating": 53000000.0,
        "Interest Income Non Operating": 1088000000.0,
        "Operating Income": 30972000000.0,
        "Operating Expense": 24884000000.0,
        "Research And Development": 13116000000.0,
        "Selling General And Administration": 11768000000.0,
        "Selling And Marketing Expense": 7363000000.0,
        "General And Administrative Expense": 4405000000.0,
        "Other Gand A": 4405000000.0,
        "Gross Profit": 55856000000.0,
        "Cost Of Revenue": 40613000000.0,
        "Total Revenue": 96469000000.0,
        "Operating Revenue": 96469000000.0
    },
    "2025-03-31": {
        "Tax Effect Of Unusual Items": 1700936000.0,
        "Tax Rate For Calcs": 0.173,
        "Normalized EBITDA": 36478000000.0,
        "Total Unusual Items": 9832000000.0,
        "Total Unusual Items Excluding Goodwill": 9832000000.0,
        "Net Income From Continuing Operation Net Minority Interest": 34540000000.0,
        "Reconciled Depreciation": 4487000000.0,
        "Reconciled Cost Of Revenue": 36361000000.0,
        "EBITDA": 46310000000.0,
        "EBIT": 41823000000.0,
        "Net Interest Income": 967000000.0,
        "Interest Expense": 34000000.0,
        "Interest Income": 1001000000.0,
        "Normalized Income": 26408936000.0,
        "Net Income From Continuing And Discontinued Operation": 34540000000.0,
        "Total Expenses": 59628000000.0,
        "Total Operating Income As Reported": 30606000000.0,
        "Diluted Average Shares": 12291000000.0,
        "Basic Average Shares": 12183000000.0,
        "Diluted EPS": 2.81,
        "Basic EPS": 2.84,
        "Diluted NI Availto Com Stockholders": 34540000000.0,
        "Average Dilution Earnings": 2415000000.0,
        "Net Income Common Stockholders": 34540000000.0,
        "Net Income": 34540000000.0,
        "Net Income Including Noncontrolling Interests": 34540000000.0,
        "Net Income Continuous Operations": 34540000000.0,
        "Tax Provision": 7249000000.0,
        "Pretax Income": 41789000000.0,
        "Other Income Expense": 10216000000.0,
        "Other Non Operating Income Expenses": 384000000.0,
        "Special Income Charges": -22000000.0,
        "Write Off": 22000000.0,
        "Earnings From Equity Interest": -22000000.0,
        "Gain On Sale Of Security": 9854000000.0,
        "Net Non Operating Interest Income Expense": 967000000.0,
        "Interest Expense Non Operating": 34000000.0,
        "Interest Income Non Operating": 1001000000.0,
        "Operating Income": 30606000000.0,
        "Operating Expense": 23267000000.0,
        "Research And Development": 13556000000.0,
        "Selling General And Administration": 9711000000.0,
        "Selling And Marketing Expense": 6172000000.0,
        "General And Administrative Expense": 3539000000.0,
        "Other Gand A": 3539000000.0,
        "Gross Profit": 53873000000.0,
        "Cost Of Revenue": 36361000000.0,
        "Total Revenue": 90234000000.0,
        "Operating Revenue": 90234000000.0
    },
    "2025-06-30": {
        "Tax Effect Of Unusual Items": 304369000.0,
        "Tax Rate For Calcs": 0.169,
        "Normalized EBITDA": 37391000000.0,
        "Total Unusual Items": 1801000000.0,
        "Total Unusual Items Excluding Goodwill": 1801000000.0,
        "Net Income From Continuing Operation Net Minority Interest": 28196000000.0,
        "Reconciled Depreciation": 4998000000.0,
        "Reconciled Cost Of Revenue": 39039000000.0,
        "EBITDA": 39192000000.0,
        "EBIT": 34194000000.0,
        "Net Interest Income": 789000000.0,
        "Interest Expense": 261000000.0,
        "Interest Income": 1050000000.0,
        "Normalized Income": 26699369000.0,
        "Net Income From Continuing And Discontinued Operation": 28196000000.0,
        "Total Expenses": 65157000000.0,
        "Total Operating Income As Reported": 31271000000.0,
        "Diluted Average Shares": 12198000000.0,
        "Basic Average Shares": 12122000000.0,
        "Diluted EPS": 2.31,
        "Basic EPS": 2.33,
        "Diluted NI Availto Com Stockholders": 28196000000.0,
        "Average Dilution Earnings": NaN,
        "Net Income Common Stockholders": 28196000000.0,
        "Net Income": 28196000000.0,
        "Net Income Including Noncontrolling Interests": 28196000000.0,
        "Net Income Continuous Operations": 28196000000.0,
        "Tax Provision": 5737000000.0,
        "Pretax Income": 33933000000.0,
        "Other Income Expense": 1873000000.0,
        "Other Non Operating Income Expenses": 72000000.0,
        "Special Income Charges": 419000000.0,
        "Write Off": -419000000.0,
        "Earnings From Equity Interest": NaN,
        "Gain On Sale Of Security": 1382000000.0,
        "Net Non Operating Interest Income Expense": 789000000.0,
        "Interest Expense Non Operating": 261000000.0,
        "Interest Income Non Operating": 1050000000.0,
        "Operating Income": 31271000000.0,
        "Operating Expense": 26118000000.0,
        "Research And Development": 13808000000.0,
        "Selling General And Administration": 12310000000.0,
        "Selling And Marketing Expense": 7101000000.0,
        "General And Administrative Expense": 5209000000.0,
        "Other Gand A": 5209000000.0,
        "Gross Profit": 57389000000.0,
        "Cost Of Revenue": 39039000000.0,
        "Total Revenue": 96428000000.0,
        "Operating Revenue": 96428000000.0
    },
    "2025-09-30": {
        "Tax Effect Of Unusual Items": 2190015000.0,
        "Tax Rate For Calcs": 0.205,
        "Normalized EBITDA": 39058000000.0,
        "Total Unusual Items": 10683000000.0,
        "Total Unusual Items Excluding Goodwill": 10683000000.0,
        "Net Income From Continuing Operation Net Minority Interest": 34979000000.0,
        "Reconciled Depreciation": 5611000000.0,
        "Reconciled Cost Of Revenue": 41369000000.0,
        "EBITDA": 49741000000.0,
        "EBIT": 44130000000.0,
        "Net Interest Income": 933000000.0,
        "Interest Expense": 143000000.0,
        "Interest Income": 1076000000.0,
        "Normalized Income": 26486015000.0,
        "Net Income From Continuing And Discontinued Operation": 34979000000.0,
        "Total Expenses": 71118000000.0,
        "Total Operating Income As Reported": 31228000000.0,
        "Diluted Average Shares": 12203000000.0,
        "Basic Average Shares": 12086000000.0,
        "Diluted EPS": 2.87,
        "Basic EPS": 2.89,
        "Diluted NI Availto Com Stockholders": 34979000000.0,
        "Average Dilution Earnings": NaN,
        "Net Income Common Stockholders": 34979000000.0,
        "Net Income": 34979000000.0,
        "Net Income Including Noncontrolling Interests": 34979000000.0,
        "Net Income Continuous Operations": 34979000000.0,
        "Tax Provision": 9008000000.0,
        "Pretax Income": 43987000000.0,
        "Other Income Expense": 11826000000.0,
        "Other Non Operating Income Expenses": 1143000000.0,
        "Special Income Charges": -30000000.0,
        "Write Off": 30000000.0,
        "Earnings From Equity Interest": NaN,
        "Gain On Sale Of Security": 10713000000.0,
        "Net Non Operating Interest Income Expense": 933000000.0,
        "Interest Expense Non Operating": 143000000.0,
        "Interest Income Non Operating": 1076000000.0,
        "Operating Income": 31228000000.0,
        "Operating Expense": 29749000000.0,
        "Research And Development": 15151000000.0,
        "Selling General And Administration": 14598000000.0,
        "Selling And Marketing Expense": 7205000000.0,
        "General And Administrative Expense": 7393000000.0,
        "Other Gand A": 7393000000.0,
        "Gross Profit": 60977000000.0,
        "Cost Of Revenue": 41369000000.0,
        "Total Revenue": 102346000000.0,
        "Operating Revenue": 102346000000.0
    }
}