{
    "2023-09-30": {
        "Tax Effect Of Unusual Items": NaN,
        "Tax Rate For Calcs": NaN,
        "Normalized EBITDA": NaN,
        "Total Unusual Items": -21000.0,
        "Total Unusual Items Excluding Goodwill": -21000.0,
        "Net Income From Continuing Operation Net Minority Interest": NaN,
        "Reconciled Depreciation": NaN,
        "Reconciled Cost Of Revenue": NaN,
        "EBITDA": NaN,
        "EBIT": NaN,
        "Net Interest Income": NaN,
        "Interest Expense": NaN,
        "Normalized Income": NaN,
        "Net Income From Continuing And Discontinued Operation": NaN,
        "Total Expenses": NaN,
        "Total Operating Income As Reported": NaN,
        "Diluted Average Shares": NaN,
        "Basic Average Shares": NaN,
        "Diluted EPS": NaN,
        "Basic EPS": NaN,
        "Diluted NI Availto Com Stockholders": NaN,
        "Net Income Common Stockholders": NaN,
        "Otherunder Preferred Stock Dividend": 0.0,
        "Preferred Stock Dividends": NaN,
        "Net Income": NaN,
        "Net Income Including Noncontrolling Interests": NaN,
        "Net Income Continuous Operations": NaN,
        "Tax Provision": NaN,
        "Pretax Income": NaN,
        "Other Income Expense": -21000.0,
        "Special Income Charges": -21000.0,
        "Gain On Sale Of Ppe": -21000.0,
        "Gain On Sale Of Security": NaN,
        "Net Non Operating Interest Income Expense": NaN,
        "Interest Expense Non Operating": NaN,
        "Operating Income": NaN,
        "Operating Expense": NaN,
        "Depreciation Amortization Depletion Income Statement": NaN,
        "Depreciation And Amortization In Income Statement": NaN,
        "Selling General And Administration": NaN,
        "General And Administrative Expense": 48250000.0,
        "Other Gand A": 48250000.0,
        "Gross Profit": NaN,
        "Cost Of Revenue": NaN,
        "Total Revenue": NaN,
        "Operating Revenue": NaN
    },
    "2023-06-30": {
        "Tax Effect Of Unusual Items": NaN,
        "Tax Rate For Calcs": NaN,
        "Normalized EBITDA": NaN,
        "Total Unusual Items": NaN,
        "Total Unusual Items Excluding Goodwill": NaN,
        "Net Income From Continuing Operation Net Minority Interest": NaN,
        "Reconciled Depreciation": NaN,
        "Reconciled Cost Of Revenue": NaN,
        "EBITDA": NaN,
        "EBIT": NaN,
        "Net Interest Income": NaN,
        "Interest Expense": NaN,
        "Normalized Income": NaN,
        "Net Income From Continuing And Discontinued Operation": NaN,
        "Total Expenses": NaN,
        "Total Operating Income As Reported": NaN,
        "Diluted Average Shares": NaN,
        "Basic Average Shares": NaN,
        "Diluted EPS": NaN,
        "Basic EPS": NaN,
        "Diluted NI Availto Com Stockholders": NaN,
        "Net Income Common Stockholders": NaN,
        "Otherunder Preferred Stock Dividend": NaN,
        "Preferred Stock Dividends": NaN,
        "Net Income": NaN,
        "Net Income Including Noncontrolling Interests": NaN,
        "Net Income Continuous Operations": NaN,
        "Tax Provision": NaN,
        "Pretax Income": NaN,
        "Other Income Expense": NaN,
        "Special Income Charges": NaN,
        "Gain On Sale Of Ppe": NaN,
        "Gain On Sale Of Security": NaN,
        "Net Non Operating Interest Income Expense": NaN,
        "Interest Expense Non Operating": NaN,
        "Operating Income": NaN,
        "Operating Expense": NaN,
        "Depreciation Amortization Depletion Income Statement": NaN,
        "Depreciation And Amortization In Income Statement": NaN,
        "Selling General And Administration": NaN,
        "General And Administrative Expense": 50480000.0,
        "Other Gand A": 50480000.0,
        "Gross Profit": NaN,
        "Cost Of Revenue": NaN,
        "Total Revenue": NaN,
        "Operating Revenue": NaN
    },
    "2023-03-31": {
        "Tax Effect Of Unusual Items": NaN,
        "Tax Rate For Calcs": NaN,
        "Normalized EBITDA": NaN,
        "Total Unusual Items": 856000.0,
        "Total Unusual Items Excluding Goodwill": 856000.0,
        "Net Income From Continuing Operation Net Minority Interest": NaN,
        "Reconciled Depreciation": NaN,
        "Reconciled Cost Of Revenue": NaN,
        "EBITDA": NaN,
        "EBIT": NaN,
        "Net Interest Income": NaN,
        "Interest Expense": NaN,
        "Normalized Income": NaN,
        "Net Income From Continuing And Discontinued Operation": NaN,
        "Total Expenses": NaN,
        "Total Operating Income As Reported": NaN,
        "Diluted Average Shares": NaN,
        "Basic Average Shares": NaN,
        "Diluted EPS": NaN,
        "Basic EPS": NaN,
        "Diluted NI Availto Com Stockholders": NaN,
        "Net Income Common Stockholders": NaN,
        "Otherunder Preferred Stock Dividend": NaN,
        "Preferred Stock Dividends": NaN,
        "Net Income": NaN,
        "Net Income Including Noncontrolling Interests": NaN,
        "Net Income Continuous Operations": NaN,
        "Tax Provision": NaN,
        "Pretax Income": NaN,
        "Other Income Expense": 856000.0,
        "Special Income Charges": NaN,
        "Gain On Sale Of Ppe": NaN,
        "Gain On Sale Of Security": 856000.0,
        "Net Non Operating Interest Income Expense": NaN,
        "Interest Expense Non Operating": NaN,
        "Operating Income": NaN,
        "Operating Expense": NaN,
        "Depreciation Amortization Depletion Income Statement": NaN,
        "Depreciation And Amortization In Income Statement": NaN,
        "Selling General And Administration": NaN,
        "General And Administrative Expense": NaN,
        "Other Gand A": NaN,
        "Gross Profit": NaN,
        "Cost Of Revenue": NaN,
        "Total Revenue": NaN,
        "Operating Revenue": NaN
    },
    "2022-12-31": {
        "Tax Effect Of Unusual Items": NaN,
        "Tax Rate For Calcs": NaN,
        "Normalized EBITDA": NaN,
        "Total Unusual Items": 1865000.0,
        "Total Unusual Items Excluding Goodwill": 1865000.0,
        "Net Income From Continuing Operation Net Minority Interest": NaN,
        "Reconciled Depreciation": NaN,
        "Reconciled Cost Of Revenue": NaN,
        "EBITDA": NaN,
        "EBIT": NaN,
        "Net Interest Income": NaN,
        "Interest Expense": NaN,
        "Normalized Income": NaN,
        "Net Income From Continuing And Discontinued Operation": NaN,
        "Total Expenses": NaN,
        "Total Operating Income As Reported": NaN,
        "Diluted Average Shares": NaN,
        "Basic Average Shares": NaN,
        "Diluted EPS": NaN,
        "Basic EPS": NaN,
        "Diluted NI Availto Com Stockholders": NaN,
        "Net Income Common Stockholders": NaN,
        "Otherunder Preferred Stock Dividend": NaN,
        "Preferred Stock Dividends": NaN,
        "Net Income": NaN,
        "Net Income Including Noncontrolling Interests": NaN,
        "Net Income Continuous Operations": NaN,
        "Tax Provision": NaN,
        "Pretax Income": NaN,
        "Other Income Expense": 1865000.0,
        "Special Income Charges": 83000.0,
        "Gain On Sale Of Ppe": NaN,
        "Gain On Sale Of Security": 1782000.0,
        "Net Non Operating Interest Income Expense": NaN,
        "Interest Expense Non Operating": NaN,
        "Operating Income": NaN,
        "Operating Expense": NaN,
        "Depreciation Amortization Depletion Income Statement": NaN,
        "Depreciation And Amortization In Income Statement": NaN,
        "Selling General And Administration": NaN,
        "General And Administrative Expense": 47732000.0,
        "Other Gand A": 49815000.0,
        "Gross Profit": NaN,
        "Cost Of Revenue": NaN,
        "Total Revenue": NaN,
        "Operating Revenue": NaN
    },
    "2023-12-31": {
        "Tax Effect Of Unusual Items": -25527010.777661,
        "Tax Rate For Calcs": 0.216424,
        "Normalized EBITDA": -4014000.0,
        "Total Unusual Items": -117949000.0,
        "Total Unusual Items Excluding Goodwill": -117949000.0,
        "Net Income From Continuing Operation Net Minority Interest": -107965000.0,
        "Reconciled Depreciation": 5019000.0,
        "Reconciled Cost Of Revenue": 155372000.0,
        "EBITDA": -121963000.0,
        "EBIT": -127011000.0,
        "Net Interest Income": -10774000.0,
        "Interest Expense": 10774000.0,
        "Normalized Income": -15543010.777661,
        "Net Income From Continuing And Discontinued Operation": -107965000.0,
        "Total Expenses": 207091000.0,
        "Total Operating Income As Reported": -127032000.0,
        "Diluted Average Shares": 14384961.0,
        "Basic Average Shares": 14384961.0,
        "Diluted EPS": -7.59,
        "Basic EPS": -7.59,
        "Diluted NI Availto Com Stockholders": -109175000.0,
        "Net Income Common Stockholders": -109175000.0,
        "Otherunder Preferred Stock Dividend": NaN,
        "Preferred Stock Dividends": 1210000.0,
        "Net Income": -107965000.0,
        "Net Income Including Noncontrolling Interests": -107965000.0,
        "Net Income Continuous Operations": -107965000.0,
        "Tax Provision": -29820000.0,
        "Pretax Income": -137785000.0,
        "Other Income Expense": -117949000.0,
        "Special Income Charges": -117949000.0,
        "Gain On Sale Of Ppe": NaN,
        "Gain On Sale Of Security": 0.0,
        "Net Non Operating Interest Income Expense": -10774000.0,
        "Interest Expense Non Operating": 10774000.0,
        "Operating Income": -9062000.0,
        "Operating Expense": 51748000.0,
        "Depreciation Amortization Depletion Income Statement": 5048000.0,
        "Depreciation And Amortization In Income Statement": 5048000.0,
        "Selling General And Administration": 46700000.0,
        "General And Administrative Expense": 46700000.0,
        "Other Gand A": 46700000.0,
        "Gross Profit": 42686000.0,
        "Cost Of Revenue": 155343000.0,
        "Total Revenue": 198029000.0,
        "Operating Revenue": 198029000.0
    },
    "2024-03-31": {
        "Tax Effect Of Unusual Items": 0.0,
        "Tax Rate For Calcs": 0.236,
        "Normalized EBITDA": -11120000.0,
        "Total Unusual Items": NaN,
        "Total Unusual Items Excluding Goodwill": NaN,
        "Net Income From Continuing Operation Net Minority Interest": -21980000.0,
        "Reconciled Depreciation": 5460000.0,
        "Reconciled Cost Of Revenue": 232821000.0,
        "EBITDA": -11120000.0,
        "EBIT": -16581000.0,
        "Net Interest Income": -12199000.0,
        "Interest Expense": 12199000.0,
        "Normalized Income": -21980000.0,
        "Net Income From Continuing And Discontinued Operation": -21980000.0,
        "Total Expenses": 287167000.0,
        "Total Operating Income As Reported": -16581000.0,
        "Diluted Average Shares": 14368677.0,
        "Basic Average Shares": 14368677.0,
        "Diluted EPS": -1.67,
        "Basic EPS": -1.67,
        "Diluted NI Availto Com Stockholders": -23964000.0,
        "Net Income Common Stockholders": -23964000.0,
        "Otherunder Preferred Stock Dividend": NaN,
        "Preferred Stock Dividends": 1984000.0,
        "Net Income": -21980000.0,
        "Net Income Including Noncontrolling Interests": -21980000.0,
        "Net Income Continuous Operations": -21980000.0,
        "Tax Provision": -6800000.0,
        "Pretax Income": -28780000.0,
        "Other Income Expense": NaN,
        "Special Income Charges": NaN,
        "Gain On Sale Of Ppe": NaN,
        "Gain On Sale Of Security": NaN,
        "Net Non Operating Interest Income Expense": -12199000.0,
        "Interest Expense Non Operating": 12199000.0,
        "Operating Income": -16581000.0,
        "Operating Expense": 54347000.0,
        "Depreciation Amortization Depletion Income Statement": 5461000.0,
        "Depreciation And Amortization In Income Statement": 5461000.0,
        "Selling General And Administration": 48886000.0,
        "General And Administrative Expense": NaN,
        "Other Gand A": NaN,
        "Gross Profit": 37766000.0,
        "Cost Of Revenue": 232820000.0,
        "Total Revenue": 270586000.0,
        "Operating Revenue": 270586000.0
    },
    "2022-09-30": {
        "Tax Effect Of Unusual Items": NaN,
        "Tax Rate For Calcs": NaN,
        "Normalized EBITDA": NaN,
        "Total Unusual Items": -521000.0,
        "Total Unusual Items Excluding Goodwill": -521000.0,
        "Net Income From Continuing Operation Net Minority Interest": NaN,
        "Reconciled Depreciation": NaN,
        "Reconciled Cost Of Revenue": NaN,
        "EBITDA": NaN,
        "EBIT": NaN,
        "Net Interest Income": NaN,
        "Interest Expense": NaN,
        "Normalized Income": NaN,
        "Net Income From Continuing And Discontinued Operation": NaN,
        "Total Expenses": NaN,
        "Total Operating Income As Reported": NaN,
        "Diluted Average Shares": NaN,
        "Basic Average Shares": NaN,
        "Diluted EPS": NaN,
        "Basic EPS": NaN,
        "Diluted NI Availto Com Stockholders": NaN,
        "Net Income Common Stockholders": NaN,
        "Otherunder Preferred Stock Dividend": 0.0,
        "Preferred Stock Dividends": NaN,
        "Net Income": NaN,
        "Net Income Including Noncontrolling Interests": NaN,
        "Net Income Continuous Operations": NaN,
        "Tax Provision": NaN,
        "Pretax Income": NaN,
        "Other Income Expense": -521000.0,
        "Special Income Charges": 0.0,
        "Gain On Sale Of Ppe": 0.0,
        "Restructuring And Mergern Acquisition": -38000.0,
        "Gain On Sale Of Security": -521000.0,
        "Net Non Operating Interest Income Expense": NaN,
        "Interest Expense Non Operating": NaN,
        "Operating Income": NaN,
        "Operating Expense": NaN,
        "Depreciation Amortization Depletion Income Statement": NaN,
        "Depreciation And Amortization In Income Statement": NaN,
        "Selling General And Administration": NaN,
        "General And Administrative Expense": 55541000.0,
        "Other Gand A": 55541000.0,
        "Salaries And Wages": 831000.0,
        "Gross Profit": NaN,
        "Cost Of Revenue": NaN,
        "Total Revenue": NaN,
        "Operating Revenue": NaN
    },
    "2024-06-30": {
        "Tax Effect Of Unusual Items": -70770.0,
        "Tax Rate For Calcs": 0.21,
        "Normalized EBITDA": -3562000.0,
        "Total Unusual Items": -337000.0,
        "Total Unusual Items Excluding Goodwill": -337000.0,
        "Net Income From Continuing Operation Net Minority Interest": -44221000.0,
        "Reconciled Depreciation": 4956000.0,
        "Reconciled Cost Of Revenue": 191290000.0,
        "EBITDA": -3899000.0,
        "EBIT": -8855000.0,
        "Net Interest Income": -11545000.0,
        "Interest Expense": 11545000.0,
        "Normalized Income": -43954770.0,
        "Net Income From Continuing And Discontinued Operation": -44221000.0,
        "Total Expenses": 247212000.0,
        "Total Operating Income As Reported": -8518000.0,
        "Diluted Average Shares": 14374897.0,
        "Basic Average Shares": 14374897.0,
        "Diluted EPS": -3.22,
        "Basic EPS": -3.22,
        "Diluted NI Availto Com Stockholders": -46252000.0,
        "Net Income Common Stockholders": -46252000.0,
        "Otherunder Preferred Stock Dividend": NaN,
        "Preferred Stock Dividends": 2031000.0,
        "Net Income": -44221000.0,
        "Net Income Including Noncontrolling Interests": -44221000.0,
        "Net Income Continuous Operations": -44221000.0,
        "Tax Provision": 23821000.0,
        "Pretax Income": -20400000.0,
        "Other Income Expense": -337000.0,
        "Special Income Charges": NaN,
        "Gain On Sale Of Ppe": NaN,
        "Gain On Sale Of Security": -337000.0,
        "Net Non Operating Interest Income Expense": -11545000.0,
        "Interest Expense Non Operating": 11545000.0,
        "Operating Income": -8518000.0,
        "Operating Expense": 55922000.0,
        "Depreciation Amortization Depletion Income Statement": 4956000.0,
        "Depreciation And Amortization In Income Statement": 4956000.0,
        "Selling General And Administration": 50966000.0,
        "General And Administrative Expense": NaN,
        "Other Gand A": NaN,
        "Gross Profit": 47404000.0,
        "Cost Of Revenue": 191290000.0,
        "Total Revenue": 238694000.0,
        "Operating Revenue": 238694000.0
    },
    "2024-09-30": {
        "Tax Effect Of Unusual Items": -9702.0,
        "Tax Rate For Calcs": 0.021,
        "Normalized EBITDA": -488000.0,
        "Total Unusual Items": -462000.0,
        "Total Unusual Items Excluding Goodwill": -462000.0,
        "Net Income From Continuing Operation Net Minority Interest": -17665000.0,
        "Reconciled Depreciation": 5171000.0,
        "Reconciled Cost Of Revenue": 168151000.0,
        "EBITDA": -950000.0,
        "EBIT": -6121000.0,
        "Net Interest Income": -11925000.0,
        "Interest Expense": 11925000.0,
        "Normalized Income": -17212702.0,
        "Net Income From Continuing And Discontinued Operation": -17665000.0,
        "Total Expenses": 219124000.0,
        "Total Operating Income As Reported": -5659000.0,
        "Diluted Average Shares": 14439861.0,
        "Basic Average Shares": 14439861.0,
        "Diluted EPS": -1.37,
        "Basic EPS": -1.37,
        "Diluted NI Availto Com Stockholders": -19824000.0,
        "Net Income Common Stockholders": -19824000.0,
        "Otherunder Preferred Stock Dividend": NaN,
        "Preferred Stock Dividends": 2159000.0,
        "Net Income": -17665000.0,
        "Net Income Including Noncontrolling Interests": -17665000.0,
        "Net Income Continuous Operations": -17665000.0,
        "Tax Provision": -381000.0,
        "Pretax Income": -18046000.0,
        "Other Income Expense": -462000.0,
        "Special Income Charges": 0.0,
        "Gain On Sale Of Ppe": 0.0,
        "Gain On Sale Of Security": -462000.0,
        "Net Non Operating Interest Income Expense": -11925000.0,
        "Interest Expense Non Operating": 11925000.0,
        "Operating Income": -5659000.0,
        "Operating Expense": 50972000.0,
        "Depreciation Amortization Depletion Income Statement": 5170000.0,
        "Depreciation And Amortization In Income Statement": 5170000.0,
        "Selling General And Administration": 45802000.0,
        "General And Administrative Expense": 45802000.0,
        "Other Gand A": 45802000.0,
        "Gross Profit": 45313000.0,
        "Cost Of Revenue": 168152000.0,
        "Total Revenue": 213465000.0,
        "Operating Revenue": 213465000.0
    },
    "2024-12-31": {
        "Tax Effect Of Unusual Items": -11924850.0,
        "Tax Rate For Calcs": 0.21,
        "Normalized EBITDA": -23017000.0,
        "Total Unusual Items": -56785000.0,
        "Total Unusual Items Excluding Goodwill": -56785000.0,
        "Net Income From Continuing Operation Net Minority Interest": -96097000.0,
        "Reconciled Depreciation": 5038000.0,
        "Reconciled Cost Of Revenue": 118445000.0,
        "EBITDA": -79802000.0,
        "EBIT": -84840000.0,
        "Net Interest Income": -11245000.0,
        "Interest Expense": 11245000.0,
        "Normalized Income": -51236850.0,
        "Net Income From Continuing And Discontinued Operation": -96097000.0,
        "Total Expenses": 176872000.0,
        "Total Operating Income As Reported": -67148000.0,
        "Diluted Average Shares": 39532129.0,
        "Basic Average Shares": 39532129.0,
        "Diluted EPS": -2.39,
        "Basic EPS": -2.39,
        "Diluted NI Availto Com Stockholders": -97177000.0,
        "Net Income Common Stockholders": -97177000.0,
        "Otherunder Preferred Stock Dividend": NaN,
        "Preferred Stock Dividends": 1080000.0,
        "Net Income": -96097000.0,
        "Net Income Including Noncontrolling Interests": -96097000.0,
        "Net Income Continuous Operations": -96097000.0,
        "Tax Provision": 12000.0,
        "Pretax Income": -96085000.0,
        "Other Income Expense": -56785000.0,
        "Special Income Charges": -40531000.0,
        "Gain On Sale Of Ppe": -1438000.0,
        "Gain On Sale Of Security": -16254000.0,
        "Net Non Operating Interest Income Expense": -11245000.0,
        "Interest Expense Non Operating": 11245000.0,
        "Operating Income": -28055000.0,
        "Operating Expense": 58427000.0,
        "Depreciation Amortization Depletion Income Statement": 5038000.0,
        "Depreciation And Amortization In Income Statement": 5038000.0,
        "Selling General And Administration": 53389000.0,
        "General And Administrative Expense": 53389000.0,
        "Other Gand A": 53389000.0,
        "Gross Profit": 30372000.0,
        "Cost Of Revenue": 118445000.0,
        "Total Revenue": 148817000.0,
        "Operating Revenue": 148817000.0
    }
}