{
    "2023-03-31": {
        "Tax Effect Of Unusual Items": NaN,
        "Tax Rate For Calcs": NaN,
        "Normalized EBITDA": NaN,
        "Total Unusual Items": NaN,
        "Total Unusual Items Excluding Goodwill": NaN,
        "Net Income From Continuing Operation Net Minority Interest": NaN,
        "Reconciled Depreciation": NaN,
        "EBITDA": NaN,
        "EBIT": NaN,
        "Net Interest Income": NaN,
        "Interest Expense": NaN,
        "Interest Income": NaN,
        "Normalized Income": NaN,
        "Net Income From Continuing And Discontinued Operation": NaN,
        "Total Expenses": NaN,
        "Total Operating Income As Reported": NaN,
        "Diluted Average Shares": NaN,
        "Basic Average Shares": NaN,
        "Diluted EPS": NaN,
        "Basic EPS": NaN,
        "Diluted NI Availto Com Stockholders": NaN,
        "Average Dilution Earnings": NaN,
        "Net Income Common Stockholders": NaN,
        "Net Income": NaN,
        "Net Income Including Noncontrolling Interests": NaN,
        "Net Income Continuous Operations": NaN,
        "Tax Provision": NaN,
        "Pretax Income": NaN,
        "Other Income Expense": NaN,
        "Other Non Operating Income Expenses": NaN,
        "Special Income Charges": NaN,
        "Other Special Charges": 15000.0,
        "Net Non Operating Interest Income Expense": NaN,
        "Interest Expense Non Operating": NaN,
        "Interest Income Non Operating": NaN,
        "Operating Income": NaN,
        "Operating Expense": NaN,
        "Research And Development": NaN,
        "Selling General And Administration": NaN,
        "General And Administrative Expense": NaN,
        "Other Gand A": NaN,
        "Total Revenue": NaN,
        "Operating Revenue": NaN
    },
    "2022-12-31": {
        "Tax Effect Of Unusual Items": NaN,
        "Tax Rate For Calcs": NaN,
        "Normalized EBITDA": NaN,
        "Total Unusual Items": NaN,
        "Total Unusual Items Excluding Goodwill": NaN,
        "Net Income From Continuing Operation Net Minority Interest": NaN,
        "Reconciled Depreciation": NaN,
        "EBITDA": NaN,
        "EBIT": NaN,
        "Net Interest Income": NaN,
        "Interest Expense": NaN,
        "Interest Income": NaN,
        "Normalized Income": NaN,
        "Net Income From Continuing And Discontinued Operation": NaN,
        "Total Expenses": NaN,
        "Total Operating Income As Reported": NaN,
        "Diluted Average Shares": NaN,
        "Basic Average Shares": NaN,
        "Diluted EPS": NaN,
        "Basic EPS": NaN,
        "Diluted NI Availto Com Stockholders": NaN,
        "Average Dilution Earnings": NaN,
        "Net Income Common Stockholders": NaN,
        "Net Income": NaN,
        "Net Income Including Noncontrolling Interests": NaN,
        "Net Income Continuous Operations": NaN,
        "Tax Provision": NaN,
        "Pretax Income": NaN,
        "Other Income Expense": NaN,
        "Other Non Operating Income Expenses": NaN,
        "Special Income Charges": NaN,
        "Other Special Charges": 15000.0,
        "Net Non Operating Interest Income Expense": NaN,
        "Interest Expense Non Operating": NaN,
        "Interest Income Non Operating": NaN,
        "Operating Income": NaN,
        "Operating Expense": NaN,
        "Research And Development": NaN,
        "Selling General And Administration": NaN,
        "General And Administrative Expense": NaN,
        "Other Gand A": NaN,
        "Total Revenue": NaN,
        "Operating Revenue": NaN
    },
    "2022-09-30": {
        "Tax Effect Of Unusual Items": NaN,
        "Tax Rate For Calcs": NaN,
        "Normalized EBITDA": NaN,
        "Total Unusual Items": NaN,
        "Total Unusual Items Excluding Goodwill": NaN,
        "Net Income From Continuing Operation Net Minority Interest": NaN,
        "Reconciled Depreciation": NaN,
        "EBITDA": NaN,
        "EBIT": NaN,
        "Net Interest Income": NaN,
        "Interest Expense": NaN,
        "Interest Income": NaN,
        "Normalized Income": NaN,
        "Net Income From Continuing And Discontinued Operation": NaN,
        "Total Expenses": NaN,
        "Total Operating Income As Reported": NaN,
        "Diluted Average Shares": NaN,
        "Basic Average Shares": NaN,
        "Diluted EPS": NaN,
        "Basic EPS": NaN,
        "Diluted NI Availto Com Stockholders": NaN,
        "Net Income Common Stockholders": NaN,
        "Net Income": NaN,
        "Net Income Including Noncontrolling Interests": NaN,
        "Net Income Continuous Operations": NaN,
        "Pretax Income": NaN,
        "Other Income Expense": NaN,
        "Other Non Operating Income Expenses": NaN,
        "Special Income Charges": NaN,
        "Other Special Charges": 15000.0,
        "Net Non Operating Interest Income Expense": NaN,
        "Interest Expense Non Operating": NaN,
        "Interest Income Non Operating": NaN,
        "Operating Income": NaN,
        "Operating Expense": NaN,
        "Research And Development": NaN,
        "Selling General And Administration": NaN,
        "General And Administrative Expense": NaN,
        "Other Gand A": NaN,
        "Total Revenue": NaN,
        "Operating Revenue": NaN
    },
    "2022-06-30": {
        "Tax Effect Of Unusual Items": 0.0,
        "Tax Rate For Calcs": 0.0,
        "Normalized EBITDA": -51871000.0,
        "Total Unusual Items": -15000.0,
        "Total Unusual Items Excluding Goodwill": -15000.0,
        "Net Income From Continuing Operation Net Minority Interest": -56466000.0,
        "Reconciled Depreciation": 1099000.0,
        "EBITDA": -51886000.0,
        "EBIT": -52985000.0,
        "Net Interest Income": -3181000.0,
        "Interest Expense": 3481000.0,
        "Interest Income": 300000.0,
        "Normalized Income": -56451000.0,
        "Net Income From Continuing And Discontinued Operation": -56466000.0,
        "Total Expenses": 53857000.0,
        "Total Operating Income As Reported": -53872000.0,
        "Diluted Average Shares": 76668162.0,
        "Basic Average Shares": 76668162.0,
        "Diluted EPS": -0.74,
        "Basic EPS": -0.74,
        "Diluted NI Availto Com Stockholders": -56466000.0,
        "Net Income Common Stockholders": -56466000.0,
        "Net Income": -56466000.0,
        "Net Income Including Noncontrolling Interests": -56466000.0,
        "Net Income Continuous Operations": -56466000.0,
        "Pretax Income": -56466000.0,
        "Other Income Expense": 572000.0,
        "Other Non Operating Income Expenses": 587000.0,
        "Special Income Charges": -15000.0,
        "Other Special Charges": 15000.0,
        "Net Non Operating Interest Income Expense": -3181000.0,
        "Interest Expense Non Operating": 3481000.0,
        "Interest Income Non Operating": 300000.0,
        "Operating Income": -53857000.0,
        "Operating Expense": 53857000.0,
        "Research And Development": 42580000.0,
        "Selling General And Administration": 11277000.0,
        "General And Administrative Expense": 11277000.0,
        "Other Gand A": 11277000.0,
        "Total Revenue": 0.0,
        "Operating Revenue": 0.0
    },
    "2022-03-31": {
        "Diluted EPS": -0.76,
        "Total Revenue": NaN,
        "Gross Profit": NaN,
        "Operating Income": -54,
        "EBIT": -53,
        "Net Income": -58
    },
    "2021-12-31": {
        "Diluted EPS": -0.75,
        "Total Revenue": NaN,
        "Gross Profit": NaN,
        "Operating Income": -52,
        "EBIT": -48,
        "Net Income": -56
    },
    "2021-09-30": {
        "Diluted EPS": -0.8,
        "Total Revenue": NaN,
        "Gross Profit": NaN,
        "Operating Income": -56,
        "EBIT": -53,
        "Net Income": -60
    },
    "2021-06-30": {
        "Diluted EPS": -0.8,
        "Total Revenue": NaN,
        "Gross Profit": NaN,
        "Operating Income": -56,
        "EBIT": -53,
        "Net Income": -60
    },
    "2021-03-31": {
        "Diluted EPS": -0.78,
        "Total Revenue": NaN,
        "Gross Profit": NaN,
        "Operating Income": -53,
        "EBIT": -50,
        "Net Income": -58
    },
    "2020-12-31": {
        "Diluted EPS": -0.88,
        "Total Revenue": NaN,
        "Gross Profit": NaN,
        "Operating Income": -60,
        "EBIT": -57,
        "Net Income": -65
    },
    "2020-09-30": {
        "Diluted EPS": -0.8,
        "Total Revenue": NaN,
        "Gross Profit": NaN,
        "Operating Income": -54,
        "EBIT": -51,
        "Net Income": -58
    },
    "2020-06-30": {
        "Diluted EPS": -1.0,
        "Total Revenue": NaN,
        "Gross Profit": NaN,
        "Operating Income": -65,
        "EBIT": -64,
        "Net Income": -67
    },
    "2020-03-31": {
        "Diluted EPS": -0.87,
        "Total Revenue": NaN,
        "Gross Profit": NaN,
        "Operating Income": -55,
        "EBIT": -54,
        "Net Income": -54
    },
    "2019-12-31": {
        "Diluted EPS": -0.85,
        "Total Revenue": NaN,
        "Gross Profit": NaN,
        "Operating Income": -56,
        "EBIT": -55,
        "Net Income": -55
    },
    "2019-09-30": {
        "Diluted EPS": -0.8,
        "Total Revenue": NaN,
        "Gross Profit": NaN,
        "Operating Income": -50,
        "EBIT": -50,
        "Net Income": -49
    },
    "2019-06-30": {
        "Diluted EPS": -0.74,
        "Total Revenue": NaN,
        "Gross Profit": NaN,
        "Operating Income": -46,
        "EBIT": -47,
        "Net Income": -44
    },
    "2019-03-31": {
        "Diluted EPS": -0.9,
        "Total Revenue": NaN,
        "Gross Profit": NaN,
        "Operating Income": -34,
        "EBIT": -33,
        "Net Income": -33
    },
    "2018-12-31": {
        "Diluted EPS": -4.76,
        "Total Revenue": NaN,
        "Gross Profit": NaN,
        "Operating Income": -40,
        "EBIT": -40,
        "Net Income": -39
    },
    "2018-09-30": {
        "Diluted EPS": -7.69,
        "Total Revenue": NaN,
        "Gross Profit": NaN,
        "Operating Income": -50,
        "EBIT": -50,
        "Net Income": -49
    },
    "2018-06-30": {
        "Diluted EPS": -5.65,
        "Total Revenue": NaN,
        "Gross Profit": NaN,
        "Operating Income": -33,
        "EBIT": -33,
        "Net Income": -33
    },
    "2018-03-31": {
        "Diluted EPS": -4.49,
        "Total Revenue": NaN,
        "Gross Profit": NaN,
        "Operating Income": -26,
        "EBIT": -26,
        "Net Income": -26
    },
    "2017-12-31": {
        "Diluted EPS": 0.0,
        "Total Revenue": NaN,
        "Gross Profit": NaN,
        "Operating Income": NaN,
        "EBIT": NaN,
        "Net Income": NaN
    },
    "2016-12-31": {
        "Diluted EPS": 0.0,
        "Total Revenue": NaN,
        "Gross Profit": NaN,
        "Operating Income": NaN,
        "EBIT": NaN,
        "Net Income": NaN
    },
    "2023-06-30": {
        "Tax Effect Of Unusual Items": NaN,
        "Tax Rate For Calcs": NaN,
        "Normalized EBITDA": NaN,
        "Total Unusual Items": -15000.0,
        "Total Unusual Items Excluding Goodwill": -15000.0,
        "Net Income From Continuing Operation Net Minority Interest": NaN,
        "Reconciled Depreciation": NaN,
        "EBITDA": NaN,
        "EBIT": NaN,
        "Net Interest Income": NaN,
        "Interest Expense": NaN,
        "Interest Income": NaN,
        "Normalized Income": NaN,
        "Net Income From Continuing And Discontinued Operation": NaN,
        "Total Expenses": NaN,
        "Total Operating Income As Reported": NaN,
        "Diluted Average Shares": 95446929.0,
        "Basic Average Shares": 95446929.0,
        "Diluted EPS": -0.45,
        "Basic EPS": -0.45,
        "Diluted NI Availto Com Stockholders": NaN,
        "Average Dilution Earnings": 0.0,
        "Net Income Common Stockholders": NaN,
        "Net Income": NaN,
        "Net Income Including Noncontrolling Interests": NaN,
        "Net Income Continuous Operations": NaN,
        "Tax Provision": 0.0,
        "Pretax Income": NaN,
        "Other Income Expense": NaN,
        "Other Non Operating Income Expenses": NaN,
        "Special Income Charges": -15000.0,
        "Other Special Charges": 15000.0,
        "Net Non Operating Interest Income Expense": NaN,
        "Interest Expense Non Operating": NaN,
        "Interest Income Non Operating": NaN,
        "Operating Income": NaN,
        "Operating Expense": NaN,
        "Research And Development": NaN,
        "Selling General And Administration": NaN,
        "General And Administrative Expense": NaN,
        "Other Gand A": NaN,
        "Total Revenue": NaN,
        "Operating Revenue": NaN
    },
    "2023-09-30": {
        "Tax Effect Of Unusual Items": NaN,
        "Tax Rate For Calcs": NaN,
        "Normalized EBITDA": NaN,
        "Total Unusual Items": 0.0,
        "Total Unusual Items Excluding Goodwill": 0.0,
        "Net Income From Continuing Operation Net Minority Interest": NaN,
        "Reconciled Depreciation": NaN,
        "EBITDA": NaN,
        "EBIT": NaN,
        "Net Interest Income": NaN,
        "Interest Expense": NaN,
        "Interest Income": NaN,
        "Normalized Income": NaN,
        "Net Income From Continuing And Discontinued Operation": NaN,
        "Total Expenses": NaN,
        "Total Operating Income As Reported": NaN,
        "Diluted Average Shares": 192883209.0,
        "Basic Average Shares": 192883209.0,
        "Diluted EPS": -0.21,
        "Basic EPS": -0.21,
        "Diluted NI Availto Com Stockholders": NaN,
        "Average Dilution Earnings": NaN,
        "Net Income Common Stockholders": NaN,
        "Net Income": NaN,
        "Net Income Including Noncontrolling Interests": NaN,
        "Net Income Continuous Operations": NaN,
        "Tax Provision": 0.0,
        "Pretax Income": NaN,
        "Other Income Expense": NaN,
        "Other Non Operating Income Expenses": NaN,
        "Special Income Charges": 0.0,
        "Other Special Charges": NaN,
        "Net Non Operating Interest Income Expense": NaN,
        "Interest Expense Non Operating": NaN,
        "Interest Income Non Operating": NaN,
        "Operating Income": NaN,
        "Operating Expense": NaN,
        "Research And Development": NaN,
        "Selling General And Administration": NaN,
        "General And Administrative Expense": NaN,
        "Other Gand A": NaN,
        "Total Revenue": NaN,
        "Operating Revenue": NaN
    },
    "2023-12-31": {
        "Tax Effect Of Unusual Items": 0.0,
        "Tax Rate For Calcs": 0.0,
        "Normalized EBITDA": -33903000.0,
        "Total Unusual Items": -10000000.0,
        "Total Unusual Items Excluding Goodwill": -10000000.0,
        "Net Income From Continuing Operation Net Minority Interest": -48148000.0,
        "Reconciled Depreciation": 1006000.0,
        "EBITDA": -43903000.0,
        "EBIT": -44909000.0,
        "Net Interest Income": -2929000.0,
        "Interest Expense": 3239000.0,
        "Interest Income": 310000.0,
        "Normalized Income": -38148000.0,
        "Net Income From Continuing And Discontinued Operation": -48148000.0,
        "Total Expenses": 39027000.0,
        "Total Operating Income As Reported": -49027000.0,
        "Diluted Average Shares": NaN,
        "Basic Average Shares": NaN,
        "Diluted EPS": NaN,
        "Basic EPS": NaN,
        "Diluted NI Availto Com Stockholders": -48148000.0,
        "Average Dilution Earnings": NaN,
        "Net Income Common Stockholders": -48148000.0,
        "Net Income": -48148000.0,
        "Net Income Including Noncontrolling Interests": -48148000.0,
        "Net Income Continuous Operations": -48148000.0,
        "Tax Provision": NaN,
        "Pretax Income": -48148000.0,
        "Other Income Expense": -6192000.0,
        "Other Non Operating Income Expenses": 3808000.0,
        "Special Income Charges": -10000000.0,
        "Other Special Charges": NaN,
        "Net Non Operating Interest Income Expense": -2929000.0,
        "Interest Expense Non Operating": 3239000.0,
        "Interest Income Non Operating": 310000.0,
        "Operating Income": -39027000.0,
        "Operating Expense": 39027000.0,
        "Research And Development": 29970000.0,
        "Selling General And Administration": 9057000.0,
        "General And Administrative Expense": 9057000.0,
        "Other Gand A": 9057000.0,
        "Total Revenue": 0.0,
        "Operating Revenue": 0.0
    },
    "2024-03-31": {
        "Tax Effect Of Unusual Items": 0.0,
        "Tax Rate For Calcs": 0.0,
        "Normalized EBITDA": -37813000.0,
        "Total Unusual Items": 0.0,
        "Total Unusual Items Excluding Goodwill": 0.0,
        "Net Income From Continuing Operation Net Minority Interest": -41928000.0,
        "Reconciled Depreciation": 986000.0,
        "EBITDA": -37813000.0,
        "EBIT": -38799000.0,
        "Net Interest Income": -2785000.0,
        "Interest Expense": 3129000.0,
        "Interest Income": 344000.0,
        "Normalized Income": -41928000.0,
        "Net Income From Continuing And Discontinued Operation": -41928000.0,
        "Total Expenses": 41959000.0,
        "Total Operating Income As Reported": -41959000.0,
        "Diluted Average Shares": 225735236.0,
        "Basic Average Shares": 225735236.0,
        "Diluted EPS": -0.19,
        "Basic EPS": -0.19,
        "Diluted NI Availto Com Stockholders": -41928000.0,
        "Average Dilution Earnings": NaN,
        "Net Income Common Stockholders": -41928000.0,
        "Net Income": -41928000.0,
        "Net Income Including Noncontrolling Interests": -41928000.0,
        "Net Income Continuous Operations": -41928000.0,
        "Tax Provision": NaN,
        "Pretax Income": -41928000.0,
        "Other Income Expense": 2816000.0,
        "Other Non Operating Income Expenses": 2816000.0,
        "Special Income Charges": 0.0,
        "Other Special Charges": NaN,
        "Net Non Operating Interest Income Expense": -2785000.0,
        "Interest Expense Non Operating": 3129000.0,
        "Interest Income Non Operating": 344000.0,
        "Operating Income": -41959000.0,
        "Operating Expense": 41959000.0,
        "Research And Development": 32392000.0,
        "Selling General And Administration": 9567000.0,
        "General And Administrative Expense": 9567000.0,
        "Other Gand A": 9567000.0,
        "Total Revenue": 0.0,
        "Operating Revenue": 0.0
    },
    "2024-06-30": {
        "Tax Effect Of Unusual Items": 0.0,
        "Tax Rate For Calcs": 0.082639,
        "Normalized EBITDA": 57575000.0,
        "Total Unusual Items": 0.0,
        "Total Unusual Items Excluding Goodwill": 0.0,
        "Net Income From Continuing Operation Net Minority Interest": 49232000.0,
        "Reconciled Depreciation": 992000.0,
        "EBITDA": 57575000.0,
        "EBIT": 56583000.0,
        "Net Interest Income": -1167000.0,
        "Interest Expense": 2916000.0,
        "Interest Income": 1749000.0,
        "Normalized Income": 49232000.0,
        "Net Income From Continuing And Discontinued Operation": 49232000.0,
        "Total Expenses": 43755000.0,
        "Total Operating Income As Reported": 52087000.0,
        "Diluted Average Shares": 238543102.0,
        "Basic Average Shares": 226221202.0,
        "Diluted EPS": 0.22,
        "Basic EPS": 0.22,
        "Diluted NI Availto Com Stockholders": 51732000.0,
        "Average Dilution Earnings": 2500000.0,
        "Net Income Common Stockholders": 49232000.0,
        "Net Income": 49232000.0,
        "Net Income Including Noncontrolling Interests": 49232000.0,
        "Net Income Continuous Operations": 49232000.0,
        "Tax Provision": 4435000.0,
        "Pretax Income": 53667000.0,
        "Other Income Expense": 2747000.0,
        "Other Non Operating Income Expenses": 2747000.0,
        "Special Income Charges": 0.0,
        "Other Special Charges": NaN,
        "Net Non Operating Interest Income Expense": -1167000.0,
        "Interest Expense Non Operating": 2916000.0,
        "Interest Income Non Operating": 1749000.0,
        "Operating Income": 52087000.0,
        "Operating Expense": 43755000.0,
        "Research And Development": 35086000.0,
        "Selling General And Administration": 8669000.0,
        "General And Administrative Expense": 8669000.0,
        "Other Gand A": 8669000.0,
        "Total Revenue": 95842000.0,
        "Operating Revenue": 95842000.0
    },
    "2024-09-30": {
        "Tax Effect Of Unusual Items": 0.0,
        "Tax Rate For Calcs": 0.035,
        "Normalized EBITDA": -28103000.0,
        "Total Unusual Items": NaN,
        "Total Unusual Items Excluding Goodwill": NaN,
        "Net Income From Continuing Operation Net Minority Interest": -30803000.0,
        "Reconciled Depreciation": 1098000.0,
        "EBITDA": -28103000.0,
        "EBIT": -29201000.0,
        "Net Interest Income": -2304000.0,
        "Interest Expense": 2734000.0,
        "Interest Income": 430000.0,
        "Normalized Income": -30803000.0,
        "Net Income From Continuing And Discontinued Operation": -30803000.0,
        "Total Expenses": 43399000.0,
        "Total Operating Income As Reported": -33919000.0,
        "Diluted Average Shares": 226346058.0,
        "Basic Average Shares": 226346058.0,
        "Diluted EPS": -0.14,
        "Basic EPS": -0.14,
        "Diluted NI Availto Com Stockholders": -30803000.0,
        "Average Dilution Earnings": NaN,
        "Net Income Common Stockholders": -30803000.0,
        "Net Income": -30803000.0,
        "Net Income Including Noncontrolling Interests": -30803000.0,
        "Net Income Continuous Operations": -30803000.0,
        "Tax Provision": -1132000.0,
        "Pretax Income": -31935000.0,
        "Other Income Expense": 4288000.0,
        "Other Non Operating Income Expenses": 4288000.0,
        "Special Income Charges": NaN,
        "Other Special Charges": NaN,
        "Net Non Operating Interest Income Expense": -2304000.0,
        "Interest Expense Non Operating": 2734000.0,
        "Interest Income Non Operating": 430000.0,
        "Operating Income": -33919000.0,
        "Operating Expense": 43399000.0,
        "Research And Development": 34897000.0,
        "Selling General And Administration": 8502000.0,
        "General And Administrative Expense": 8502000.0,
        "Other Gand A": 8502000.0,
        "Total Revenue": 9480000.0,
        "Operating Revenue": 9480000.0
    },
    "2024-12-31": {
        "Tax Effect Of Unusual Items": 0.0,
        "Tax Rate For Calcs": 0.068004,
        "Normalized EBITDA": -31626000.0,
        "Total Unusual Items": NaN,
        "Total Unusual Items Excluding Goodwill": NaN,
        "Net Income From Continuing Operation Net Minority Interest": -33029000.0,
        "Reconciled Depreciation": 1075000.0,
        "EBITDA": -31626000.0,
        "EBIT": -32701000.0,
        "Net Interest Income": -3482000.0,
        "Interest Expense": 2738000.0,
        "Interest Income": -744000.0,
        "Normalized Income": -33029000.0,
        "Net Income From Continuing And Discontinued Operation": -33029000.0,
        "Total Expenses": 45507000.0,
        "Total Operating Income As Reported": -36128000.0,
        "Diluted Average Shares": NaN,
        "Basic Average Shares": NaN,
        "Diluted EPS": NaN,
        "Basic EPS": NaN,
        "Diluted NI Availto Com Stockholders": -33029000.0,
        "Average Dilution Earnings": NaN,
        "Net Income Common Stockholders": -33029000.0,
        "Net Income": -33029000.0,
        "Net Income Including Noncontrolling Interests": -33029000.0,
        "Net Income Continuous Operations": -33029000.0,
        "Tax Provision": -2410000.0,
        "Pretax Income": -35439000.0,
        "Other Income Expense": 4171000.0,
        "Other Non Operating Income Expenses": 4171000.0,
        "Special Income Charges": NaN,
        "Other Special Charges": NaN,
        "Net Non Operating Interest Income Expense": -3482000.0,
        "Interest Expense Non Operating": 2738000.0,
        "Interest Income Non Operating": -744000.0,
        "Operating Income": -36128000.0,
        "Operating Expense": 45507000.0,
        "Research And Development": 36112000.0,
        "Selling General And Administration": 9395000.0,
        "General And Administrative Expense": 9395000.0,
        "Other Gand A": 9395000.0,
        "Total Revenue": 9379000.0,
        "Operating Revenue": 9379000.0
    }
}