{
    "2023-06-30": {
        "Tax Effect Of Unusual Items": NaN,
        "Tax Rate For Calcs": NaN,
        "Normalized EBITDA": NaN,
        "Total Unusual Items": NaN,
        "Total Unusual Items Excluding Goodwill": NaN,
        "Net Income From Continuing Operation Net Minority Interest": NaN,
        "Reconciled Depreciation": NaN,
        "Reconciled Cost Of Revenue": NaN,
        "EBITDA": NaN,
        "EBIT": NaN,
        "Net Interest Income": NaN,
        "Interest Expense": NaN,
        "Normalized Income": NaN,
        "Net Income From Continuing And Discontinued Operation": NaN,
        "Total Expenses": NaN,
        "Total Operating Income As Reported": NaN,
        "Diluted Average Shares": NaN,
        "Basic Average Shares": NaN,
        "Diluted EPS": NaN,
        "Basic EPS": NaN,
        "Diluted NI Availto Com Stockholders": NaN,
        "Average Dilution Earnings": -4200000.0,
        "Net Income Common Stockholders": NaN,
        "Otherunder Preferred Stock Dividend": NaN,
        "Net Income": NaN,
        "Net Income Including Noncontrolling Interests": NaN,
        "Net Income Discontinuous Operations": NaN,
        "Net Income Continuous Operations": NaN,
        "Tax Provision": NaN,
        "Pretax Income": NaN,
        "Other Income Expense": NaN,
        "Other Non Operating Income Expenses": NaN,
        "Special Income Charges": NaN,
        "Write Off": NaN,
        "Net Non Operating Interest Income Expense": NaN,
        "Interest Expense Non Operating": NaN,
        "Operating Income": NaN,
        "Operating Expense": NaN,
        "Depreciation Amortization Depletion Income Statement": NaN,
        "Depreciation And Amortization In Income Statement": NaN,
        "Selling General And Administration": NaN,
        "Gross Profit": NaN,
        "Cost Of Revenue": NaN,
        "Total Revenue": NaN,
        "Operating Revenue": NaN
    },
    "2023-03-31": {
        "Tax Effect Of Unusual Items": NaN,
        "Tax Rate For Calcs": NaN,
        "Normalized EBITDA": NaN,
        "Total Unusual Items": NaN,
        "Total Unusual Items Excluding Goodwill": NaN,
        "Net Income From Continuing Operation Net Minority Interest": NaN,
        "Reconciled Depreciation": NaN,
        "Reconciled Cost Of Revenue": NaN,
        "EBITDA": NaN,
        "EBIT": NaN,
        "Net Interest Income": NaN,
        "Interest Expense": NaN,
        "Normalized Income": NaN,
        "Net Income From Continuing And Discontinued Operation": NaN,
        "Total Expenses": NaN,
        "Total Operating Income As Reported": NaN,
        "Diluted Average Shares": NaN,
        "Basic Average Shares": NaN,
        "Diluted EPS": NaN,
        "Basic EPS": NaN,
        "Diluted NI Availto Com Stockholders": NaN,
        "Average Dilution Earnings": -4100000.0,
        "Net Income Common Stockholders": NaN,
        "Otherunder Preferred Stock Dividend": 4100000.0,
        "Net Income": NaN,
        "Net Income Including Noncontrolling Interests": NaN,
        "Net Income Discontinuous Operations": NaN,
        "Net Income Continuous Operations": NaN,
        "Tax Provision": NaN,
        "Pretax Income": NaN,
        "Other Income Expense": NaN,
        "Other Non Operating Income Expenses": NaN,
        "Special Income Charges": NaN,
        "Write Off": NaN,
        "Net Non Operating Interest Income Expense": NaN,
        "Interest Expense Non Operating": NaN,
        "Operating Income": NaN,
        "Operating Expense": NaN,
        "Depreciation Amortization Depletion Income Statement": NaN,
        "Depreciation And Amortization In Income Statement": NaN,
        "Selling General And Administration": NaN,
        "Gross Profit": NaN,
        "Cost Of Revenue": NaN,
        "Total Revenue": NaN,
        "Operating Revenue": NaN
    },
    "2022-12-31": {
        "Tax Effect Of Unusual Items": -309674.282936,
        "Tax Rate For Calcs": 0.238211,
        "Normalized EBITDA": 265700000.0,
        "Total Unusual Items": -1300000.0,
        "Total Unusual Items Excluding Goodwill": -1300000.0,
        "Net Income From Continuing Operation Net Minority Interest": 156700000.0,
        "Reconciled Depreciation": 22400000.0,
        "Reconciled Cost Of Revenue": 3349600000.0,
        "EBITDA": 264400000.0,
        "EBIT": 241900000.0,
        "Net Interest Income": -36200000.0,
        "Interest Expense": 36200000.0,
        "Normalized Income": 157690325.717064,
        "Net Income From Continuing And Discontinued Operation": 156900000.0,
        "Total Expenses": 3825700000.0,
        "Total Operating Income As Reported": 242000000.0,
        "Diluted Average Shares": 14600000.0,
        "Basic Average Shares": 14292322.0,
        "Diluted EPS": 10.663068,
        "Basic EPS": 10.663068,
        "Diluted NI Availto Com Stockholders": 173500000.0,
        "Average Dilution Earnings": NaN,
        "Net Income Common Stockholders": 156900000.0,
        "Otherunder Preferred Stock Dividend": NaN,
        "Net Income": 156900000.0,
        "Net Income Including Noncontrolling Interests": 156900000.0,
        "Net Income Discontinuous Operations": 200000.0,
        "Net Income Continuous Operations": 156700000.0,
        "Tax Provision": 49000000.0,
        "Pretax Income": 205700000.0,
        "Other Income Expense": -1300000.0,
        "Other Non Operating Income Expenses": -4600000.0,
        "Special Income Charges": -1300000.0,
        "Write Off": 1300000.0,
        "Net Non Operating Interest Income Expense": -36200000.0,
        "Interest Expense Non Operating": 36200000.0,
        "Operating Income": 243200000.0,
        "Operating Expense": 476200000.0,
        "Depreciation Amortization Depletion Income Statement": 22500000.0,
        "Depreciation And Amortization In Income Statement": 22500000.0,
        "Selling General And Administration": 453700000.0,
        "Gross Profit": 719400000.0,
        "Cost Of Revenue": 3349500000.0,
        "Total Revenue": 4068900000.0,
        "Operating Revenue": 4068900000.0
    },
    "2022-09-30": {
        "Tax Effect Of Unusual Items": NaN,
        "Tax Rate For Calcs": NaN,
        "Normalized EBITDA": NaN,
        "Total Unusual Items": NaN,
        "Total Unusual Items Excluding Goodwill": NaN,
        "Net Income From Continuing Operation Net Minority Interest": NaN,
        "Reconciled Depreciation": NaN,
        "Reconciled Cost Of Revenue": NaN,
        "EBITDA": NaN,
        "EBIT": NaN,
        "Net Interest Income": NaN,
        "Interest Expense": NaN,
        "Normalized Income": NaN,
        "Net Income From Continuing And Discontinued Operation": NaN,
        "Total Expenses": NaN,
        "Total Operating Income As Reported": NaN,
        "Diluted Average Shares": NaN,
        "Basic Average Shares": NaN,
        "Diluted EPS": NaN,
        "Basic EPS": NaN,
        "Diluted NI Availto Com Stockholders": NaN,
        "Average Dilution Earnings": -5500000.0,
        "Net Income Common Stockholders": NaN,
        "Otherunder Preferred Stock Dividend": NaN,
        "Net Income": NaN,
        "Net Income Including Noncontrolling Interests": NaN,
        "Net Income Discontinuous Operations": NaN,
        "Net Income Continuous Operations": NaN,
        "Tax Provision": NaN,
        "Pretax Income": NaN,
        "Other Income Expense": NaN,
        "Other Non Operating Income Expenses": NaN,
        "Special Income Charges": NaN,
        "Write Off": NaN,
        "Net Non Operating Interest Income Expense": NaN,
        "Interest Expense Non Operating": NaN,
        "Operating Income": NaN,
        "Operating Expense": NaN,
        "Depreciation Amortization Depletion Income Statement": NaN,
        "Depreciation And Amortization In Income Statement": NaN,
        "Selling General And Administration": NaN,
        "Gross Profit": NaN,
        "Cost Of Revenue": NaN,
        "Total Revenue": NaN,
        "Operating Revenue": NaN
    },
    "2022-06-30": {
        "Tax Effect Of Unusual Items": -187200.0,
        "Tax Rate For Calcs": 0.234,
        "Normalized EBITDA": 308300000.0,
        "Total Unusual Items": -800000.0,
        "Total Unusual Items Excluding Goodwill": -800000.0,
        "Net Income From Continuing Operation Net Minority Interest": 199300000.0,
        "Reconciled Depreciation": 23000000.0,
        "Reconciled Cost Of Revenue": 3377000000.0,
        "EBITDA": 307500000.0,
        "EBIT": 284500000.0,
        "Net Interest Income": -24400000.0,
        "Interest Expense": 24400000.0,
        "Normalized Income": 199912800.0,
        "Net Income From Continuing And Discontinued Operation": 195900000.0,
        "Total Expenses": 3860200000.0,
        "Total Operating Income As Reported": 284500000.0,
        "Diluted Average Shares": 16000000.0,
        "Basic Average Shares": 16000000.0,
        "Diluted EPS": 11.9,
        "Basic EPS": 11.94,
        "Diluted NI Availto Com Stockholders": 190600000.0,
        "Average Dilution Earnings": NaN,
        "Net Income Common Stockholders": 190500000.0,
        "Otherunder Preferred Stock Dividend": 5400000.0,
        "Net Income": 195900000.0,
        "Net Income Including Noncontrolling Interests": 195900000.0,
        "Net Income Discontinuous Operations": -3400000.0,
        "Net Income Continuous Operations": 199300000.0,
        "Tax Provision": 60800000.0,
        "Pretax Income": 260100000.0,
        "Other Income Expense": -800000.0,
        "Other Non Operating Income Expenses": NaN,
        "Special Income Charges": -800000.0,
        "Write Off": 800000.0,
        "Net Non Operating Interest Income Expense": -24400000.0,
        "Interest Expense Non Operating": 24400000.0,
        "Operating Income": 285200000.0,
        "Operating Expense": 483200000.0,
        "Depreciation Amortization Depletion Income Statement": 23000000.0,
        "Depreciation And Amortization In Income Statement": 23000000.0,
        "Selling General And Administration": 460200000.0,
        "Gross Profit": 768400000.0,
        "Cost Of Revenue": 3377000000.0,
        "Total Revenue": 4145300000.0,
        "Operating Revenue": 4145300000.0
    },
    "2022-03-31": {
        "Diluted EPS": 11.88,
        "Total Revenue": NaN,
        "Gross Profit": 725,
        "Operating Income": 285,
        "EBIT": 308,
        "Net Income": 197
    },
    "2021-12-31": {
        "Diluted EPS": 4.91,
        "Total Revenue": NaN,
        "Gross Profit": 671,
        "Operating Income": 230,
        "EBIT": 251,
        "Net Income": 84
    },
    "2021-09-30": {
        "Diluted EPS": 9.33,
        "Total Revenue": NaN,
        "Gross Profit": 639,
        "Operating Income": 242,
        "EBIT": 262,
        "Net Income": 166
    },
    "2021-06-30": {
        "Diluted EPS": 10.35,
        "Total Revenue": NaN,
        "Gross Profit": 650,
        "Operating Income": 263,
        "EBIT": 282,
        "Net Income": 185
    },
    "2021-03-31": {
        "Diluted EPS": 5.52,
        "Total Revenue": NaN,
        "Gross Profit": 481,
        "Operating Income": 151,
        "EBIT": 171,
        "Net Income": 99
    },
    "2020-12-31": {
        "Diluted EPS": 5.44,
        "Total Revenue": NaN,
        "Gross Profit": 447,
        "Operating Income": 160,
        "EBIT": 180,
        "Net Income": 97
    },
    "2020-09-30": {
        "Diluted EPS": 6.83,
        "Total Revenue": NaN,
        "Gross Profit": 512,
        "Operating Income": 187,
        "EBIT": 207,
        "Net Income": 122
    },
    "2020-06-30": {
        "Diluted EPS": 1.63,
        "Total Revenue": NaN,
        "Gross Profit": 359,
        "Operating Income": 79,
        "EBIT": 99,
        "Net Income": 29
    },
    "2020-03-31": {
        "Diluted EPS": 1.61,
        "Total Revenue": NaN,
        "Gross Profit": 416,
        "Operating Income": 70,
        "EBIT": 89,
        "Net Income": 29
    },
    "2019-12-31": {
        "Diluted EPS": 2.58,
        "Total Revenue": NaN,
        "Gross Profit": 411,
        "Operating Income": 91,
        "EBIT": 111,
        "Net Income": 43
    },
    "2019-09-30": {
        "Diluted EPS": 2.04,
        "Total Revenue": NaN,
        "Gross Profit": 466,
        "Operating Income": 83,
        "EBIT": 102,
        "Net Income": 37
    },
    "2019-06-30": {
        "Diluted EPS": 2.64,
        "Total Revenue": NaN,
        "Gross Profit": 454,
        "Operating Income": 97,
        "EBIT": 116,
        "Net Income": 49
    },
    "2019-03-31": {
        "Diluted EPS": 2.08,
        "Total Revenue": NaN,
        "Gross Profit": 432,
        "Operating Income": 87,
        "EBIT": 105,
        "Net Income": 39
    },
    "2018-12-31": {
        "Diluted EPS": 1.67,
        "Total Revenue": NaN,
        "Gross Profit": 432,
        "Operating Income": 75,
        "EBIT": 93,
        "Net Income": 30
    },
    "2018-09-30": {
        "Diluted EPS": 1.74,
        "Total Revenue": NaN,
        "Gross Profit": 435,
        "Operating Income": 78,
        "EBIT": 96,
        "Net Income": 34
    },
    "2018-06-30": {
        "Diluted EPS": 2.72,
        "Total Revenue": NaN,
        "Gross Profit": 438,
        "Operating Income": 109,
        "EBIT": 127,
        "Net Income": 55
    },
    "2018-03-31": {
        "Diluted EPS": 1.7,
        "Total Revenue": NaN,
        "Gross Profit": 420,
        "Operating Income": 79,
        "EBIT": 96,
        "Net Income": 35
    },
    "2017-12-31": {
        "Diluted EPS": 5.23,
        "Total Revenue": NaN,
        "Gross Profit": 426,
        "Operating Income": 91,
        "EBIT": 107,
        "Net Income": 107
    },
    "2017-09-30": {
        "Diluted EPS": 1.43,
        "Total Revenue": NaN,
        "Gross Profit": 431,
        "Operating Income": 79,
        "EBIT": 95,
        "Net Income": 29
    },
    "2017-06-30": {
        "Diluted EPS": 1.84,
        "Total Revenue": NaN,
        "Gross Profit": 405,
        "Operating Income": 92,
        "EBIT": 107,
        "Net Income": 38
    },
    "2017-03-31": {
        "Diluted EPS": 1.58,
        "Total Revenue": NaN,
        "Gross Profit": 384,
        "Operating Income": 80,
        "EBIT": 95,
        "Net Income": 33
    },
    "2016-12-31": {
        "Diluted EPS": 1.43,
        "Total Revenue": NaN,
        "Gross Profit": 389,
        "Operating Income": 77,
        "EBIT": 91,
        "Net Income": 30
    },
    "2016-09-30": {
        "Diluted EPS": 1.65,
        "Total Revenue": NaN,
        "Gross Profit": 407,
        "Operating Income": 84,
        "EBIT": 98,
        "Net Income": 34
    },
    "2016-06-30": {
        "Diluted EPS": 2.12,
        "Total Revenue": NaN,
        "Gross Profit": 410,
        "Operating Income": 97,
        "EBIT": 112,
        "Net Income": 45
    },
    "2016-03-31": {
        "Diluted EPS": 1.47,
        "Total Revenue": NaN,
        "Gross Profit": 389,
        "Operating Income": 82,
        "EBIT": 95,
        "Net Income": 33
    },
    "2015-12-31": {
        "Diluted EPS": -1.36,
        "Total Revenue": NaN,
        "Gross Profit": 380,
        "Operating Income": 3,
        "EBIT": 16,
        "Net Income": -32
    },
    "2015-09-30": {
        "Diluted EPS": 1.88,
        "Total Revenue": NaN,
        "Gross Profit": 398,
        "Operating Income": 97,
        "EBIT": 109,
        "Net Income": 44
    },
    "2015-06-30": {
        "Diluted EPS": 1.91,
        "Total Revenue": NaN,
        "Gross Profit": 392,
        "Operating Income": 98,
        "EBIT": 111,
        "Net Income": 45
    },
    "2015-03-31": {
        "Diluted EPS": 1.47,
        "Total Revenue": NaN,
        "Gross Profit": 364,
        "Operating Income": 81,
        "EBIT": 93,
        "Net Income": 34
    },
    "2014-12-31": {
        "Diluted EPS": 0.76,
        "Total Revenue": NaN,
        "Gross Profit": 366,
        "Operating Income": 56,
        "EBIT": 68,
        "Net Income": 18
    },
    "2014-09-30": {
        "Diluted EPS": 1.03,
        "Total Revenue": NaN,
        "Gross Profit": 375,
        "Operating Income": 90,
        "EBIT": 104,
        "Net Income": 25
    },
    "2014-06-30": {
        "Diluted EPS": 0.62,
        "Total Revenue": NaN,
        "Gross Profit": 369,
        "Operating Income": 85,
        "EBIT": 99,
        "Net Income": 16
    },
    "2014-03-31": {
        "Diluted EPS": 1.19,
        "Total Revenue": NaN,
        "Gross Profit": 338,
        "Operating Income": 71,
        "EBIT": 84,
        "Net Income": 30
    },
    "2013-12-31": {
        "Diluted EPS": 0.82,
        "Total Revenue": NaN,
        "Gross Profit": 321,
        "Operating Income": 61,
        "EBIT": 74,
        "Net Income": 21
    },
    "2013-09-30": {
        "Diluted EPS": 1.19,
        "Total Revenue": NaN,
        "Gross Profit": 329,
        "Operating Income": 73,
        "EBIT": 86,
        "Net Income": 31
    },
    "2013-06-30": {
        "Diluted EPS": 1.43,
        "Total Revenue": NaN,
        "Gross Profit": 341,
        "Operating Income": 81,
        "EBIT": 93,
        "Net Income": 36
    },
    "2013-03-31": {
        "Diluted EPS": 0.88,
        "Total Revenue": NaN,
        "Gross Profit": 300,
        "Operating Income": 59,
        "EBIT": 70,
        "Net Income": 21
    },
    "2012-12-31": {
        "Diluted EPS": 0.7,
        "Total Revenue": NaN,
        "Gross Profit": 280,
        "Operating Income": 46,
        "EBIT": 58,
        "Net Income": 16
    },
    "2012-09-30": {
        "Diluted EPS": 1.32,
        "Total Revenue": NaN,
        "Gross Profit": 291,
        "Operating Income": 67,
        "EBIT": 78,
        "Net Income": 30
    },
    "2012-06-30": {
        "Diluted EPS": 1.2,
        "Total Revenue": NaN,
        "Gross Profit": 285,
        "Operating Income": 63,
        "EBIT": 74,
        "Net Income": 27
    },
    "2012-03-31": {
        "Diluted EPS": 0.97,
        "Total Revenue": NaN,
        "Gross Profit": 260,
        "Operating Income": 54,
        "EBIT": 64,
        "Net Income": 22
    },
    "2011-12-31": {
        "Diluted EPS": 0.9,
        "Total Revenue": NaN,
        "Gross Profit": 246,
        "Operating Income": 50,
        "EBIT": 60,
        "Net Income": 21
    },
    "2011-09-30": {
        "Diluted EPS": 0.91,
        "Total Revenue": NaN,
        "Gross Profit": 249,
        "Operating Income": 50,
        "EBIT": 60,
        "Net Income": 20
    },
    "2011-06-30": {
        "Diluted EPS": 1.03,
        "Total Revenue": NaN,
        "Gross Profit": 244,
        "Operating Income": 54,
        "EBIT": 64,
        "Net Income": 23
    },
    "2011-03-31": {
        "Diluted EPS": 0.64,
        "Total Revenue": NaN,
        "Gross Profit": 222,
        "Operating Income": 39,
        "EBIT": 49,
        "Net Income": 14
    },
    "2010-12-31": {
        "Diluted EPS": 0.45,
        "Total Revenue": NaN,
        "Gross Profit": 217,
        "Operating Income": 32,
        "EBIT": 42,
        "Net Income": 11
    },
    "2010-09-30": {
        "Diluted EPS": 0.83,
        "Total Revenue": NaN,
        "Gross Profit": 229,
        "Operating Income": 47,
        "EBIT": 56,
        "Net Income": 19
    },
    "2010-06-30": {
        "Diluted EPS": 0.54,
        "Total Revenue": NaN,
        "Gross Profit": 227,
        "Operating Income": 36,
        "EBIT": 45,
        "Net Income": 13
    },
    "2010-03-31": {
        "Diluted EPS": 0.34,
        "Total Revenue": NaN,
        "Gross Profit": 205,
        "Operating Income": 32,
        "EBIT": 40,
        "Net Income": 8
    },
    "2009-12-31": {
        "Diluted EPS": -0.15,
        "Total Revenue": NaN,
        "Gross Profit": 190,
        "Operating Income": 11,
        "EBIT": 19,
        "Net Income": -4
    },
    "2009-09-30": {
        "Diluted EPS": 0.78,
        "Total Revenue": NaN,
        "Gross Profit": 212,
        "Operating Income": 42,
        "EBIT": 50,
        "Net Income": 18
    },
    "2009-06-30": {
        "Diluted EPS": 0.43,
        "Total Revenue": NaN,
        "Gross Profit": 191,
        "Operating Income": 32,
        "EBIT": 40,
        "Net Income": 10
    },
    "2009-03-31": {
        "Diluted EPS": 0.37,
        "Total Revenue": NaN,
        "Gross Profit": 183,
        "Operating Income": 23,
        "EBIT": 31,
        "Net Income": 8
    },
    "2023-09-30": {
        "Tax Effect Of Unusual Items": NaN,
        "Tax Rate For Calcs": NaN,
        "Normalized EBITDA": NaN,
        "Total Unusual Items": NaN,
        "Total Unusual Items Excluding Goodwill": NaN,
        "Net Income From Continuing Operation Net Minority Interest": NaN,
        "Reconciled Depreciation": NaN,
        "Reconciled Cost Of Revenue": NaN,
        "EBITDA": NaN,
        "EBIT": NaN,
        "Net Interest Income": NaN,
        "Interest Expense": NaN,
        "Normalized Income": NaN,
        "Net Income From Continuing And Discontinued Operation": NaN,
        "Total Expenses": NaN,
        "Total Operating Income As Reported": NaN,
        "Diluted Average Shares": NaN,
        "Basic Average Shares": NaN,
        "Diluted EPS": NaN,
        "Basic EPS": NaN,
        "Diluted NI Availto Com Stockholders": NaN,
        "Average Dilution Earnings": -4000000.0,
        "Net Income Common Stockholders": NaN,
        "Otherunder Preferred Stock Dividend": 4000000.0,
        "Net Income": NaN,
        "Net Income Including Noncontrolling Interests": NaN,
        "Net Income Discontinuous Operations": NaN,
        "Net Income Continuous Operations": NaN,
        "Tax Provision": NaN,
        "Pretax Income": NaN,
        "Other Income Expense": NaN,
        "Other Non Operating Income Expenses": NaN,
        "Special Income Charges": NaN,
        "Write Off": NaN,
        "Restructuring And Mergern Acquisition": NaN,
        "Net Non Operating Interest Income Expense": NaN,
        "Interest Expense Non Operating": NaN,
        "Operating Income": NaN,
        "Operating Expense": NaN,
        "Depreciation Amortization Depletion Income Statement": NaN,
        "Depreciation And Amortization In Income Statement": NaN,
        "Selling General And Administration": NaN,
        "Gross Profit": NaN,
        "Cost Of Revenue": NaN,
        "Total Revenue": NaN,
        "Operating Revenue": NaN
    },
    "2023-12-31": {
        "Tax Effect Of Unusual Items": -6343328.748281,
        "Tax Rate For Calcs": 0.251719,
        "Normalized EBITDA": 241100000.0,
        "Total Unusual Items": -25200000.0,
        "Total Unusual Items Excluding Goodwill": -25200000.0,
        "Net Income From Continuing Operation Net Minority Interest": 108800000.0,
        "Reconciled Depreciation": 23400000.0,
        "Reconciled Cost Of Revenue": 3749400000.0,
        "EBITDA": 215900000.0,
        "EBIT": 192500000.0,
        "Net Interest Income": -47100000.0,
        "Interest Expense": 47100000.0,
        "Normalized Income": 127656671.251719,
        "Net Income From Continuing And Discontinued Operation": 108700000.0,
        "Total Expenses": 4260200000.0,
        "Total Operating Income As Reported": 194700000.0,
        "Diluted Average Shares": 13800000.0,
        "Basic Average Shares": 13684038.0,
        "Diluted EPS": 7.760867,
        "Basic EPS": 7.760867,
        "Diluted NI Availto Com Stockholders": 106300000.0,
        "Average Dilution Earnings": NaN,
        "Net Income Common Stockholders": 93900000.0,
        "Otherunder Preferred Stock Dividend": NaN,
        "Net Income": 108700000.0,
        "Net Income Including Noncontrolling Interests": 108700000.0,
        "Net Income Discontinuous Operations": -100000.0,
        "Net Income Continuous Operations": 108800000.0,
        "Tax Provision": 36600000.0,
        "Pretax Income": 145400000.0,
        "Other Income Expense": -27400000.0,
        "Other Non Operating Income Expenses": -2200000.0,
        "Special Income Charges": -25200000.0,
        "Write Off": 25200000.0,
        "Net Non Operating Interest Income Expense": -47100000.0,
        "Interest Expense Non Operating": 47100000.0,
        "Operating Income": 219800000.0,
        "Operating Expense": 510800000.0,
        "Depreciation Amortization Depletion Income Statement": 23400000.0,
        "Depreciation And Amortization In Income Statement": 23400000.0,
        "Selling General And Administration": 487400000.0,
        "Gross Profit": 730600000.0,
        "Cost Of Revenue": 3749400000.0,
        "Total Revenue": 4480000000.0,
        "Operating Revenue": 4480000000.0
    },
    "2024-03-31": {
        "Tax Effect Of Unusual Items": 0.0,
        "Tax Rate For Calcs": 0.237,
        "Normalized EBITDA": 266900000.0,
        "Total Unusual Items": 0.0,
        "Total Unusual Items Excluding Goodwill": 0.0,
        "Net Income From Continuing Operation Net Minority Interest": 147400000.0,
        "Reconciled Depreciation": 23800000.0,
        "Reconciled Cost Of Revenue": 3727900000.0,
        "EBITDA": 266900000.0,
        "EBIT": 243100000.0,
        "Net Interest Income": -49800000.0,
        "Interest Expense": 49800000.0,
        "Normalized Income": 147400000.0,
        "Net Income From Continuing And Discontinued Operation": 147900000.0,
        "Total Expenses": 4227800000.0,
        "Total Operating Income As Reported": 242600000.0,
        "Diluted Average Shares": 13534157.0,
        "Basic Average Shares": 13534157.0,
        "Diluted EPS": 10.684079,
        "Basic EPS": 10.684079,
        "Diluted NI Availto Com Stockholders": 144600000.0,
        "Average Dilution Earnings": -3300000.0,
        "Net Income Common Stockholders": 147900000.0,
        "Otherunder Preferred Stock Dividend": NaN,
        "Net Income": 147900000.0,
        "Net Income Including Noncontrolling Interests": 147900000.0,
        "Net Income Discontinuous Operations": 500000.0,
        "Net Income Continuous Operations": 147400000.0,
        "Tax Provision": 45800000.0,
        "Pretax Income": 193300000.0,
        "Other Income Expense": 500000.0,
        "Other Non Operating Income Expenses": 500000.0,
        "Special Income Charges": 0.0,
        "Write Off": 0.0,
        "Restructuring And Mergern Acquisition": 0.0,
        "Net Non Operating Interest Income Expense": -49800000.0,
        "Interest Expense Non Operating": 49800000.0,
        "Operating Income": 242700000.0,
        "Operating Expense": 499900000.0,
        "Depreciation Amortization Depletion Income Statement": 23800000.0,
        "Depreciation And Amortization In Income Statement": 23800000.0,
        "Selling General And Administration": 476100000.0,
        "Gross Profit": 742600000.0,
        "Cost Of Revenue": 3727900000.0,
        "Total Revenue": 4470500000.0,
        "Operating Revenue": 4470500000.0
    },
    "2024-06-30": {
        "Tax Effect Of Unusual Items": 0.0,
        "Tax Rate For Calcs": 0.247,
        "Normalized EBITDA": 269300000.0,
        "Total Unusual Items": 0.0,
        "Total Unusual Items Excluding Goodwill": 0.0,
        "Net Income From Continuing Operation Net Minority Interest": 137900000.0,
        "Reconciled Depreciation": 28200000.0,
        "Reconciled Cost Of Revenue": 3929800000.0,
        "EBITDA": 269300000.0,
        "EBIT": 241100000.0,
        "Net Interest Income": -58100000.0,
        "Interest Expense": 58100000.0,
        "Normalized Income": 137900000.0,
        "Net Income From Continuing And Discontinued Operation": 138200000.0,
        "Total Expenses": 4455200000.0,
        "Total Operating Income As Reported": 241100000.0,
        "Diluted Average Shares": 13600000.0,
        "Basic Average Shares": 13405347.0,
        "Diluted EPS": 10.17,
        "Basic EPS": 10.309319,
        "Diluted NI Availto Com Stockholders": 135200000.0,
        "Average Dilution Earnings": -2900000.0,
        "Net Income Common Stockholders": 138200000.0,
        "Otherunder Preferred Stock Dividend": NaN,
        "Net Income": 138200000.0,
        "Net Income Including Noncontrolling Interests": 138200000.0,
        "Net Income Discontinuous Operations": 300000.0,
        "Net Income Continuous Operations": 137900000.0,
        "Tax Provision": 45200000.0,
        "Pretax Income": 183000000.0,
        "Other Income Expense": -100000.0,
        "Other Non Operating Income Expenses": -100000.0,
        "Special Income Charges": 0.0,
        "Write Off": 0.0,
        "Restructuring And Mergern Acquisition": NaN,
        "Net Non Operating Interest Income Expense": -58100000.0,
        "Interest Expense Non Operating": 58100000.0,
        "Operating Income": 241100000.0,
        "Operating Expense": 525400000.0,
        "Depreciation Amortization Depletion Income Statement": 28200000.0,
        "Depreciation And Amortization In Income Statement": 28200000.0,
        "Selling General And Administration": 497200000.0,
        "Gross Profit": 766500000.0,
        "Cost Of Revenue": 3929800000.0,
        "Total Revenue": 4696300000.0,
        "Operating Revenue": 4696300000.0
    },
    "2024-09-30": {
        "Tax Effect Of Unusual Items": 0.0,
        "Tax Rate For Calcs": 0.266291,
        "Normalized EBITDA": 260100000.0,
        "Total Unusual Items": 0.0,
        "Total Unusual Items Excluding Goodwill": 0.0,
        "Net Income From Continuing Operation Net Minority Interest": 117100000.0,
        "Reconciled Depreciation": 29600000.0,
        "Reconciled Cost Of Revenue": 4368600000.0,
        "EBITDA": 260100000.0,
        "EBIT": 230500000.0,
        "Net Interest Income": -70900000.0,
        "Interest Expense": 70900000.0,
        "Normalized Income": 117100000.0,
        "Net Income From Continuing And Discontinued Operation": 117300000.0,
        "Total Expenses": 4989800000.0,
        "Total Operating Income As Reported": 231600000.0,
        "Diluted Average Shares": 13300000.0,
        "Basic Average Shares": 13300000.0,
        "Diluted EPS": 8.639098,
        "Basic EPS": 8.639098,
        "Diluted NI Availto Com Stockholders": 114900000.0,
        "Average Dilution Earnings": NaN,
        "Net Income Common Stockholders": 114900000.0,
        "Otherunder Preferred Stock Dividend": 2400000.0,
        "Net Income": 117300000.0,
        "Net Income Including Noncontrolling Interests": 117300000.0,
        "Net Income Discontinuous Operations": 200000.0,
        "Net Income Continuous Operations": 117100000.0,
        "Tax Provision": 42500000.0,
        "Pretax Income": 159600000.0,
        "Other Income Expense": -1100000.0,
        "Other Non Operating Income Expenses": -1100000.0,
        "Special Income Charges": 0.0,
        "Write Off": 0.0,
        "Restructuring And Mergern Acquisition": NaN,
        "Net Non Operating Interest Income Expense": -70900000.0,
        "Interest Expense Non Operating": 70900000.0,
        "Operating Income": 231600000.0,
        "Operating Expense": 621100000.0,
        "Depreciation Amortization Depletion Income Statement": 29500000.0,
        "Depreciation And Amortization In Income Statement": 29500000.0,
        "Selling General And Administration": 591600000.0,
        "Gross Profit": 852700000.0,
        "Cost Of Revenue": 4368700000.0,
        "Total Revenue": 5221400000.0,
        "Operating Revenue": 5221400000.0
    },
    "2024-12-31": {
        "Tax Effect Of Unusual Items": -11341483.292584,
        "Tax Rate For Calcs": 0.228199,
        "Normalized EBITDA": 274900000.0,
        "Total Unusual Items": -49700000.0,
        "Total Unusual Items Excluding Goodwill": -49700000.0,
        "Net Income From Continuing Operation Net Minority Interest": 94600000.0,
        "Reconciled Depreciation": 31500000.0,
        "Reconciled Cost Of Revenue": 4666800000.0,
        "EBITDA": 225200000.0,
        "EBIT": 193700000.0,
        "Net Interest Income": -71000000.0,
        "Interest Expense": 71000000.0,
        "Normalized Income": 132958516.707416,
        "Net Income From Continuing And Discontinued Operation": 94800000.0,
        "Total Expenses": 5302600000.0,
        "Total Operating Income As Reported": 193700000.0,
        "Diluted Average Shares": 13278785.0,
        "Basic Average Shares": 13278785.0,
        "Diluted EPS": 6.996122,
        "Basic EPS": 6.996122,
        "Diluted NI Availto Com Stockholders": 93000000.0,
        "Average Dilution Earnings": NaN,
        "Net Income Common Stockholders": 92900000.0,
        "Otherunder Preferred Stock Dividend": 1900000.0,
        "Net Income": 94800000.0,
        "Net Income Including Noncontrolling Interests": 94800000.0,
        "Net Income Discontinuous Operations": 200000.0,
        "Net Income Continuous Operations": 94600000.0,
        "Tax Provision": 28000000.0,
        "Pretax Income": 122700000.0,
        "Other Income Expense": -49700000.0,
        "Other Non Operating Income Expenses": 0.0,
        "Special Income Charges": -49700000.0,
        "Write Off": 33000000.0,
        "Restructuring And Mergern Acquisition": NaN,
        "Net Non Operating Interest Income Expense": -71000000.0,
        "Interest Expense Non Operating": 71000000.0,
        "Operating Income": 243400000.0,
        "Operating Expense": 635800000.0,
        "Depreciation Amortization Depletion Income Statement": 31500000.0,
        "Depreciation And Amortization In Income Statement": 31500000.0,
        "Selling General And Administration": 614300000.0,
        "Gross Profit": 879200000.0,
        "Cost Of Revenue": 4666800000.0,
        "Total Revenue": 5546200000.0,
        "Operating Revenue": 5546200000.0
    },
    "2025-03-31": {
        "Tax Effect Of Unusual Items": -2725500.0,
        "Tax Rate For Calcs": 0.237,
        "Normalized EBITDA": 275000000.0,
        "Total Unusual Items": -11500000.0,
        "Total Unusual Items Excluding Goodwill": -11500000.0,
        "Net Income From Continuing Operation Net Minority Interest": 127700000.0,
        "Reconciled Depreciation": 29300000.0,
        "Reconciled Cost Of Revenue": 4613300000.0,
        "EBITDA": 263500000.0,
        "EBIT": 234200000.0,
        "Net Interest Income": -66700000.0,
        "Interest Expense": 66700000.0,
        "Normalized Income": 136474500.0,
        "Net Income From Continuing And Discontinued Operation": 128100000.0,
        "Total Expenses": 5259900000.0,
        "Total Operating Income As Reported": 233900000.0,
        "Diluted Average Shares": 13100000.0,
        "Basic Average Shares": 13031697.0,
        "Diluted EPS": 9.67,
        "Basic EPS": 9.707101,
        "Diluted NI Availto Com Stockholders": 126500000.0,
        "Average Dilution Earnings": -1600000.0,
        "Net Income Common Stockholders": 128100000.0,
        "Otherunder Preferred Stock Dividend": NaN,
        "Net Income": 128100000.0,
        "Net Income Including Noncontrolling Interests": 128100000.0,
        "Net Income Discontinuous Operations": 400000.0,
        "Net Income Continuous Operations": 127700000.0,
        "Tax Provision": 39700000.0,
        "Pretax Income": 167500000.0,
        "Other Income Expense": -11200000.0,
        "Other Non Operating Income Expenses": 300000.0,
        "Special Income Charges": -11500000.0,
        "Write Off": 400000.0,
        "Restructuring And Mergern Acquisition": 11100000.0,
        "Net Non Operating Interest Income Expense": -66700000.0,
        "Interest Expense Non Operating": 66700000.0,
        "Operating Income": 245300000.0,
        "Operating Expense": 646600000.0,
        "Depreciation Amortization Depletion Income Statement": 29300000.0,
        "Depreciation And Amortization In Income Statement": 29300000.0,
        "Selling General And Administration": 617300000.0,
        "Gross Profit": 891900000.0,
        "Cost Of Revenue": 4613300000.0,
        "Total Revenue": 5505300000.0,
        "Operating Revenue": 5505300000.0
    }
}