{
    "2023-03-31": {
        "Tax Effect Of Unusual Items": NaN,
        "Tax Rate For Calcs": NaN,
        "Normalized EBITDA": NaN,
        "Total Unusual Items": NaN,
        "Total Unusual Items Excluding Goodwill": NaN,
        "Net Income From Continuing Operation Net Minority Interest": NaN,
        "Reconciled Depreciation": NaN,
        "Reconciled Cost Of Revenue": NaN,
        "EBITDA": NaN,
        "EBIT": NaN,
        "Net Interest Income": NaN,
        "Interest Expense": NaN,
        "Normalized Income": NaN,
        "Net Income From Continuing And Discontinued Operation": NaN,
        "Total Expenses": NaN,
        "Total Operating Income As Reported": NaN,
        "Diluted Average Shares": NaN,
        "Basic Average Shares": NaN,
        "Diluted EPS": NaN,
        "Basic EPS": NaN,
        "Diluted NI Availto Com Stockholders": NaN,
        "Net Income Common Stockholders": NaN,
        "Net Income": NaN,
        "Net Income Including Noncontrolling Interests": NaN,
        "Net Income Continuous Operations": NaN,
        "Earnings From Equity Interest Net Of Tax": NaN,
        "Tax Provision": NaN,
        "Pretax Income": NaN,
        "Other Income Expense": NaN,
        "Other Non Operating Income Expenses": -1000000.0,
        "Special Income Charges": NaN,
        "Gain On Sale Of Business": NaN,
        "Other Special Charges": NaN,
        "Restructuring And Mergern Acquisition": NaN,
        "Net Non Operating Interest Income Expense": NaN,
        "Interest Expense Non Operating": NaN,
        "Operating Income": NaN,
        "Operating Expense": NaN,
        "Other Operating Expenses": NaN,
        "Selling General And Administration": NaN,
        "General And Administrative Expense": 198000000.0,
        "Other Gand A": 197000000.0,
        "Salaries And Wages": 1000000.0,
        "Gross Profit": NaN,
        "Cost Of Revenue": NaN,
        "Total Revenue": NaN,
        "Operating Revenue": NaN
    },
    "2022-12-31": {
        "Tax Effect Of Unusual Items": NaN,
        "Tax Rate For Calcs": NaN,
        "Normalized EBITDA": NaN,
        "Total Unusual Items": NaN,
        "Total Unusual Items Excluding Goodwill": NaN,
        "Net Income From Continuing Operation Net Minority Interest": NaN,
        "Reconciled Depreciation": NaN,
        "Reconciled Cost Of Revenue": NaN,
        "EBITDA": NaN,
        "EBIT": NaN,
        "Net Interest Income": NaN,
        "Interest Expense": NaN,
        "Normalized Income": NaN,
        "Net Income From Continuing And Discontinued Operation": NaN,
        "Total Expenses": NaN,
        "Total Operating Income As Reported": NaN,
        "Diluted Average Shares": NaN,
        "Basic Average Shares": NaN,
        "Diluted EPS": NaN,
        "Basic EPS": NaN,
        "Diluted NI Availto Com Stockholders": NaN,
        "Net Income Common Stockholders": NaN,
        "Net Income": NaN,
        "Minority Interests": 0.0,
        "Net Income Including Noncontrolling Interests": NaN,
        "Net Income Continuous Operations": NaN,
        "Earnings From Equity Interest Net Of Tax": 0.0,
        "Tax Provision": NaN,
        "Pretax Income": NaN,
        "Other Income Expense": NaN,
        "Other Non Operating Income Expenses": 2000000.0,
        "Special Income Charges": NaN,
        "Gain On Sale Of Business": NaN,
        "Other Special Charges": NaN,
        "Restructuring And Mergern Acquisition": NaN,
        "Net Non Operating Interest Income Expense": NaN,
        "Interest Expense Non Operating": NaN,
        "Operating Income": NaN,
        "Operating Expense": NaN,
        "Other Operating Expenses": NaN,
        "Selling General And Administration": NaN,
        "General And Administrative Expense": NaN,
        "Other Gand A": NaN,
        "Salaries And Wages": NaN,
        "Gross Profit": NaN,
        "Cost Of Revenue": NaN,
        "Total Revenue": NaN,
        "Operating Revenue": NaN
    },
    "2022-09-30": {
        "Tax Effect Of Unusual Items": NaN,
        "Tax Rate For Calcs": NaN,
        "Normalized EBITDA": NaN,
        "Total Unusual Items": NaN,
        "Total Unusual Items Excluding Goodwill": NaN,
        "Net Income From Continuing Operation Net Minority Interest": NaN,
        "Reconciled Depreciation": NaN,
        "Reconciled Cost Of Revenue": NaN,
        "EBITDA": NaN,
        "EBIT": NaN,
        "Net Interest Income": NaN,
        "Interest Expense": NaN,
        "Normalized Income": NaN,
        "Net Income From Continuing And Discontinued Operation": NaN,
        "Total Expenses": NaN,
        "Total Operating Income As Reported": NaN,
        "Diluted Average Shares": NaN,
        "Basic Average Shares": NaN,
        "Diluted EPS": NaN,
        "Basic EPS": NaN,
        "Diluted NI Availto Com Stockholders": NaN,
        "Net Income Common Stockholders": NaN,
        "Net Income": NaN,
        "Minority Interests": 0.0,
        "Net Income Including Noncontrolling Interests": NaN,
        "Net Income Continuous Operations": NaN,
        "Earnings From Equity Interest Net Of Tax": 0.0,
        "Tax Provision": NaN,
        "Pretax Income": NaN,
        "Other Income Expense": NaN,
        "Other Non Operating Income Expenses": 2000000.0,
        "Special Income Charges": NaN,
        "Gain On Sale Of Business": NaN,
        "Other Special Charges": NaN,
        "Restructuring And Mergern Acquisition": NaN,
        "Net Non Operating Interest Income Expense": NaN,
        "Interest Expense Non Operating": NaN,
        "Operating Income": NaN,
        "Operating Expense": NaN,
        "Other Operating Expenses": NaN,
        "Selling General And Administration": NaN,
        "General And Administrative Expense": NaN,
        "Other Gand A": NaN,
        "Salaries And Wages": NaN,
        "Gross Profit": NaN,
        "Cost Of Revenue": NaN,
        "Total Revenue": NaN,
        "Operating Revenue": NaN
    },
    "2022-06-30": {
        "Tax Effect Of Unusual Items": -37885714.285714,
        "Tax Rate For Calcs": 0.371429,
        "Normalized EBITDA": 394000000.0,
        "Total Unusual Items": -102000000.0,
        "Total Unusual Items Excluding Goodwill": -102000000.0,
        "Net Income From Continuing Operation Net Minority Interest": 66000000.0,
        "Reconciled Depreciation": 139000000.0,
        "Reconciled Cost Of Revenue": 1917000000.0,
        "EBITDA": 292000000.0,
        "EBIT": 153000000.0,
        "Net Interest Income": -48000000.0,
        "Interest Expense": 48000000.0,
        "Normalized Income": 130114285.714286,
        "Net Income From Continuing And Discontinued Operation": 66000000.0,
        "Total Expenses": 2104000000.0,
        "Total Operating Income As Reported": 152000000.0,
        "Diluted Average Shares": 309900000.0,
        "Basic Average Shares": 309200000.0,
        "Diluted EPS": 0.21,
        "Basic EPS": 0.21,
        "Diluted NI Availto Com Stockholders": 66000000.0,
        "Net Income Common Stockholders": 66000000.0,
        "Net Income": 66000000.0,
        "Minority Interests": 0.0,
        "Net Income Including Noncontrolling Interests": 66000000.0,
        "Net Income Continuous Operations": 66000000.0,
        "Earnings From Equity Interest Net Of Tax": 0.0,
        "Tax Provision": 39000000.0,
        "Pretax Income": 105000000.0,
        "Other Income Expense": -101000000.0,
        "Other Non Operating Income Expenses": 1000000.0,
        "Special Income Charges": -102000000.0,
        "Gain On Sale Of Business": -92000000.0,
        "Restructuring And Mergern Acquisition": 10000000.0,
        "Net Non Operating Interest Income Expense": -48000000.0,
        "Interest Expense Non Operating": 48000000.0,
        "Operating Income": 254000000.0,
        "Operating Expense": 187000000.0,
        "Other Operating Expenses": 2000000.0,
        "Selling General And Administration": 185000000.0,
        "Gross Profit": 441000000.0,
        "Cost Of Revenue": 1917000000.0,
        "Total Revenue": 2358000000.0,
        "Operating Revenue": 2358000000.0
    },
    "2023-06-30": {
        "Tax Effect Of Unusual Items": NaN,
        "Tax Rate For Calcs": NaN,
        "Normalized EBITDA": NaN,
        "Total Unusual Items": NaN,
        "Total Unusual Items Excluding Goodwill": NaN,
        "Net Income From Continuing Operation Net Minority Interest": NaN,
        "Reconciled Depreciation": NaN,
        "Reconciled Cost Of Revenue": NaN,
        "EBITDA": NaN,
        "EBIT": NaN,
        "Net Interest Income": NaN,
        "Interest Expense": NaN,
        "Normalized Income": NaN,
        "Net Income From Continuing And Discontinued Operation": NaN,
        "Total Expenses": NaN,
        "Total Operating Income As Reported": NaN,
        "Diluted Average Shares": NaN,
        "Basic Average Shares": NaN,
        "Diluted EPS": NaN,
        "Basic EPS": NaN,
        "Diluted NI Availto Com Stockholders": NaN,
        "Net Income Common Stockholders": NaN,
        "Net Income": NaN,
        "Net Income Including Noncontrolling Interests": NaN,
        "Net Income Continuous Operations": NaN,
        "Earnings From Equity Interest Net Of Tax": NaN,
        "Tax Provision": NaN,
        "Pretax Income": NaN,
        "Other Income Expense": NaN,
        "Other Non Operating Income Expenses": NaN,
        "Special Income Charges": NaN,
        "Gain On Sale Of Business": NaN,
        "Other Special Charges": 8000000.0,
        "Restructuring And Mergern Acquisition": NaN,
        "Net Non Operating Interest Income Expense": NaN,
        "Interest Expense Non Operating": NaN,
        "Operating Income": NaN,
        "Operating Expense": NaN,
        "Other Operating Expenses": NaN,
        "Selling General And Administration": NaN,
        "General And Administrative Expense": NaN,
        "Other Gand A": NaN,
        "Salaries And Wages": NaN,
        "Gross Profit": NaN,
        "Cost Of Revenue": NaN,
        "Total Revenue": NaN,
        "Operating Revenue": NaN
    },
    "2022-03-31": {
        "Diluted EPS": 0.35,
        "Total Revenue": NaN,
        "Gross Profit": 387,
        "Operating Income": 193,
        "EBIT": 332,
        "Net Income": 107
    },
    "2021-12-31": {
        "Diluted EPS": 0.12,
        "Total Revenue": NaN,
        "Gross Profit": 287,
        "Operating Income": 83,
        "EBIT": 225,
        "Net Income": 39
    },
    "2021-09-30": {
        "Diluted EPS": 0.24,
        "Total Revenue": NaN,
        "Gross Profit": 280,
        "Operating Income": 121,
        "EBIT": 243,
        "Net Income": 73
    },
    "2021-06-30": {
        "Diluted EPS": 0.13,
        "Total Revenue": NaN,
        "Gross Profit": 255,
        "Operating Income": 95,
        "EBIT": 212,
        "Net Income": 38
    },
    "2021-03-31": {
        "Diluted EPS": 0.19,
        "Total Revenue": NaN,
        "Gross Profit": 249,
        "Operating Income": 108,
        "EBIT": 225,
        "Net Income": 54
    },
    "2020-12-31": {
        "Diluted EPS": 0.22,
        "Total Revenue": NaN,
        "Gross Profit": 261,
        "Operating Income": 130,
        "EBIT": 255,
        "Net Income": 64
    },
    "2020-09-30": {
        "Diluted EPS": 0.23,
        "Total Revenue": NaN,
        "Gross Profit": 256,
        "Operating Income": 119,
        "EBIT": 240,
        "Net Income": 64
    },
    "2020-06-30": {
        "Diluted EPS": 0.19,
        "Total Revenue": NaN,
        "Gross Profit": 262,
        "Operating Income": 115,
        "EBIT": 237,
        "Net Income": 52
    },
    "2020-03-31": {
        "Diluted EPS": -0.04,
        "Total Revenue": NaN,
        "Gross Profit": 321,
        "Operating Income": 160,
        "EBIT": 274,
        "Net Income": -13
    },
    "2019-12-31": {
        "Diluted EPS": 0.11,
        "Total Revenue": NaN,
        "Gross Profit": 272,
        "Operating Income": 133,
        "EBIT": 247,
        "Net Income": 33
    },
    "2019-09-30": {
        "Diluted EPS": 0.18,
        "Total Revenue": NaN,
        "Gross Profit": 266,
        "Operating Income": 123,
        "EBIT": 233,
        "Net Income": 52
    },
    "2019-06-30": {
        "Diluted EPS": 0.22,
        "Total Revenue": NaN,
        "Gross Profit": 288,
        "Operating Income": 144,
        "EBIT": 255,
        "Net Income": 64
    },
    "2019-03-31": {
        "Diluted EPS": 0.19,
        "Total Revenue": NaN,
        "Gross Profit": 266,
        "Operating Income": 134,
        "EBIT": 251,
        "Net Income": 58
    },
    "2018-12-31": {
        "Diluted EPS": 0.15,
        "Total Revenue": NaN,
        "Gross Profit": 233,
        "Operating Income": 108,
        "EBIT": 211,
        "Net Income": 48
    },
    "2018-09-30": {
        "Diluted EPS": 0.3,
        "Total Revenue": NaN,
        "Gross Profit": 258,
        "Operating Income": 166,
        "EBIT": 277,
        "Net Income": 94
    },
    "2018-06-30": {
        "Diluted EPS": 0.16,
        "Total Revenue": NaN,
        "Gross Profit": 238,
        "Operating Income": 110,
        "EBIT": 222,
        "Net Income": 49
    },
    "2018-03-31": {
        "Diluted EPS": 0.1,
        "Total Revenue": NaN,
        "Gross Profit": 224,
        "Operating Income": 74,
        "EBIT": 184,
        "Net Income": 30
    },
    "2017-12-31": {
        "Diluted EPS": 0.55,
        "Total Revenue": NaN,
        "Gross Profit": 175,
        "Operating Income": 81,
        "EBIT": 179,
        "Net Income": 174
    },
    "2017-09-30": {
        "Diluted EPS": 0.15,
        "Total Revenue": NaN,
        "Gross Profit": 188,
        "Operating Income": 91,
        "EBIT": 178,
        "Net Income": 47
    },
    "2017-06-30": {
        "Diluted EPS": 0.14,
        "Total Revenue": NaN,
        "Gross Profit": 174,
        "Operating Income": 84,
        "EBIT": 159,
        "Net Income": 42
    },
    "2017-03-31": {
        "Diluted EPS": 0.12,
        "Total Revenue": NaN,
        "Gross Profit": 172,
        "Operating Income": 72,
        "EBIT": 147,
        "Net Income": 37
    },
    "2016-12-31": {
        "Diluted EPS": 0.11,
        "Total Revenue": NaN,
        "Gross Profit": 197,
        "Operating Income": 90,
        "EBIT": 170,
        "Net Income": 35
    },
    "2016-09-30": {
        "Diluted EPS": 0.18,
        "Total Revenue": NaN,
        "Gross Profit": 191,
        "Operating Income": 105,
        "EBIT": 183,
        "Net Income": 58
    },
    "2016-06-30": {
        "Diluted EPS": 0.24,
        "Total Revenue": NaN,
        "Gross Profit": 205,
        "Operating Income": 106,
        "EBIT": 181,
        "Net Income": 78
    },
    "2016-03-31": {
        "Diluted EPS": 0.18,
        "Total Revenue": NaN,
        "Gross Profit": 208,
        "Operating Income": 107,
        "EBIT": 178,
        "Net Income": 58
    },
    "2015-12-31": {
        "Diluted EPS": 0.18,
        "Total Revenue": NaN,
        "Gross Profit": 200,
        "Operating Income": 102,
        "EBIT": 173,
        "Net Income": 57
    },
    "2015-09-30": {
        "Diluted EPS": 0.18,
        "Total Revenue": NaN,
        "Gross Profit": 202,
        "Operating Income": 110,
        "EBIT": 184,
        "Net Income": 60
    },
    "2015-06-30": {
        "Diluted EPS": 0.17,
        "Total Revenue": NaN,
        "Gross Profit": 198,
        "Operating Income": 110,
        "EBIT": 181,
        "Net Income": 58
    },
    "2015-03-31": {
        "Diluted EPS": 0.17,
        "Total Revenue": NaN,
        "Gross Profit": 190,
        "Operating Income": 105,
        "EBIT": 173,
        "Net Income": 55
    },
    "2014-12-31": {
        "Diluted EPS": 0.12,
        "Total Revenue": NaN,
        "Gross Profit": 185,
        "Operating Income": 89,
        "EBIT": 161,
        "Net Income": 42
    },
    "2014-09-30": {
        "Diluted EPS": 0.16,
        "Total Revenue": NaN,
        "Gross Profit": 202,
        "Operating Income": 112,
        "EBIT": 178,
        "Net Income": 53
    },
    "2014-06-30": {
        "Diluted EPS": -0.12,
        "Total Revenue": NaN,
        "Gross Profit": 213,
        "Operating Income": -53,
        "EBIT": 17,
        "Net Income": -40
    },
    "2014-03-31": {
        "Diluted EPS": 0.11,
        "Total Revenue": NaN,
        "Gross Profit": 187,
        "Operating Income": 80,
        "EBIT": 147,
        "Net Income": 35
    },
    "2013-12-31": {
        "Diluted EPS": 0.13,
        "Total Revenue": NaN,
        "Gross Profit": 173,
        "Operating Income": 63,
        "EBIT": 139,
        "Net Income": 46
    },
    "2013-09-30": {
        "Diluted EPS": 0.13,
        "Total Revenue": NaN,
        "Gross Profit": 181,
        "Operating Income": 106,
        "EBIT": 181,
        "Net Income": 45
    },
    "2013-06-30": {
        "Diluted EPS": 0.06,
        "Total Revenue": NaN,
        "Gross Profit": 189,
        "Operating Income": 88,
        "EBIT": 156,
        "Net Income": 21
    },
    "2013-03-31": {
        "Diluted EPS": 0.1,
        "Total Revenue": NaN,
        "Gross Profit": 183,
        "Operating Income": 85,
        "EBIT": 151,
        "Net Income": 35
    },
    "2012-12-31": {
        "Diluted EPS": 0.06,
        "Total Revenue": NaN,
        "Gross Profit": 165,
        "Operating Income": 63,
        "EBIT": 134,
        "Net Income": 23
    },
    "2012-09-30": {
        "Diluted EPS": 0.1,
        "Total Revenue": NaN,
        "Gross Profit": 189,
        "Operating Income": 91,
        "EBIT": 159,
        "Net Income": 40
    },
    "2012-06-30": {
        "Diluted EPS": 0.11,
        "Total Revenue": NaN,
        "Gross Profit": 196,
        "Operating Income": 97,
        "EBIT": 164,
        "Net Income": 42
    },
    "2012-03-31": {
        "Diluted EPS": 0.04,
        "Total Revenue": NaN,
        "Gross Profit": 170,
        "Operating Income": 71,
        "EBIT": 139,
        "Net Income": 17
    },
    "2011-12-31": {
        "Diluted EPS": 0.69,
        "Total Revenue": NaN,
        "Gross Profit": 160,
        "Operating Income": 63,
        "EBIT": 139,
        "Net Income": 266
    },
    "2011-09-30": {
        "Diluted EPS": -0.12,
        "Total Revenue": NaN,
        "Gross Profit": 154,
        "Operating Income": -18,
        "EBIT": 148,
        "Net Income": -48
    },
    "2011-06-30": {
        "Diluted EPS": 0.08,
        "Total Revenue": NaN,
        "Gross Profit": 165,
        "Operating Income": 76,
        "EBIT": 145,
        "Net Income": 32
    },
    "2011-03-31": {
        "Diluted EPS": 0.08,
        "Total Revenue": NaN,
        "Gross Profit": 158,
        "Operating Income": 69,
        "EBIT": 140,
        "Net Income": 27
    },
    "2010-12-31": {
        "Diluted EPS": 0.06,
        "Total Revenue": NaN,
        "Gross Profit": 144,
        "Operating Income": 59,
        "EBIT": 138,
        "Net Income": 20
    },
    "2010-09-30": {
        "Diluted EPS": 0.05,
        "Total Revenue": NaN,
        "Gross Profit": 155,
        "Operating Income": 79,
        "EBIT": 149,
        "Net Income": 18
    },
    "2010-06-30": {
        "Diluted EPS": -0.1,
        "Total Revenue": NaN,
        "Gross Profit": 149,
        "Operating Income": 23,
        "EBIT": 96,
        "Net Income": -33
    },
    "2010-03-31": {
        "Diluted EPS": 0.02,
        "Total Revenue": NaN,
        "Gross Profit": 146,
        "Operating Income": 60,
        "EBIT": 134,
        "Net Income": 6
    },
    "2009-12-31": {
        "Diluted EPS": 0.08,
        "Total Revenue": 979,
        "Gross Profit": 114,
        "Operating Income": 64,
        "EBIT": 150,
        "Net Income": 32
    },
    "2009-09-30": {
        "Diluted EPS": 0.1,
        "Total Revenue": NaN,
        "Gross Profit": 146,
        "Operating Income": 98,
        "EBIT": 174,
        "Net Income": 33
    },
    "2009-06-30": {
        "Diluted EPS": 0.06,
        "Total Revenue": NaN,
        "Gross Profit": 142,
        "Operating Income": 88,
        "EBIT": 163,
        "Net Income": 20
    },
    "2009-03-31": {
        "Diluted EPS": -0.08,
        "Total Revenue": NaN,
        "Gross Profit": 126,
        "Operating Income": 33,
        "EBIT": 110,
        "Net Income": -28
    },
    "2023-09-30": {
        "Tax Effect Of Unusual Items": NaN,
        "Tax Rate For Calcs": NaN,
        "Normalized EBITDA": NaN,
        "Total Unusual Items": NaN,
        "Total Unusual Items Excluding Goodwill": NaN,
        "Net Income From Continuing Operation Net Minority Interest": NaN,
        "Reconciled Depreciation": NaN,
        "Reconciled Cost Of Revenue": NaN,
        "EBITDA": NaN,
        "EBIT": NaN,
        "Net Interest Income": NaN,
        "Interest Expense": NaN,
        "Normalized Income": NaN,
        "Net Income From Continuing And Discontinued Operation": NaN,
        "Total Expenses": NaN,
        "Total Operating Income As Reported": NaN,
        "Diluted Average Shares": NaN,
        "Basic Average Shares": NaN,
        "Diluted EPS": NaN,
        "Basic EPS": NaN,
        "Diluted NI Availto Com Stockholders": NaN,
        "Net Income Common Stockholders": NaN,
        "Net Income": NaN,
        "Net Income Including Noncontrolling Interests": NaN,
        "Net Income Continuous Operations": NaN,
        "Earnings From Equity Interest Net Of Tax": 0.0,
        "Tax Provision": NaN,
        "Pretax Income": NaN,
        "Other Income Expense": NaN,
        "Other Non Operating Income Expenses": -1000000.0,
        "Special Income Charges": NaN,
        "Gain On Sale Of Business": NaN,
        "Other Special Charges": 1000000.0,
        "Restructuring And Mergern Acquisition": NaN,
        "Net Non Operating Interest Income Expense": NaN,
        "Interest Expense Non Operating": NaN,
        "Operating Income": NaN,
        "Operating Expense": NaN,
        "Other Operating Expenses": NaN,
        "Selling General And Administration": NaN,
        "General And Administrative Expense": NaN,
        "Other Gand A": NaN,
        "Salaries And Wages": NaN,
        "Gross Profit": NaN,
        "Cost Of Revenue": NaN,
        "Total Revenue": NaN,
        "Operating Revenue": NaN
    },
    "2023-12-31": {
        "Tax Effect Of Unusual Items": NaN,
        "Tax Rate For Calcs": NaN,
        "Normalized EBITDA": NaN,
        "Total Unusual Items": NaN,
        "Total Unusual Items Excluding Goodwill": NaN,
        "Net Income From Continuing Operation Net Minority Interest": NaN,
        "Reconciled Depreciation": NaN,
        "Reconciled Cost Of Revenue": NaN,
        "EBITDA": NaN,
        "EBIT": NaN,
        "Net Interest Income": NaN,
        "Interest Expense": NaN,
        "Normalized Income": NaN,
        "Net Income From Continuing And Discontinued Operation": NaN,
        "Total Expenses": NaN,
        "Total Operating Income As Reported": NaN,
        "Diluted Average Shares": NaN,
        "Basic Average Shares": NaN,
        "Diluted EPS": NaN,
        "Basic EPS": NaN,
        "Diluted NI Availto Com Stockholders": NaN,
        "Net Income Common Stockholders": NaN,
        "Net Income": NaN,
        "Net Income Including Noncontrolling Interests": NaN,
        "Net Income Continuous Operations": NaN,
        "Earnings From Equity Interest Net Of Tax": NaN,
        "Tax Provision": NaN,
        "Pretax Income": NaN,
        "Other Income Expense": NaN,
        "Other Non Operating Income Expenses": -1000000.0,
        "Special Income Charges": NaN,
        "Gain On Sale Of Business": NaN,
        "Other Special Charges": 0.0,
        "Restructuring And Mergern Acquisition": NaN,
        "Net Non Operating Interest Income Expense": NaN,
        "Interest Expense Non Operating": NaN,
        "Operating Income": NaN,
        "Operating Expense": NaN,
        "Other Operating Expenses": NaN,
        "Selling General And Administration": NaN,
        "General And Administrative Expense": NaN,
        "Other Gand A": NaN,
        "Salaries And Wages": NaN,
        "Gross Profit": NaN,
        "Cost Of Revenue": NaN,
        "Total Revenue": NaN,
        "Operating Revenue": NaN
    },
    "2024-03-31": {
        "Tax Effect Of Unusual Items": NaN,
        "Tax Rate For Calcs": NaN,
        "Normalized EBITDA": NaN,
        "Total Unusual Items": NaN,
        "Total Unusual Items Excluding Goodwill": NaN,
        "Net Income From Continuing Operation Net Minority Interest": NaN,
        "Reconciled Depreciation": NaN,
        "Reconciled Cost Of Revenue": NaN,
        "EBITDA": NaN,
        "EBIT": NaN,
        "Net Interest Income": NaN,
        "Interest Expense": NaN,
        "Normalized Income": NaN,
        "Net Income From Continuing And Discontinued Operation": NaN,
        "Total Expenses": NaN,
        "Total Operating Income As Reported": NaN,
        "Diluted Average Shares": NaN,
        "Basic Average Shares": NaN,
        "Diluted EPS": NaN,
        "Basic EPS": NaN,
        "Diluted NI Availto Com Stockholders": NaN,
        "Net Income Common Stockholders": NaN,
        "Net Income": NaN,
        "Net Income Including Noncontrolling Interests": NaN,
        "Net Income Continuous Operations": NaN,
        "Earnings From Equity Interest Net Of Tax": NaN,
        "Tax Provision": NaN,
        "Pretax Income": NaN,
        "Other Income Expense": NaN,
        "Other Non Operating Income Expenses": -1000000.0,
        "Special Income Charges": NaN,
        "Gain On Sale Of Business": NaN,
        "Other Special Charges": 5000000.0,
        "Restructuring And Mergern Acquisition": NaN,
        "Net Non Operating Interest Income Expense": NaN,
        "Interest Expense Non Operating": NaN,
        "Operating Income": NaN,
        "Operating Expense": NaN,
        "Other Operating Expenses": NaN,
        "Selling General And Administration": NaN,
        "General And Administrative Expense": 216000000.0,
        "Other Gand A": 215000000.0,
        "Salaries And Wages": 1000000.0,
        "Gross Profit": NaN,
        "Cost Of Revenue": NaN,
        "Total Revenue": NaN,
        "Operating Revenue": NaN
    },
    "2024-06-30": {
        "Tax Effect Of Unusual Items": NaN,
        "Tax Rate For Calcs": NaN,
        "Normalized EBITDA": NaN,
        "Total Unusual Items": NaN,
        "Total Unusual Items Excluding Goodwill": NaN,
        "Net Income From Continuing Operation Net Minority Interest": NaN,
        "Reconciled Depreciation": NaN,
        "Reconciled Cost Of Revenue": NaN,
        "EBITDA": NaN,
        "EBIT": NaN,
        "Net Interest Income": NaN,
        "Interest Expense": NaN,
        "Normalized Income": NaN,
        "Net Income From Continuing And Discontinued Operation": NaN,
        "Total Expenses": NaN,
        "Total Operating Income As Reported": NaN,
        "Diluted Average Shares": NaN,
        "Basic Average Shares": NaN,
        "Diluted EPS": NaN,
        "Basic EPS": NaN,
        "Diluted NI Availto Com Stockholders": NaN,
        "Net Income Common Stockholders": NaN,
        "Net Income": NaN,
        "Net Income Including Noncontrolling Interests": NaN,
        "Net Income Continuous Operations": NaN,
        "Earnings From Equity Interest Net Of Tax": NaN,
        "Tax Provision": NaN,
        "Pretax Income": NaN,
        "Other Income Expense": NaN,
        "Other Non Operating Income Expenses": NaN,
        "Special Income Charges": NaN,
        "Gain On Sale Of Business": NaN,
        "Other Special Charges": 5000000.0,
        "Restructuring And Mergern Acquisition": NaN,
        "Net Non Operating Interest Income Expense": NaN,
        "Interest Expense Non Operating": NaN,
        "Operating Income": NaN,
        "Operating Expense": NaN,
        "Other Operating Expenses": NaN,
        "Selling General And Administration": NaN,
        "Gross Profit": NaN,
        "Cost Of Revenue": NaN,
        "Total Revenue": NaN,
        "Operating Revenue": NaN
    },
    "2024-09-30": {
        "Tax Effect Of Unusual Items": -4018264.840183,
        "Tax Rate For Calcs": 0.251142,
        "Normalized EBITDA": 432000000.0,
        "Total Unusual Items": -16000000.0,
        "Total Unusual Items Excluding Goodwill": -16000000.0,
        "Net Income From Continuing Operation Net Minority Interest": 165000000.0,
        "Reconciled Depreciation": 139000000.0,
        "Reconciled Cost Of Revenue": 1714000000.0,
        "EBITDA": 416000000.0,
        "EBIT": 277000000.0,
        "Net Interest Income": -58000000.0,
        "Interest Expense": 58000000.0,
        "Normalized Income": 176981735.159817,
        "Net Income From Continuing And Discontinued Operation": 165000000.0,
        "Total Expenses": 1922000000.0,
        "Total Operating Income As Reported": 278000000.0,
        "Diluted Average Shares": NaN,
        "Basic Average Shares": NaN,
        "Diluted EPS": NaN,
        "Basic EPS": NaN,
        "Diluted NI Availto Com Stockholders": 165000000.0,
        "Net Income Common Stockholders": 165000000.0,
        "Net Income": 165000000.0,
        "Net Income Including Noncontrolling Interests": 165000000.0,
        "Net Income Continuous Operations": 165000000.0,
        "Earnings From Equity Interest Net Of Tax": 1000000.0,
        "Tax Provision": 55000000.0,
        "Pretax Income": 219000000.0,
        "Other Income Expense": -17000000.0,
        "Other Non Operating Income Expenses": -1000000.0,
        "Special Income Charges": -16000000.0,
        "Gain On Sale Of Business": -14000000.0,
        "Other Special Charges": NaN,
        "Restructuring And Mergern Acquisition": 0.0,
        "Net Non Operating Interest Income Expense": -58000000.0,
        "Interest Expense Non Operating": 58000000.0,
        "Operating Income": 294000000.0,
        "Operating Expense": 208000000.0,
        "Other Operating Expenses": 17000000.0,
        "Selling General And Administration": 191000000.0,
        "Gross Profit": 502000000.0,
        "Cost Of Revenue": 1714000000.0,
        "Total Revenue": 2216000000.0,
        "Operating Revenue": 2216000000.0
    },
    "2024-12-31": {
        "Tax Effect Of Unusual Items": -7113513.513514,
        "Tax Rate For Calcs": 0.254054,
        "Normalized EBITDA": 403000000.0,
        "Total Unusual Items": -28000000.0,
        "Total Unusual Items Excluding Goodwill": -28000000.0,
        "Net Income From Continuing Operation Net Minority Interest": 138000000.0,
        "Reconciled Depreciation": 137000000.0,
        "Reconciled Cost Of Revenue": 1642000000.0,
        "EBITDA": 375000000.0,
        "EBIT": 238000000.0,
        "Net Interest Income": -53000000.0,
        "Interest Expense": 53000000.0,
        "Normalized Income": 158886486.486486,
        "Net Income From Continuing And Discontinued Operation": 138000000.0,
        "Total Expenses": 1828000000.0,
        "Total Operating Income As Reported": 239000000.0,
        "Diluted Average Shares": 302700000.0,
        "Basic Average Shares": 301500000.0,
        "Diluted EPS": 0.46,
        "Basic EPS": 0.46,
        "Diluted NI Availto Com Stockholders": 138000000.0,
        "Net Income Common Stockholders": 138000000.0,
        "Net Income": 138000000.0,
        "Net Income Including Noncontrolling Interests": 138000000.0,
        "Net Income Continuous Operations": 138000000.0,
        "Earnings From Equity Interest Net Of Tax": 0.0,
        "Tax Provision": 47000000.0,
        "Pretax Income": 185000000.0,
        "Other Income Expense": -29000000.0,
        "Other Non Operating Income Expenses": -1000000.0,
        "Special Income Charges": -28000000.0,
        "Gain On Sale Of Business": -24000000.0,
        "Other Special Charges": NaN,
        "Restructuring And Mergern Acquisition": -11000000.0,
        "Net Non Operating Interest Income Expense": -53000000.0,
        "Interest Expense Non Operating": 53000000.0,
        "Operating Income": 267000000.0,
        "Operating Expense": 186000000.0,
        "Other Operating Expenses": 15000000.0,
        "Selling General And Administration": 171000000.0,
        "Gross Profit": 453000000.0,
        "Cost Of Revenue": 1642000000.0,
        "Total Revenue": 2095000000.0,
        "Operating Revenue": 2095000000.0
    },
    "2025-03-31": {
        "Tax Effect Of Unusual Items": -3035294.117647,
        "Tax Rate For Calcs": 0.252941,
        "Normalized EBITDA": 364000000.0,
        "Total Unusual Items": -12000000.0,
        "Total Unusual Items Excluding Goodwill": -12000000.0,
        "Net Income From Continuing Operation Net Minority Interest": 127000000.0,
        "Reconciled Depreciation": 131000000.0,
        "Reconciled Cost Of Revenue": 1675000000.0,
        "EBITDA": 352000000.0,
        "EBIT": 221000000.0,
        "Net Interest Income": -51000000.0,
        "Interest Expense": 51000000.0,
        "Normalized Income": 135964705.882353,
        "Net Income From Continuing And Discontinued Operation": 127000000.0,
        "Total Expenses": 1887000000.0,
        "Total Operating Income As Reported": 221000000.0,
        "Diluted Average Shares": 303200000.0,
        "Basic Average Shares": 302200000.0,
        "Diluted EPS": 0.42,
        "Basic EPS": 0.42,
        "Diluted NI Availto Com Stockholders": 127000000.0,
        "Net Income Common Stockholders": 127000000.0,
        "Net Income": 127000000.0,
        "Net Income Including Noncontrolling Interests": 127000000.0,
        "Net Income Continuous Operations": 127000000.0,
        "Earnings From Equity Interest Net Of Tax": NaN,
        "Tax Provision": 43000000.0,
        "Pretax Income": 170000000.0,
        "Other Income Expense": -12000000.0,
        "Other Non Operating Income Expenses": NaN,
        "Special Income Charges": -12000000.0,
        "Gain On Sale Of Business": -15000000.0,
        "Other Special Charges": -3000000.0,
        "Restructuring And Mergern Acquisition": 0.0,
        "Net Non Operating Interest Income Expense": -51000000.0,
        "Interest Expense Non Operating": 51000000.0,
        "Operating Income": 233000000.0,
        "Operating Expense": 212000000.0,
        "Other Operating Expenses": 16000000.0,
        "Selling General And Administration": 196000000.0,
        "Gross Profit": 445000000.0,
        "Cost Of Revenue": 1675000000.0,
        "Total Revenue": 2120000000.0,
        "Operating Revenue": 2120000000.0
    },
    "2025-06-30": {
        "Tax Effect Of Unusual Items": -3273381.294964,
        "Tax Rate For Calcs": 0.251799,
        "Normalized EBITDA": 335000000.0,
        "Total Unusual Items": -13000000.0,
        "Total Unusual Items Excluding Goodwill": -13000000.0,
        "Net Income From Continuing Operation Net Minority Interest": 104000000.0,
        "Reconciled Depreciation": 130000000.0,
        "Reconciled Cost Of Revenue": 1784000000.0,
        "EBITDA": 322000000.0,
        "EBIT": 192000000.0,
        "Net Interest Income": -53000000.0,
        "Interest Expense": 53000000.0,
        "Normalized Income": 113726618.705036,
        "Net Income From Continuing And Discontinued Operation": 104000000.0,
        "Total Expenses": 1998000000.0,
        "Total Operating Income As Reported": 193000000.0,
        "Diluted Average Shares": 301600000.0,
        "Basic Average Shares": 301200000.0,
        "Diluted EPS": 0.34,
        "Basic EPS": 0.35,
        "Diluted NI Availto Com Stockholders": 104000000.0,
        "Net Income Common Stockholders": 104000000.0,
        "Net Income": 104000000.0,
        "Net Income Including Noncontrolling Interests": 104000000.0,
        "Net Income Continuous Operations": 104000000.0,
        "Earnings From Equity Interest Net Of Tax": NaN,
        "Tax Provision": 35000000.0,
        "Pretax Income": 139000000.0,
        "Other Income Expense": -14000000.0,
        "Other Non Operating Income Expenses": -1000000.0,
        "Special Income Charges": -13000000.0,
        "Gain On Sale Of Business": -13000000.0,
        "Other Special Charges": NaN,
        "Restructuring And Mergern Acquisition": 0.0,
        "Net Non Operating Interest Income Expense": -53000000.0,
        "Interest Expense Non Operating": 53000000.0,
        "Operating Income": 206000000.0,
        "Operating Expense": 214000000.0,
        "Other Operating Expenses": 10000000.0,
        "Selling General And Administration": 204000000.0,
        "Gross Profit": 420000000.0,
        "Cost Of Revenue": 1784000000.0,
        "Total Revenue": 2204000000.0,
        "Operating Revenue": 2204000000.0
    },
    "2025-09-30": {
        "Tax Effect Of Unusual Items": -4861878.453039,
        "Tax Rate For Calcs": 0.220994,
        "Normalized EBITDA": 382000000.0,
        "Total Unusual Items": -22000000.0,
        "Total Unusual Items Excluding Goodwill": -22000000.0,
        "Net Income From Continuing Operation Net Minority Interest": 142000000.0,
        "Reconciled Depreciation": 126000000.0,
        "Reconciled Cost Of Revenue": 1756000000.0,
        "EBITDA": 360000000.0,
        "EBIT": 234000000.0,
        "Net Interest Income": -53000000.0,
        "Interest Expense": 53000000.0,
        "Normalized Income": 159138121.546961,
        "Net Income From Continuing And Discontinued Operation": 142000000.0,
        "Total Expenses": 1934000000.0,
        "Total Operating Income As Reported": 234000000.0,
        "Diluted Average Shares": 297600000.0,
        "Basic Average Shares": 297100000.0,
        "Diluted EPS": 0.48,
        "Basic EPS": 0.48,
        "Diluted NI Availto Com Stockholders": 142000000.0,
        "Net Income Common Stockholders": 142000000.0,
        "Net Income": 142000000.0,
        "Net Income Including Noncontrolling Interests": 142000000.0,
        "Net Income Continuous Operations": 142000000.0,
        "Earnings From Equity Interest Net Of Tax": 1000000.0,
        "Tax Provision": 40000000.0,
        "Pretax Income": 181000000.0,
        "Other Income Expense": -22000000.0,
        "Other Non Operating Income Expenses": NaN,
        "Special Income Charges": -22000000.0,
        "Gain On Sale Of Business": -21000000.0,
        "Other Special Charges": 1000000.0,
        "Restructuring And Mergern Acquisition": 0.0,
        "Net Non Operating Interest Income Expense": -53000000.0,
        "Interest Expense Non Operating": 53000000.0,
        "Operating Income": 256000000.0,
        "Operating Expense": 178000000.0,
        "Other Operating Expenses": 15000000.0,
        "Selling General And Administration": 163000000.0,
        "Gross Profit": 434000000.0,
        "Cost Of Revenue": 1756000000.0,
        "Total Revenue": 2190000000.0,
        "Operating Revenue": 2190000000.0
    },
    "2025-12-31": {
        "Tax Effect Of Unusual Items": NaN,
        "Tax Rate For Calcs": NaN,
        "Normalized EBITDA": NaN,
        "Total Unusual Items": NaN,
        "Total Unusual Items Excluding Goodwill": NaN,
        "Net Income From Continuing Operation Net Minority Interest": NaN,
        "Reconciled Depreciation": NaN,
        "Reconciled Cost Of Revenue": NaN,
        "EBITDA": NaN,
        "EBIT": NaN,
        "Net Interest Income": NaN,
        "Interest Expense": NaN,
        "Normalized Income": NaN,
        "Net Income From Continuing And Discontinued Operation": NaN,
        "Total Expenses": NaN,
        "Total Operating Income As Reported": NaN,
        "Diluted Average Shares": 296900000.0,
        "Basic Average Shares": 296600000.0,
        "Diluted EPS": 0.24,
        "Basic EPS": 0.24,
        "Diluted NI Availto Com Stockholders": NaN,
        "Net Income Common Stockholders": NaN,
        "Net Income": NaN,
        "Net Income Including Noncontrolling Interests": NaN,
        "Net Income Continuous Operations": NaN,
        "Earnings From Equity Interest Net Of Tax": NaN,
        "Tax Provision": NaN,
        "Pretax Income": NaN,
        "Other Income Expense": NaN,
        "Other Non Operating Income Expenses": NaN,
        "Special Income Charges": NaN,
        "Gain On Sale Of Business": NaN,
        "Other Special Charges": NaN,
        "Restructuring And Mergern Acquisition": NaN,
        "Net Non Operating Interest Income Expense": NaN,
        "Interest Expense Non Operating": NaN,
        "Operating Income": NaN,
        "Operating Expense": NaN,
        "Other Operating Expenses": NaN,
        "Selling General And Administration": NaN,
        "Gross Profit": NaN,
        "Cost Of Revenue": NaN,
        "Total Revenue": NaN,
        "Operating Revenue": NaN
    }
}