{
    "2023-04-30": {
        "Tax Effect Of Unusual Items": 0.0,
        "Tax Rate For Calcs": 0.1,
        "Normalized EBITDA": 140000000.0,
        "Total Unusual Items": NaN,
        "Total Unusual Items Excluding Goodwill": NaN,
        "Net Income From Continuing Operation Net Minority Interest": -18000000.0,
        "Reconciled Depreciation": 137000000.0,
        "Reconciled Cost Of Revenue": 2062000000.0,
        "EBITDA": 140000000.0,
        "EBIT": 3000000.0,
        "Net Interest Income": -10000000.0,
        "Interest Expense": 23000000.0,
        "Interest Income": 13000000.0,
        "Normalized Income": -18000000.0,
        "Net Income From Continuing And Discontinued Operation": -18000000.0,
        "Total Expenses": 3286000000.0,
        "Total Operating Income As Reported": -10000000.0,
        "Diluted Average Shares": 367000000.0,
        "Basic Average Shares": 367000000.0,
        "Diluted EPS": -0.05,
        "Basic EPS": -0.05,
        "Diluted NI Availto Com Stockholders": -18000000.0,
        "Net Income Common Stockholders": -18000000.0,
        "Net Income": -18000000.0,
        "Net Income Including Noncontrolling Interests": -18000000.0,
        "Net Income Continuous Operations": -18000000.0,
        "Tax Provision": -2000000.0,
        "Pretax Income": -20000000.0,
        "Special Income Charges": NaN,
        "Net Non Operating Interest Income Expense": -10000000.0,
        "Interest Expense Non Operating": 23000000.0,
        "Interest Income Non Operating": 13000000.0,
        "Operating Income": -10000000.0,
        "Operating Expense": 1224000000.0,
        "Gross Profit": 1214000000.0,
        "Cost Of Revenue": 2062000000.0,
        "Total Revenue": 3276000000.0,
        "Operating Revenue": 3276000000.0
    },
    "2023-01-31": {
        "Tax Effect Of Unusual Items": NaN,
        "Tax Rate For Calcs": NaN,
        "Normalized EBITDA": NaN,
        "Total Unusual Items": 0.0,
        "Total Unusual Items Excluding Goodwill": 0.0,
        "Net Income From Continuing Operation Net Minority Interest": NaN,
        "Reconciled Depreciation": NaN,
        "Reconciled Cost Of Revenue": NaN,
        "EBITDA": NaN,
        "EBIT": NaN,
        "Net Interest Income": NaN,
        "Interest Expense": NaN,
        "Interest Income": NaN,
        "Normalized Income": NaN,
        "Net Income From Continuing And Discontinued Operation": NaN,
        "Total Expenses": NaN,
        "Total Operating Income As Reported": NaN,
        "Diluted Average Shares": NaN,
        "Basic Average Shares": NaN,
        "Diluted EPS": NaN,
        "Basic EPS": NaN,
        "Diluted NI Availto Com Stockholders": NaN,
        "Net Income Common Stockholders": NaN,
        "Net Income": NaN,
        "Net Income Including Noncontrolling Interests": NaN,
        "Net Income Continuous Operations": NaN,
        "Tax Provision": NaN,
        "Pretax Income": NaN,
        "Special Income Charges": 0.0,
        "Net Non Operating Interest Income Expense": NaN,
        "Interest Expense Non Operating": NaN,
        "Interest Income Non Operating": NaN,
        "Operating Income": NaN,
        "Operating Expense": NaN,
        "Gross Profit": NaN,
        "Cost Of Revenue": NaN,
        "Total Revenue": NaN,
        "Operating Revenue": NaN
    },
    "2022-10-31": {
        "Tax Effect Of Unusual Items": NaN,
        "Tax Rate For Calcs": NaN,
        "Normalized EBITDA": NaN,
        "Total Unusual Items": 0.0,
        "Total Unusual Items Excluding Goodwill": 0.0,
        "Net Income From Continuing Operation Net Minority Interest": NaN,
        "Reconciled Depreciation": NaN,
        "Reconciled Cost Of Revenue": NaN,
        "EBITDA": NaN,
        "EBIT": NaN,
        "Net Interest Income": NaN,
        "Interest Expense": NaN,
        "Interest Income": NaN,
        "Normalized Income": NaN,
        "Net Income From Continuing And Discontinued Operation": NaN,
        "Total Expenses": NaN,
        "Total Operating Income As Reported": NaN,
        "Diluted Average Shares": NaN,
        "Basic Average Shares": NaN,
        "Diluted EPS": NaN,
        "Basic EPS": NaN,
        "Diluted NI Availto Com Stockholders": NaN,
        "Net Income Common Stockholders": NaN,
        "Net Income": NaN,
        "Net Income Including Noncontrolling Interests": NaN,
        "Net Income Continuous Operations": NaN,
        "Tax Provision": NaN,
        "Pretax Income": NaN,
        "Special Income Charges": 0.0,
        "Net Non Operating Interest Income Expense": NaN,
        "Interest Expense Non Operating": NaN,
        "Interest Income Non Operating": NaN,
        "Operating Income": NaN,
        "Operating Expense": NaN,
        "Gross Profit": NaN,
        "Cost Of Revenue": NaN,
        "Total Revenue": NaN,
        "Operating Revenue": NaN
    },
    "2022-07-31": {
        "Tax Effect Of Unusual Items": 0.0,
        "Tax Rate For Calcs": 0.4,
        "Normalized EBITDA": 105000000.0,
        "Total Unusual Items": NaN,
        "Total Unusual Items Excluding Goodwill": NaN,
        "Net Income From Continuing Operation Net Minority Interest": -49000000.0,
        "Reconciled Depreciation": 132000000.0,
        "Reconciled Cost Of Revenue": 2527000000.0,
        "EBITDA": 105000000.0,
        "EBIT": -27000000.0,
        "Net Interest Income": -20000000.0,
        "Interest Expense": 21000000.0,
        "Interest Income": 1000000.0,
        "Normalized Income": -49000000.0,
        "Net Income From Continuing And Discontinued Operation": -49000000.0,
        "Total Expenses": 3885000000.0,
        "Total Operating Income As Reported": -28000000.0,
        "Diluted Average Shares": 367000000.0,
        "Basic Average Shares": 367000000.0,
        "Diluted EPS": -0.13,
        "Basic EPS": -0.13,
        "Diluted NI Availto Com Stockholders": -49000000.0,
        "Net Income Common Stockholders": -49000000.0,
        "Net Income": -49000000.0,
        "Net Income Including Noncontrolling Interests": -49000000.0,
        "Net Income Continuous Operations": -49000000.0,
        "Tax Provision": 1000000.0,
        "Pretax Income": -48000000.0,
        "Special Income Charges": NaN,
        "Net Non Operating Interest Income Expense": -20000000.0,
        "Total Other Finance Cost": NaN,
        "Interest Expense Non Operating": 21000000.0,
        "Interest Income Non Operating": 1000000.0,
        "Operating Income": -28000000.0,
        "Operating Expense": 1358000000.0,
        "Gross Profit": 1330000000.0,
        "Cost Of Revenue": 2527000000.0,
        "Total Revenue": 3857000000.0,
        "Operating Revenue": 3857000000.0
    },
    "2022-04-30": {
        "Diluted EPS": -0.44,
        "Total Revenue": NaN,
        "Gross Profit": NaN,
        "Operating Income": -197,
        "EBIT": -65,
        "Net Income": -162
    },
    "2022-01-31": {
        "Diluted EPS": -0.03,
        "Total Revenue": NaN,
        "Gross Profit": NaN,
        "Operating Income": 8,
        "EBIT": 143,
        "Net Income": -16
    },
    "2021-10-31": {
        "Diluted EPS": -0.4,
        "Total Revenue": NaN,
        "Gross Profit": NaN,
        "Operating Income": 153,
        "EBIT": 284,
        "Net Income": -152
    },
    "2021-07-31": {
        "Diluted EPS": 0.67,
        "Total Revenue": NaN,
        "Gross Profit": NaN,
        "Operating Income": 409,
        "EBIT": 537,
        "Net Income": 258
    },
    "2021-04-30": {
        "Diluted EPS": 0.43,
        "Total Revenue": NaN,
        "Gross Profit": NaN,
        "Operating Income": 240,
        "EBIT": 364,
        "Net Income": 166
    },
    "2021-01-31": {
        "Diluted EPS": 0.65,
        "Total Revenue": NaN,
        "Gross Profit": NaN,
        "Operating Income": 134,
        "EBIT": 295,
        "Net Income": 234
    },
    "2020-10-31": {
        "Diluted EPS": 0.25,
        "Total Revenue": NaN,
        "Gross Profit": NaN,
        "Operating Income": 175,
        "EBIT": 304,
        "Net Income": 95
    },
    "2020-07-31": {
        "Diluted EPS": -0.17,
        "Total Revenue": NaN,
        "Gross Profit": NaN,
        "Operating Income": 73,
        "EBIT": 203,
        "Net Income": -62
    },
    "2020-04-30": {
        "Diluted EPS": -2.51,
        "Total Revenue": NaN,
        "Gross Profit": 268,
        "Operating Income": NaN,
        "EBIT": NaN,
        "Net Income": -932
    },
    "2020-01-31": {
        "Diluted EPS": -0.48,
        "Total Revenue": NaN,
        "Gross Profit": NaN,
        "Operating Income": -245,
        "EBIT": -104,
        "Net Income": -184
    },
    "2019-10-31": {
        "Diluted EPS": 0.37,
        "Total Revenue": NaN,
        "Gross Profit": NaN,
        "Operating Income": 221,
        "EBIT": 361,
        "Net Income": 140
    },
    "2019-07-31": {
        "Diluted EPS": 0.44,
        "Total Revenue": NaN,
        "Gross Profit": NaN,
        "Operating Income": 282,
        "EBIT": 422,
        "Net Income": 168
    },
    "2019-04-30": {
        "Diluted EPS": 0.6,
        "Total Revenue": NaN,
        "Gross Profit": NaN,
        "Operating Income": 316,
        "EBIT": 454,
        "Net Income": 227
    },
    "2019-01-31": {
        "Diluted EPS": 0.72,
        "Total Revenue": NaN,
        "Gross Profit": NaN,
        "Operating Income": 372,
        "EBIT": 511,
        "Net Income": 276
    },
    "2018-10-31": {
        "Diluted EPS": 0.69,
        "Total Revenue": NaN,
        "Gross Profit": NaN,
        "Operating Income": 363,
        "EBIT": 492,
        "Net Income": 266
    },
    "2018-07-31": {
        "Diluted EPS": 0.76,
        "Total Revenue": NaN,
        "Gross Profit": NaN,
        "Operating Income": 398,
        "EBIT": 523,
        "Net Income": 297
    },
    "2018-04-30": {
        "Diluted EPS": 0.42,
        "Total Revenue": NaN,
        "Gross Profit": NaN,
        "Operating Income": 229,
        "EBIT": 355,
        "Net Income": 164
    },
    "2018-01-31": {
        "Diluted EPS": 0.52,
        "Total Revenue": NaN,
        "Gross Profit": NaN,
        "Operating Income": 396,
        "EBIT": 523,
        "Net Income": 205
    },
    "2017-10-31": {
        "Diluted EPS": 0.58,
        "Total Revenue": NaN,
        "Gross Profit": NaN,
        "Operating Income": 378,
        "EBIT": 501,
        "Net Income": 229
    },
    "2017-07-31": {
        "Diluted EPS": 0.68,
        "Total Revenue": NaN,
        "Gross Profit": NaN,
        "Operating Income": 451,
        "EBIT": 577,
        "Net Income": 271
    },
    "2017-04-30": {
        "Diluted EPS": 0.36,
        "Total Revenue": NaN,
        "Gross Profit": NaN,
        "Operating Income": 254,
        "EBIT": 377,
        "Net Income": 143
    },
    "2017-01-31": {
        "Diluted EPS": 0.55,
        "Total Revenue": NaN,
        "Gross Profit": NaN,
        "Operating Income": 301,
        "EBIT": 501,
        "Net Income": 220
    },
    "2016-10-31": {
        "Diluted EPS": 0.51,
        "Total Revenue": NaN,
        "Gross Profit": NaN,
        "Operating Income": 389,
        "EBIT": 519,
        "Net Income": 204
    },
    "2016-07-31": {
        "Diluted EPS": 0.31,
        "Total Revenue": NaN,
        "Gross Profit": NaN,
        "Operating Income": 279,
        "EBIT": 419,
        "Net Income": 125
    },
    "2016-04-30": {
        "Diluted EPS": 0.32,
        "Total Revenue": NaN,
        "Gross Profit": NaN,
        "Operating Income": 222,
        "EBIT": 354,
        "Net Income": 127
    },
    "2016-01-31": {
        "Diluted EPS": 0.54,
        "Total Revenue": NaN,
        "Gross Profit": NaN,
        "Operating Income": 355,
        "EBIT": 492,
        "Net Income": 214
    },
    "2015-10-31": {
        "Diluted EPS": 0.61,
        "Total Revenue": NaN,
        "Gross Profit": NaN,
        "Operating Income": 414,
        "EBIT": 541,
        "Net Income": 248
    },
    "2015-07-31": {
        "Diluted EPS": 0.52,
        "Total Revenue": NaN,
        "Gross Profit": NaN,
        "Operating Income": 369,
        "EBIT": 499,
        "Net Income": 219
    },
    "2015-04-30": {
        "Diluted EPS": 0.56,
        "Total Revenue": NaN,
        "Gross Profit": NaN,
        "Operating Income": 386,
        "EBIT": 519,
        "Net Income": 239
    },
    "2015-01-31": {
        "Diluted EPS": 0.74,
        "Total Revenue": NaN,
        "Gross Profit": NaN,
        "Operating Income": 519,
        "EBIT": 654,
        "Net Income": 319
    },
    "2014-10-31": {
        "Diluted EPS": 0.8,
        "Total Revenue": NaN,
        "Gross Profit": NaN,
        "Operating Income": 554,
        "EBIT": 679,
        "Net Income": 351
    },
    "2014-07-31": {
        "Diluted EPS": 0.75,
        "Total Revenue": NaN,
        "Gross Profit": NaN,
        "Operating Income": 567,
        "EBIT": 689,
        "Net Income": 332
    },
    "2014-04-30": {
        "Diluted EPS": 0.58,
        "Total Revenue": NaN,
        "Gross Profit": NaN,
        "Operating Income": 443,
        "EBIT": 561,
        "Net Income": 260
    },
    "2014-01-31": {
        "Diluted EPS": 0.67,
        "Total Revenue": NaN,
        "Gross Profit": NaN,
        "Operating Income": 522,
        "EBIT": 643,
        "Net Income": 307
    },
    "2013-10-31": {
        "Diluted EPS": 0.72,
        "Total Revenue": NaN,
        "Gross Profit": NaN,
        "Operating Income": 576,
        "EBIT": 690,
        "Net Income": 337
    },
    "2013-07-31": {
        "Diluted EPS": 0.64,
        "Total Revenue": NaN,
        "Gross Profit": NaN,
        "Operating Income": 521,
        "EBIT": 638,
        "Net Income": 303
    },
    "2013-04-30": {
        "Diluted EPS": 0.71,
        "Total Revenue": NaN,
        "Gross Profit": NaN,
        "Operating Income": 530,
        "EBIT": 648,
        "Net Income": 333
    },
    "2013-01-31": {
        "Diluted EPS": 0.74,
        "Total Revenue": NaN,
        "Gross Profit": NaN,
        "Operating Income": 602,
        "EBIT": 722,
        "Net Income": 351
    },
    "2012-10-31": {
        "Diluted EPS": 0.63,
        "Total Revenue": NaN,
        "Gross Profit": NaN,
        "Operating Income": 520,
        "EBIT": 638,
        "Net Income": 308
    },
    "2012-07-31": {
        "Diluted EPS": 0.49,
        "Total Revenue": NaN,
        "Gross Profit": NaN,
        "Operating Income": 425,
        "EBIT": 547,
        "Net Income": 243
    },
    "2012-04-30": {
        "Diluted EPS": 0.47,
        "Total Revenue": NaN,
        "Gross Profit": NaN,
        "Operating Income": 395,
        "EBIT": 518,
        "Net Income": 233
    },
    "2012-01-31": {
        "Diluted EPS": 0.43,
        "Total Revenue": NaN,
        "Gross Profit": NaN,
        "Operating Income": 372,
        "EBIT": 496,
        "Net Income": 218
    },
    "2011-10-31": {
        "Diluted EPS": 0.38,
        "Total Revenue": NaN,
        "Gross Profit": NaN,
        "Operating Income": 346,
        "EBIT": 473,
        "Net Income": 193
    },
    "2011-07-31": {
        "Diluted EPS": 0.35,
        "Total Revenue": NaN,
        "Gross Profit": NaN,
        "Operating Income": 334,
        "EBIT": 460,
        "Net Income": 189
    },
    "2011-04-30": {
        "Diluted EPS": 0.4,
        "Total Revenue": NaN,
        "Gross Profit": NaN,
        "Operating Income": 386,
        "EBIT": 515,
        "Net Income": 233
    },
    "2011-01-31": {
        "Diluted EPS": 0.59,
        "Total Revenue": NaN,
        "Gross Profit": NaN,
        "Operating Income": 593,
        "EBIT": 726,
        "Net Income": 365
    },
    "2010-10-31": {
        "Diluted EPS": 0.48,
        "Total Revenue": NaN,
        "Gross Profit": NaN,
        "Operating Income": 504,
        "EBIT": 644,
        "Net Income": 303
    },
    "2010-07-31": {
        "Diluted EPS": 0.36,
        "Total Revenue": NaN,
        "Gross Profit": NaN,
        "Operating Income": 397,
        "EBIT": 539,
        "Net Income": 234
    },
    "2010-04-30": {
        "Diluted EPS": 0.45,
        "Total Revenue": NaN,
        "Gross Profit": NaN,
        "Operating Income": 474,
        "EBIT": 621,
        "Net Income": 302
    },
    "2010-01-31": {
        "Diluted EPS": 0.5,
        "Total Revenue": NaN,
        "Gross Profit": NaN,
        "Operating Income": 587,
        "EBIT": 729,
        "Net Income": 352
    },
    "2009-10-31": {
        "Diluted EPS": 0.44,
        "Total Revenue": NaN,
        "Gross Profit": NaN,
        "Operating Income": 500,
        "EBIT": 647,
        "Net Income": 307
    },
    "2009-07-31": {
        "Diluted EPS": 0.33,
        "Total Revenue": NaN,
        "Gross Profit": NaN,
        "Operating Income": 375,
        "EBIT": 516,
        "Net Income": 228
    },
    "2009-04-30": {
        "Diluted EPS": 0.31,
        "Total Revenue": NaN,
        "Gross Profit": NaN,
        "Operating Income": 353,
        "EBIT": 496,
        "Net Income": 215
    },
    "2009-01-31": {
        "Diluted EPS": 0.33,
        "Total Revenue": NaN,
        "Gross Profit": NaN,
        "Operating Income": 398,
        "EBIT": 544,
        "Net Income": 243
    },
    "2023-07-31": {
        "Tax Effect Of Unusual Items": 0.0,
        "Tax Rate For Calcs": 0.21,
        "Normalized EBITDA": 253000000.0,
        "Total Unusual Items": NaN,
        "Total Unusual Items Excluding Goodwill": NaN,
        "Net Income From Continuing Operation Net Minority Interest": 117000000.0,
        "Reconciled Depreciation": 130000000.0,
        "Reconciled Cost Of Revenue": 2215000000.0,
        "EBITDA": 253000000.0,
        "EBIT": 123000000.0,
        "Net Interest Income": 2000000.0,
        "Interest Expense": 15000000.0,
        "Interest Income": 17000000.0,
        "Normalized Income": 117000000.0,
        "Net Income From Continuing And Discontinued Operation": 117000000.0,
        "Total Expenses": 3442000000.0,
        "Total Operating Income As Reported": 106000000.0,
        "Diluted Average Shares": 371000000.0,
        "Basic Average Shares": 369000000.0,
        "Diluted EPS": 0.32,
        "Basic EPS": 0.32,
        "Diluted NI Availto Com Stockholders": 117000000.0,
        "Net Income Common Stockholders": 117000000.0,
        "Net Income": 117000000.0,
        "Net Income Including Noncontrolling Interests": 117000000.0,
        "Net Income Continuous Operations": 117000000.0,
        "Tax Provision": -9000000.0,
        "Pretax Income": 108000000.0,
        "Special Income Charges": NaN,
        "Net Non Operating Interest Income Expense": 2000000.0,
        "Interest Expense Non Operating": 15000000.0,
        "Interest Income Non Operating": 17000000.0,
        "Operating Income": 106000000.0,
        "Operating Expense": 1227000000.0,
        "Gross Profit": 1333000000.0,
        "Cost Of Revenue": 2215000000.0,
        "Total Revenue": 3548000000.0,
        "Operating Revenue": 3548000000.0
    },
    "2023-10-31": {
        "Tax Effect Of Unusual Items": 0.0,
        "Tax Rate For Calcs": 0.128,
        "Normalized EBITDA": 405000000.0,
        "Total Unusual Items": NaN,
        "Total Unusual Items Excluding Goodwill": NaN,
        "Net Income From Continuing Operation Net Minority Interest": 218000000.0,
        "Reconciled Depreciation": 127000000.0,
        "Reconciled Cost Of Revenue": 2211000000.0,
        "EBITDA": 405000000.0,
        "EBIT": 278000000.0,
        "Net Interest Income": 0.0,
        "Interest Expense": 28000000.0,
        "Interest Income": 28000000.0,
        "Normalized Income": 218000000.0,
        "Net Income From Continuing And Discontinued Operation": 218000000.0,
        "Total Expenses": 3517000000.0,
        "Total Operating Income As Reported": 250000000.0,
        "Diluted Average Shares": 375000000.0,
        "Basic Average Shares": 371000000.0,
        "Diluted EPS": 0.58,
        "Basic EPS": 0.59,
        "Diluted NI Availto Com Stockholders": 218000000.0,
        "Net Income Common Stockholders": 218000000.0,
        "Net Income": 218000000.0,
        "Net Income Including Noncontrolling Interests": 218000000.0,
        "Net Income Continuous Operations": 218000000.0,
        "Tax Provision": 32000000.0,
        "Pretax Income": 250000000.0,
        "Special Income Charges": NaN,
        "Net Non Operating Interest Income Expense": 0.0,
        "Interest Expense Non Operating": 28000000.0,
        "Interest Income Non Operating": 28000000.0,
        "Operating Income": 250000000.0,
        "Operating Expense": 1306000000.0,
        "Gross Profit": 1556000000.0,
        "Cost Of Revenue": 2211000000.0,
        "Total Revenue": 3767000000.0,
        "Operating Revenue": 3767000000.0
    },
    "2024-01-31": {
        "Tax Effect Of Unusual Items": 0.0,
        "Tax Rate For Calcs": 0.151376,
        "Normalized EBITDA": 370000000.0,
        "Total Unusual Items": NaN,
        "Total Unusual Items Excluding Goodwill": NaN,
        "Net Income From Continuing Operation Net Minority Interest": 185000000.0,
        "Reconciled Depreciation": 128000000.0,
        "Reconciled Cost Of Revenue": 2626000000.0,
        "EBITDA": 370000000.0,
        "EBIT": 242000000.0,
        "Net Interest Income": 4000000.0,
        "Interest Expense": 24000000.0,
        "Interest Income": 28000000.0,
        "Normalized Income": 185000000.0,
        "Net Income From Continuing And Discontinued Operation": 185000000.0,
        "Total Expenses": 4084000000.0,
        "Total Operating Income As Reported": 214000000.0,
        "Diluted Average Shares": 381000000.0,
        "Basic Average Shares": 372000000.0,
        "Diluted EPS": 0.49,
        "Basic EPS": 0.5,
        "Diluted NI Availto Com Stockholders": 185000000.0,
        "Net Income Common Stockholders": 185000000.0,
        "Net Income": 185000000.0,
        "Net Income Including Noncontrolling Interests": 185000000.0,
        "Net Income Continuous Operations": 185000000.0,
        "Tax Provision": 33000000.0,
        "Pretax Income": 218000000.0,
        "Special Income Charges": NaN,
        "Net Non Operating Interest Income Expense": 4000000.0,
        "Interest Expense Non Operating": 24000000.0,
        "Interest Income Non Operating": 28000000.0,
        "Operating Income": 214000000.0,
        "Operating Expense": 1458000000.0,
        "Gross Profit": 1672000000.0,
        "Cost Of Revenue": 2626000000.0,
        "Total Revenue": 4298000000.0,
        "Operating Revenue": 4298000000.0
    },
    "2024-04-30": {
        "Tax Effect Of Unusual Items": 0.0,
        "Tax Rate For Calcs": 0.24,
        "Normalized EBITDA": 353000000.0,
        "Total Unusual Items": NaN,
        "Total Unusual Items Excluding Goodwill": NaN,
        "Net Income From Continuing Operation Net Minority Interest": 158000000.0,
        "Reconciled Depreciation": 124000000.0,
        "Reconciled Cost Of Revenue": 1991000000.0,
        "EBITDA": 353000000.0,
        "EBIT": 229000000.0,
        "Net Interest Income": 3000000.0,
        "Interest Expense": 21000000.0,
        "Interest Income": 24000000.0,
        "Normalized Income": 158000000.0,
        "Net Income From Continuing And Discontinued Operation": 158000000.0,
        "Total Expenses": 3183000000.0,
        "Total Operating Income As Reported": 205000000.0,
        "Diluted Average Shares": 383000000.0,
        "Basic Average Shares": 374000000.0,
        "Diluted EPS": 0.41,
        "Basic EPS": 0.42,
        "Diluted NI Availto Com Stockholders": 158000000.0,
        "Net Income Common Stockholders": 158000000.0,
        "Net Income": 158000000.0,
        "Net Income Including Noncontrolling Interests": 158000000.0,
        "Net Income Continuous Operations": 158000000.0,
        "Tax Provision": 50000000.0,
        "Pretax Income": 208000000.0,
        "Special Income Charges": NaN,
        "Net Non Operating Interest Income Expense": 3000000.0,
        "Interest Expense Non Operating": 21000000.0,
        "Interest Income Non Operating": 24000000.0,
        "Operating Income": 205000000.0,
        "Operating Expense": 1192000000.0,
        "Gross Profit": 1397000000.0,
        "Cost Of Revenue": 1991000000.0,
        "Total Revenue": 3388000000.0,
        "Operating Revenue": 3388000000.0
    }
}