{
    "2024-03-31": {
        "Tax Effect Of Unusual Items": 0.0,
        "Tax Rate For Calcs": 0.024791,
        "Normalized EBITDA": -187425000.0,
        "Total Unusual Items": NaN,
        "Total Unusual Items Excluding Goodwill": NaN,
        "Net Income From Continuing Operation Net Minority Interest": -218914000.0,
        "Reconciled Depreciation": 39997000.0,
        "Reconciled Cost Of Revenue": 48630000.0,
        "EBITDA": -187425000.0,
        "EBIT": -227422000.0,
        "Net Interest Income": 2901000.0,
        "Interest Income": 2901000.0,
        "Normalized Income": -218914000.0,
        "Net Income From Continuing And Discontinued Operation": -218914000.0,
        "Total Expenses": 254143000.0,
        "Total Operating Income As Reported": -227422000.0,
        "Diluted Average Shares": 31049148.0,
        "Basic Average Shares": 31049148.0,
        "Diluted EPS": -7.05,
        "Basic EPS": -7.05,
        "Diluted NI Availto Com Stockholders": -218914000.0,
        "Net Income Common Stockholders": -218914000.0,
        "Net Income": -218914000.0,
        "Net Income Including Noncontrolling Interests": -218914000.0,
        "Net Income Continuous Operations": -218914000.0,
        "Tax Provision": -5565000.0,
        "Pretax Income": -224479000.0,
        "Other Income Expense": 42000.0,
        "Other Non Operating Income Expenses": 42000.0,
        "Special Income Charges": NaN,
        "Impairment Of Capital Assets": NaN,
        "Net Non Operating Interest Income Expense": 2901000.0,
        "Interest Income Non Operating": 2901000.0,
        "Operating Income": -227422000.0,
        "Operating Expense": 205513000.0,
        "Research And Development": 101625000.0,
        "Selling General And Administration": 103888000.0,
        "Selling And Marketing Expense": 46819000.0,
        "General And Administrative Expense": 57069000.0,
        "Other Gand A": 57069000.0,
        "Gross Profit": -21909000.0,
        "Cost Of Revenue": 48630000.0,
        "Total Revenue": 26721000.0,
        "Operating Revenue": 26721000.0
    },
    "2023-03-31": {
        "Tax Effect Of Unusual Items": 0.0,
        "Tax Rate For Calcs": 0.04,
        "Normalized EBITDA": -164190000.0,
        "Total Unusual Items": NaN,
        "Total Unusual Items Excluding Goodwill": NaN,
        "Net Income From Continuing Operation Net Minority Interest": -193666000.0,
        "Reconciled Depreciation": 39841000.0,
        "Reconciled Cost Of Revenue": 45257000.0,
        "EBITDA": -164190000.0,
        "EBIT": -204031000.0,
        "Net Interest Income": 2227000.0,
        "Interest Income": 2227000.0,
        "Normalized Income": -193666000.0,
        "Net Income From Continuing And Discontinued Operation": -193666000.0,
        "Total Expenses": 223674000.0,
        "Total Operating Income As Reported": -204031000.0,
        "Diluted Average Shares": 31052632.0,
        "Basic Average Shares": 31052632.0,
        "Diluted EPS": -6.236702,
        "Basic EPS": -6.236702,
        "Diluted NI Availto Com Stockholders": -193666000.0,
        "Net Income Common Stockholders": -193666000.0,
        "Net Income": -193666000.0,
        "Net Income Including Noncontrolling Interests": -193666000.0,
        "Net Income Continuous Operations": -193666000.0,
        "Tax Provision": -8043000.0,
        "Pretax Income": -201709000.0,
        "Other Income Expense": 95000.0,
        "Other Non Operating Income Expenses": 95000.0,
        "Special Income Charges": NaN,
        "Impairment Of Capital Assets": NaN,
        "Net Non Operating Interest Income Expense": 2227000.0,
        "Interest Income Non Operating": 2227000.0,
        "Operating Income": -204031000.0,
        "Operating Expense": 178417000.0,
        "Research And Development": 85873000.0,
        "Selling General And Administration": 92544000.0,
        "Selling And Marketing Expense": 45835000.0,
        "General And Administrative Expense": 46709000.0,
        "Other Gand A": 46709000.0,
        "Gross Profit": -25614000.0,
        "Cost Of Revenue": 45257000.0,
        "Total Revenue": 19643000.0,
        "Operating Revenue": 19643000.0
    },
    "2024-06-30": {
        "Tax Effect Of Unusual Items": NaN,
        "Tax Rate For Calcs": NaN,
        "Normalized EBITDA": NaN,
        "Total Unusual Items": -1420936000.0,
        "Total Unusual Items Excluding Goodwill": -1420936000.0,
        "Net Income From Continuing Operation Net Minority Interest": NaN,
        "Reconciled Depreciation": NaN,
        "Reconciled Cost Of Revenue": NaN,
        "EBITDA": NaN,
        "EBIT": NaN,
        "Net Interest Income": NaN,
        "Interest Income": NaN,
        "Normalized Income": NaN,
        "Net Income From Continuing And Discontinued Operation": NaN,
        "Total Expenses": NaN,
        "Total Operating Income As Reported": NaN,
        "Diluted Average Shares": NaN,
        "Basic Average Shares": NaN,
        "Diluted EPS": NaN,
        "Basic EPS": NaN,
        "Diluted NI Availto Com Stockholders": NaN,
        "Net Income Common Stockholders": NaN,
        "Net Income": NaN,
        "Net Income Including Noncontrolling Interests": NaN,
        "Net Income Continuous Operations": NaN,
        "Tax Provision": NaN,
        "Pretax Income": NaN,
        "Other Income Expense": NaN,
        "Other Non Operating Income Expenses": NaN,
        "Special Income Charges": -1420936000.0,
        "Impairment Of Capital Assets": 1420936000.0,
        "Net Non Operating Interest Income Expense": NaN,
        "Interest Income Non Operating": NaN,
        "Operating Income": NaN,
        "Operating Expense": NaN,
        "Research And Development": NaN,
        "Selling General And Administration": NaN,
        "Selling And Marketing Expense": NaN,
        "General And Administrative Expense": NaN,
        "Other Gand A": NaN,
        "Gross Profit": NaN,
        "Cost Of Revenue": NaN,
        "Total Revenue": NaN,
        "Operating Revenue": NaN
    },
    "2023-06-30": {
        "Tax Effect Of Unusual Items": NaN,
        "Tax Rate For Calcs": NaN,
        "Normalized EBITDA": NaN,
        "Total Unusual Items": NaN,
        "Total Unusual Items Excluding Goodwill": NaN,
        "Net Income From Continuing Operation Net Minority Interest": NaN,
        "Reconciled Depreciation": NaN,
        "Reconciled Cost Of Revenue": NaN,
        "EBITDA": NaN,
        "EBIT": NaN,
        "Net Interest Income": NaN,
        "Interest Income": NaN,
        "Normalized Income": NaN,
        "Net Income From Continuing And Discontinued Operation": NaN,
        "Total Expenses": NaN,
        "Total Operating Income As Reported": NaN,
        "Diluted Average Shares": 31049148.0,
        "Basic Average Shares": 31049148.0,
        "Diluted EPS": -6.22,
        "Basic EPS": -6.22,
        "Diluted NI Availto Com Stockholders": NaN,
        "Net Income Common Stockholders": NaN,
        "Net Income": NaN,
        "Net Income Including Noncontrolling Interests": NaN,
        "Net Income Continuous Operations": NaN,
        "Tax Provision": NaN,
        "Pretax Income": NaN,
        "Other Income Expense": NaN,
        "Other Non Operating Income Expenses": NaN,
        "Special Income Charges": NaN,
        "Impairment Of Capital Assets": NaN,
        "Net Non Operating Interest Income Expense": NaN,
        "Interest Income Non Operating": NaN,
        "Operating Income": NaN,
        "Operating Expense": NaN,
        "Research And Development": NaN,
        "Selling General And Administration": NaN,
        "Selling And Marketing Expense": NaN,
        "General And Administrative Expense": NaN,
        "Other Gand A": NaN,
        "Gross Profit": NaN,
        "Cost Of Revenue": NaN,
        "Total Revenue": NaN,
        "Operating Revenue": NaN
    },
    "2024-09-30": {
        "Tax Effect Of Unusual Items": 0.0,
        "Tax Rate For Calcs": 0.270981,
        "Normalized EBITDA": -144277000.0,
        "Total Unusual Items": 0.0,
        "Total Unusual Items Excluding Goodwill": 0.0,
        "Net Income From Continuing Operation Net Minority Interest": -125688000.0,
        "Reconciled Depreciation": 39230000.0,
        "Reconciled Cost Of Revenue": 50885000.0,
        "EBITDA": -144277000.0,
        "EBIT": -183507000.0,
        "Net Interest Income": 11661000.0,
        "Interest Income": 11661000.0,
        "Normalized Income": -125688000.0,
        "Net Income From Continuing And Discontinued Operation": -125688000.0,
        "Total Expenses": 212159000.0,
        "Total Operating Income As Reported": -183507000.0,
        "Diluted Average Shares": 31880054.0,
        "Basic Average Shares": 31880054.0,
        "Diluted EPS": -3.94,
        "Basic EPS": -3.94,
        "Diluted NI Availto Com Stockholders": -125688000.0,
        "Net Income Common Stockholders": -125688000.0,
        "Net Income": -125688000.0,
        "Net Income Including Noncontrolling Interests": -125688000.0,
        "Net Income Continuous Operations": -125688000.0,
        "Tax Provision": -46719000.0,
        "Pretax Income": -172407000.0,
        "Other Income Expense": -561000.0,
        "Other Non Operating Income Expenses": -561000.0,
        "Special Income Charges": 0.0,
        "Impairment Of Capital Assets": 0.0,
        "Net Non Operating Interest Income Expense": 11661000.0,
        "Interest Income Non Operating": 11661000.0,
        "Operating Income": -183507000.0,
        "Operating Expense": 161274000.0,
        "Research And Development": 78231000.0,
        "Selling General And Administration": 83043000.0,
        "Selling And Marketing Expense": 35625000.0,
        "General And Administrative Expense": 47418000.0,
        "Other Gand A": 47418000.0,
        "Gross Profit": -22233000.0,
        "Cost Of Revenue": 50885000.0,
        "Total Revenue": 28652000.0,
        "Operating Revenue": 28652000.0
    },
    "2023-12-31": {
        "Tax Effect Of Unusual Items": NaN,
        "Tax Rate For Calcs": NaN,
        "Normalized EBITDA": NaN,
        "Total Unusual Items": 0.0,
        "Total Unusual Items Excluding Goodwill": 0.0,
        "Net Income From Continuing Operation Net Minority Interest": NaN,
        "Reconciled Depreciation": NaN,
        "Reconciled Cost Of Revenue": NaN,
        "EBITDA": NaN,
        "EBIT": NaN,
        "Net Interest Income": NaN,
        "Interest Income": NaN,
        "Normalized Income": NaN,
        "Net Income From Continuing And Discontinued Operation": NaN,
        "Total Expenses": NaN,
        "Total Operating Income As Reported": NaN,
        "Diluted Average Shares": NaN,
        "Basic Average Shares": NaN,
        "Diluted EPS": NaN,
        "Basic EPS": NaN,
        "Diluted NI Availto Com Stockholders": NaN,
        "Net Income Common Stockholders": NaN,
        "Net Income": NaN,
        "Net Income Including Noncontrolling Interests": NaN,
        "Net Income Continuous Operations": NaN,
        "Tax Provision": NaN,
        "Pretax Income": NaN,
        "Other Income Expense": NaN,
        "Other Non Operating Income Expenses": NaN,
        "Special Income Charges": 0.0,
        "Impairment Of Capital Assets": 0.0,
        "Net Non Operating Interest Income Expense": NaN,
        "Interest Income Non Operating": NaN,
        "Operating Income": NaN,
        "Operating Expense": NaN,
        "Research And Development": NaN,
        "Selling General And Administration": NaN,
        "Selling And Marketing Expense": NaN,
        "General And Administrative Expense": NaN,
        "Other Gand A": NaN,
        "Gross Profit": NaN,
        "Cost Of Revenue": NaN,
        "Total Revenue": NaN,
        "Operating Revenue": NaN
    },
    "2023-09-30": {
        "Tax Effect Of Unusual Items": NaN,
        "Tax Rate For Calcs": NaN,
        "Normalized EBITDA": NaN,
        "Total Unusual Items": -718466000.0,
        "Total Unusual Items Excluding Goodwill": -718466000.0,
        "Net Income From Continuing Operation Net Minority Interest": NaN,
        "Reconciled Depreciation": NaN,
        "Reconciled Cost Of Revenue": NaN,
        "EBITDA": NaN,
        "EBIT": NaN,
        "Net Interest Income": NaN,
        "Interest Income": NaN,
        "Normalized Income": NaN,
        "Net Income From Continuing And Discontinued Operation": NaN,
        "Total Expenses": NaN,
        "Total Operating Income As Reported": NaN,
        "Diluted Average Shares": NaN,
        "Basic Average Shares": NaN,
        "Diluted EPS": NaN,
        "Basic EPS": NaN,
        "Diluted NI Availto Com Stockholders": NaN,
        "Net Income Common Stockholders": NaN,
        "Net Income": NaN,
        "Net Income Including Noncontrolling Interests": NaN,
        "Net Income Continuous Operations": NaN,
        "Tax Provision": NaN,
        "Pretax Income": NaN,
        "Other Income Expense": NaN,
        "Other Non Operating Income Expenses": NaN,
        "Special Income Charges": -718466000.0,
        "Impairment Of Capital Assets": 718466000.0,
        "Net Non Operating Interest Income Expense": NaN,
        "Interest Income Non Operating": NaN,
        "Operating Income": NaN,
        "Operating Expense": NaN,
        "Research And Development": NaN,
        "Selling General And Administration": NaN,
        "Selling And Marketing Expense": NaN,
        "General And Administrative Expense": NaN,
        "Other Gand A": NaN,
        "Gross Profit": NaN,
        "Cost Of Revenue": NaN,
        "Total Revenue": NaN,
        "Operating Revenue": NaN
    },
    "2024-12-31": {
        "Tax Effect Of Unusual Items": 0.0,
        "Tax Rate For Calcs": 0.235665,
        "Normalized EBITDA": -97497000.0,
        "Total Unusual Items": 0.0,
        "Total Unusual Items Excluding Goodwill": 0.0,
        "Net Income From Continuing Operation Net Minority Interest": -97066000.0,
        "Reconciled Depreciation": 39441000.0,
        "Reconciled Cost Of Revenue": 54220000.0,
        "EBITDA": -97497000.0,
        "EBIT": -136938000.0,
        "Net Interest Income": 9366000.0,
        "Interest Income": 9366000.0,
        "Normalized Income": -97066000.0,
        "Net Income From Continuing And Discontinued Operation": -97066000.0,
        "Total Expenses": 175190000.0,
        "Total Operating Income As Reported": -136938000.0,
        "Diluted Average Shares": 33612372.0,
        "Basic Average Shares": 33612372.0,
        "Diluted EPS": -2.89,
        "Basic EPS": -2.89,
        "Diluted NI Availto Com Stockholders": -97066000.0,
        "Net Income Common Stockholders": -97066000.0,
        "Net Income": -97066000.0,
        "Net Income Including Noncontrolling Interests": -97066000.0,
        "Net Income Continuous Operations": -97066000.0,
        "Tax Provision": -29928000.0,
        "Pretax Income": -126994000.0,
        "Other Income Expense": 578000.0,
        "Other Non Operating Income Expenses": 578000.0,
        "Special Income Charges": 0.0,
        "Impairment Of Capital Assets": 0.0,
        "Net Non Operating Interest Income Expense": 9366000.0,
        "Interest Income Non Operating": 9366000.0,
        "Operating Income": -136938000.0,
        "Operating Expense": 120970000.0,
        "Research And Development": 48328000.0,
        "Selling General And Administration": 72642000.0,
        "Selling And Marketing Expense": 30525000.0,
        "General And Administrative Expense": 42117000.0,
        "Other Gand A": 42117000.0,
        "Gross Profit": -15968000.0,
        "Cost Of Revenue": 54220000.0,
        "Total Revenue": 38252000.0,
        "Operating Revenue": 38252000.0
    },
    "2025-03-31": {
        "Tax Effect Of Unusual Items": 0.0,
        "Tax Rate For Calcs": 0.274561,
        "Normalized EBITDA": -114328000.0,
        "Total Unusual Items": NaN,
        "Total Unusual Items Excluding Goodwill": NaN,
        "Net Income From Continuing Operation Net Minority Interest": -106213000.0,
        "Reconciled Depreciation": 39279000.0,
        "Reconciled Cost Of Revenue": 51766000.0,
        "EBITDA": -114328000.0,
        "EBIT": -153607000.0,
        "Net Interest Income": 7779000.0,
        "Interest Income": 7779000.0,
        "Normalized Income": -106213000.0,
        "Net Income From Continuing And Discontinued Operation": -106213000.0,
        "Total Expenses": 185444000.0,
        "Total Operating Income As Reported": -153607000.0,
        "Diluted Average Shares": 34308435.0,
        "Basic Average Shares": 34308435.0,
        "Diluted EPS": -3.1,
        "Basic EPS": -3.1,
        "Diluted NI Availto Com Stockholders": -106213000.0,
        "Net Income Common Stockholders": -106213000.0,
        "Net Income": -106213000.0,
        "Net Income Including Noncontrolling Interests": -106213000.0,
        "Net Income Continuous Operations": -106213000.0,
        "Tax Provision": -40199000.0,
        "Pretax Income": -146412000.0,
        "Other Income Expense": -584000.0,
        "Other Non Operating Income Expenses": -584000.0,
        "Special Income Charges": NaN,
        "Impairment Of Capital Assets": NaN,
        "Net Non Operating Interest Income Expense": 7779000.0,
        "Interest Income Non Operating": 7779000.0,
        "Operating Income": -153607000.0,
        "Operating Expense": 133678000.0,
        "Research And Development": 53625000.0,
        "Selling General And Administration": 80053000.0,
        "Selling And Marketing Expense": 34979000.0,
        "General And Administrative Expense": 45074000.0,
        "Other Gand A": 45074000.0,
        "Gross Profit": -19929000.0,
        "Cost Of Revenue": 51766000.0,
        "Total Revenue": 31837000.0,
        "Operating Revenue": 31837000.0
    },
    "2025-06-30": {
        "Tax Effect Of Unusual Items": -7120348.563354,
        "Tax Rate For Calcs": 0.254298,
        "Normalized EBITDA": -63679000.0,
        "Total Unusual Items": -28000000.0,
        "Total Unusual Items Excluding Goodwill": -28000000.0,
        "Net Income From Continuing Operation Net Minority Interest": -113985000.0,
        "Reconciled Depreciation": 39175000.0,
        "Reconciled Cost Of Revenue": 53319000.0,
        "EBITDA": -91679000.0,
        "EBIT": -130854000.0,
        "Net Interest Income": 6809000.0,
        "Interest Income": 6809000.0,
        "Normalized Income": -93105348.563354,
        "Net Income From Continuing And Discontinued Operation": -113985000.0,
        "Total Expenses": 166398000.0,
        "Total Operating Income As Reported": -158854000.0,
        "Diluted Average Shares": 35793154.0,
        "Basic Average Shares": 35793154.0,
        "Diluted EPS": -3.18,
        "Basic EPS": -3.18,
        "Diluted NI Availto Com Stockholders": -113985000.0,
        "Net Income Common Stockholders": -113985000.0,
        "Net Income": -113985000.0,
        "Net Income Including Noncontrolling Interests": -113985000.0,
        "Net Income Continuous Operations": -113985000.0,
        "Tax Provision": -38871000.0,
        "Pretax Income": -152856000.0,
        "Other Income Expense": -28811000.0,
        "Other Non Operating Income Expenses": -811000.0,
        "Special Income Charges": -28000000.0,
        "Impairment Of Capital Assets": 28000000.0,
        "Net Non Operating Interest Income Expense": 6809000.0,
        "Interest Income Non Operating": 6809000.0,
        "Operating Income": -130854000.0,
        "Operating Expense": 113079000.0,
        "Research And Development": 46626000.0,
        "Selling General And Administration": 66453000.0,
        "Selling And Marketing Expense": 28539000.0,
        "General And Administrative Expense": 37914000.0,
        "Other Gand A": 37914000.0,
        "Gross Profit": -17775000.0,
        "Cost Of Revenue": 53319000.0,
        "Total Revenue": 35544000.0,
        "Operating Revenue": 35544000.0
    },
    "2025-09-30": {
        "Tax Effect Of Unusual Items": 0.0,
        "Tax Rate For Calcs": 0.250518,
        "Normalized EBITDA": -86309000.0,
        "Total Unusual Items": 0.0,
        "Total Unusual Items Excluding Goodwill": 0.0,
        "Net Income From Continuing Operation Net Minority Interest": -88977000.0,
        "Reconciled Depreciation": 38982000.0,
        "Reconciled Cost Of Revenue": 49927000.0,
        "EBITDA": -86309000.0,
        "EBIT": -125291000.0,
        "Net Interest Income": 6107000.0,
        "Interest Income": 6107000.0,
        "Normalized Income": -88977000.0,
        "Net Income From Continuing And Discontinued Operation": -88977000.0,
        "Total Expenses": 161485000.0,
        "Total Operating Income As Reported": -125291000.0,
        "Diluted Average Shares": 36124256.0,
        "Basic Average Shares": 36124256.0,
        "Diluted EPS": -2.46,
        "Basic EPS": -2.46,
        "Diluted NI Availto Com Stockholders": -88977000.0,
        "Net Income Common Stockholders": -88977000.0,
        "Net Income": -88977000.0,
        "Net Income Including Noncontrolling Interests": -88977000.0,
        "Net Income Continuous Operations": -88977000.0,
        "Tax Provision": -29741000.0,
        "Pretax Income": -118718000.0,
        "Other Income Expense": 466000.0,
        "Other Non Operating Income Expenses": 466000.0,
        "Special Income Charges": 0.0,
        "Impairment Of Capital Assets": 0.0,
        "Net Non Operating Interest Income Expense": 6107000.0,
        "Interest Income Non Operating": 6107000.0,
        "Operating Income": -125291000.0,
        "Operating Expense": 111558000.0,
        "Research And Development": 48647000.0,
        "Selling General And Administration": 62911000.0,
        "Selling And Marketing Expense": 25503000.0,
        "General And Administrative Expense": 37408000.0,
        "Other Gand A": 37408000.0,
        "Gross Profit": -13733000.0,
        "Cost Of Revenue": 49927000.0,
        "Total Revenue": 36194000.0,
        "Operating Revenue": 36194000.0
    }
}