{
    "2023-03-31": {
        "Tax Effect Of Unusual Items": 320250.0,
        "Tax Rate For Calcs": 0.25,
        "Normalized EBITDA": -151337000.0,
        "Total Unusual Items": 1281000.0,
        "Total Unusual Items Excluding Goodwill": 1281000.0,
        "Net Income From Continuing Operation Net Minority Interest": -151728000.0,
        "EBITDA": -150056000.0,
        "EBIT": -150056000.0,
        "Net Interest Income": 12971000.0,
        "Interest Expense": 1656000.0,
        "Interest Income": 14627000.0,
        "Normalized Income": -152688750.0,
        "Net Income From Continuing And Discontinued Operation": -151728000.0,
        "Total Expenses": 166594000.0,
        "Total Operating Income As Reported": -166594000.0,
        "Diluted Average Shares": 67710415.0,
        "Basic Average Shares": 67710415.0,
        "Diluted EPS": -2.25,
        "Basic EPS": -2.25,
        "Diluted NI Availto Com Stockholders": -151728000.0,
        "Net Income Common Stockholders": -151728000.0,
        "Otherunder Preferred Stock Dividend": NaN,
        "Net Income": -151728000.0,
        "Net Income Including Noncontrolling Interests": -151728000.0,
        "Net Income Continuous Operations": -151728000.0,
        "Tax Provision": 16000.0,
        "Pretax Income": -151712000.0,
        "Other Income Expense": 1911000.0,
        "Other Non Operating Income Expenses": 630000.0,
        "Gain On Sale Of Security": 1281000.0,
        "Net Non Operating Interest Income Expense": 12971000.0,
        "Interest Expense Non Operating": 1656000.0,
        "Interest Income Non Operating": 14627000.0,
        "Operating Income": -166594000.0,
        "Operating Expense": 166594000.0,
        "Research And Development": 137506000.0,
        "Selling General And Administration": 29088000.0,
        "General And Administrative Expense": 29088000.0,
        "Other Gand A": 29088000.0,
        "Total Revenue": 0.0,
        "Operating Revenue": 0.0
    },
    "2022-12-31": {
        "Tax Effect Of Unusual Items": 328750.0,
        "Tax Rate For Calcs": 0.25,
        "Normalized EBITDA": -130196000.0,
        "Total Unusual Items": 1315000.0,
        "Total Unusual Items Excluding Goodwill": 1315000.0,
        "Net Income From Continuing Operation Net Minority Interest": -130694000.0,
        "EBITDA": -128881000.0,
        "EBIT": -128881000.0,
        "Net Interest Income": 13345000.0,
        "Interest Expense": 1791000.0,
        "Interest Income": 15136000.0,
        "Normalized Income": -131680250.0,
        "Net Income From Continuing And Discontinued Operation": -130694000.0,
        "Total Expenses": 149323000.0,
        "Total Operating Income As Reported": -149323000.0,
        "Diluted Average Shares": 67691595.0,
        "Basic Average Shares": 67691595.0,
        "Diluted EPS": -1.95,
        "Basic EPS": -1.95,
        "Diluted NI Availto Com Stockholders": -130694000.0,
        "Net Income Common Stockholders": -130694000.0,
        "Otherunder Preferred Stock Dividend": 0.0,
        "Net Income": -130694000.0,
        "Net Income Including Noncontrolling Interests": -130694000.0,
        "Net Income Continuous Operations": -130694000.0,
        "Tax Provision": 22000.0,
        "Pretax Income": -130672000.0,
        "Other Income Expense": 5306000.0,
        "Other Non Operating Income Expenses": 3991000.0,
        "Gain On Sale Of Security": 1315000.0,
        "Net Non Operating Interest Income Expense": 13345000.0,
        "Interest Expense Non Operating": 1791000.0,
        "Interest Income Non Operating": 15136000.0,
        "Operating Income": -149323000.0,
        "Operating Expense": 149323000.0,
        "Research And Development": 113143000.0,
        "Selling General And Administration": 36180000.0,
        "General And Administrative Expense": 36180000.0,
        "Other Gand A": 36180000.0,
        "Total Revenue": 0.0,
        "Operating Revenue": 0.0
    },
    "2022-09-30": {
        "Tax Effect Of Unusual Items": 0.0,
        "Tax Rate For Calcs": 0.0,
        "Normalized EBITDA": -163974000.0,
        "Total Unusual Items": -6089000.0,
        "Total Unusual Items Excluding Goodwill": -6089000.0,
        "Net Income From Continuing Operation Net Minority Interest": -171927000.0,
        "EBITDA": -170063000.0,
        "EBIT": -170063000.0,
        "Net Interest Income": 1719000.0,
        "Interest Expense": 1864000.0,
        "Interest Income": 3583000.0,
        "Normalized Income": -165838000.0,
        "Net Income From Continuing And Discontinued Operation": -171927000.0,
        "Total Expenses": 169784000.0,
        "Total Operating Income As Reported": -169784000.0,
        "Diluted Average Shares": 67682951.0,
        "Basic Average Shares": 67682951.0,
        "Diluted EPS": -2.55,
        "Basic EPS": -2.55,
        "Diluted NI Availto Com Stockholders": -171927000.0,
        "Net Income Common Stockholders": -171927000.0,
        "Otherunder Preferred Stock Dividend": 0.0,
        "Net Income": -171927000.0,
        "Net Income Including Noncontrolling Interests": -171927000.0,
        "Net Income Continuous Operations": -171927000.0,
        "Tax Provision": 0.0,
        "Pretax Income": -171927000.0,
        "Other Income Expense": -3862000.0,
        "Other Non Operating Income Expenses": 2227000.0,
        "Gain On Sale Of Security": -6089000.0,
        "Net Non Operating Interest Income Expense": 1719000.0,
        "Interest Expense Non Operating": 1864000.0,
        "Interest Income Non Operating": 3583000.0,
        "Operating Income": -169784000.0,
        "Operating Expense": 169784000.0,
        "Research And Development": 133350000.0,
        "Selling General And Administration": 36434000.0,
        "General And Administrative Expense": 36434000.0,
        "Other Gand A": 36434000.0,
        "Total Revenue": 0.0,
        "Operating Revenue": 0.0
    },
    "2022-06-30": {
        "Tax Effect Of Unusual Items": 0.0,
        "Tax Rate For Calcs": 0.0,
        "Normalized EBITDA": -141324000.0,
        "Total Unusual Items": -3324000.0,
        "Total Unusual Items Excluding Goodwill": -3324000.0,
        "Net Income From Continuing Operation Net Minority Interest": -146305000.0,
        "EBITDA": -144648000.0,
        "EBIT": -144648000.0,
        "Net Interest Income": 1045000.0,
        "Interest Expense": 1657000.0,
        "Interest Income": 2702000.0,
        "Normalized Income": -142981000.0,
        "Net Income From Continuing And Discontinued Operation": -146305000.0,
        "Total Expenses": 145824000.0,
        "Total Operating Income As Reported": -145824000.0,
        "Diluted Average Shares": 67671148.0,
        "Basic Average Shares": 67671148.0,
        "Diluted EPS": -2.15,
        "Basic EPS": -2.15,
        "Diluted NI Availto Com Stockholders": -146305000.0,
        "Net Income Common Stockholders": -146305000.0,
        "Otherunder Preferred Stock Dividend": 0.0,
        "Net Income": -146305000.0,
        "Net Income Including Noncontrolling Interests": -146305000.0,
        "Net Income Continuous Operations": -146305000.0,
        "Tax Provision": 0.0,
        "Pretax Income": -146305000.0,
        "Other Income Expense": -1526000.0,
        "Other Non Operating Income Expenses": 1798000.0,
        "Gain On Sale Of Security": -3324000.0,
        "Net Non Operating Interest Income Expense": 1045000.0,
        "Interest Expense Non Operating": 1657000.0,
        "Interest Income Non Operating": 2702000.0,
        "Operating Income": -145824000.0,
        "Operating Expense": 145824000.0,
        "Research And Development": 117058000.0,
        "Selling General And Administration": 28766000.0,
        "General And Administrative Expense": 28766000.0,
        "Other Gand A": 28766000.0,
        "Total Revenue": 0.0,
        "Operating Revenue": 0.0
    },
    "2022-03-31": {
        "Diluted EPS": -0.35,
        "Total Revenue": NaN,
        "Gross Profit": NaN,
        "Operating Income": -25,
        "EBIT": -25,
        "Net Income": -25
    },
    "2021-12-31": {
        "Diluted EPS": -0.33,
        "Total Revenue": NaN,
        "Gross Profit": NaN,
        "Operating Income": -23,
        "EBIT": -23,
        "Net Income": -21
    },
    "2021-09-30": {
        "Diluted EPS": -0.3,
        "Total Revenue": 0,
        "Gross Profit": 0,
        "Operating Income": -20,
        "EBIT": -20,
        "Net Income": -20
    },
    "2021-06-30": {
        "Diluted EPS": -0.22,
        "Total Revenue": NaN,
        "Gross Profit": NaN,
        "Operating Income": -15,
        "EBIT": -15,
        "Net Income": -15
    },
    "2021-03-31": {
        "Diluted EPS": -0.25,
        "Total Revenue": NaN,
        "Gross Profit": NaN,
        "Operating Income": -15,
        "EBIT": -15,
        "Net Income": -15
    },
    "2020-12-31": {
        "Diluted EPS": 0.0,
        "Total Revenue": NaN,
        "Gross Profit": NaN,
        "Operating Income": NaN,
        "EBIT": NaN,
        "Net Income": NaN
    },
    "2019-12-31": {
        "Diluted EPS": 0.0,
        "Total Revenue": NaN,
        "Gross Profit": NaN,
        "Operating Income": NaN,
        "EBIT": NaN,
        "Net Income": NaN
    },
    "2023-06-30": {
        "Tax Effect Of Unusual Items": -2754250.0,
        "Tax Rate For Calcs": 0.25,
        "Normalized EBITDA": -134203000.0,
        "Total Unusual Items": -11017000.0,
        "Total Unusual Items Excluding Goodwill": -11017000.0,
        "Net Income From Continuing Operation Net Minority Interest": -146934000.0,
        "EBITDA": -145220000.0,
        "EBIT": -145220000.0,
        "Net Interest Income": 3564000.0,
        "Interest Expense": 1704000.0,
        "Interest Income": 5268000.0,
        "Normalized Income": -138671250.0,
        "Net Income From Continuing And Discontinued Operation": -146934000.0,
        "Total Expenses": 141153000.0,
        "Total Operating Income As Reported": -141153000.0,
        "Diluted Average Shares": NaN,
        "Basic Average Shares": NaN,
        "Diluted EPS": NaN,
        "Basic EPS": NaN,
        "Diluted NI Availto Com Stockholders": -146934000.0,
        "Net Income Common Stockholders": -146934000.0,
        "Otherunder Preferred Stock Dividend": NaN,
        "Net Income": -146934000.0,
        "Net Income Including Noncontrolling Interests": -146934000.0,
        "Net Income Continuous Operations": -146934000.0,
        "Tax Provision": 10000.0,
        "Pretax Income": -146924000.0,
        "Other Income Expense": -9335000.0,
        "Other Non Operating Income Expenses": 1682000.0,
        "Gain On Sale Of Security": -11017000.0,
        "Net Non Operating Interest Income Expense": 3564000.0,
        "Interest Expense Non Operating": 1704000.0,
        "Interest Income Non Operating": 5268000.0,
        "Operating Income": -141153000.0,
        "Operating Expense": 141153000.0,
        "Research And Development": 103803000.0,
        "Selling General And Administration": 37350000.0,
        "General And Administrative Expense": 37350000.0,
        "Other Gand A": 37350000.0,
        "Total Revenue": 0.0,
        "Operating Revenue": 0.0
    },
    "2023-09-30": {
        "Tax Effect Of Unusual Items": 10781750.0,
        "Tax Rate For Calcs": 0.25,
        "Normalized EBITDA": -109449000.0,
        "Total Unusual Items": 43127000.0,
        "Total Unusual Items Excluding Goodwill": 43127000.0,
        "Net Income From Continuing Operation Net Minority Interest": -67625000.0,
        "EBITDA": -66322000.0,
        "EBIT": -66322000.0,
        "Net Interest Income": 8616000.0,
        "Interest Expense": 1290000.0,
        "Interest Income": 9906000.0,
        "Normalized Income": -99970250.0,
        "Net Income From Continuing And Discontinued Operation": -67625000.0,
        "Total Expenses": 121755000.0,
        "Total Operating Income As Reported": -121755000.0,
        "Diluted Average Shares": 83924681.0,
        "Basic Average Shares": 83924681.0,
        "Diluted EPS": -0.8,
        "Basic EPS": -0.8,
        "Diluted NI Availto Com Stockholders": -67625000.0,
        "Net Income Common Stockholders": -67625000.0,
        "Otherunder Preferred Stock Dividend": NaN,
        "Net Income": -67625000.0,
        "Net Income Including Noncontrolling Interests": -67625000.0,
        "Net Income Continuous Operations": -67625000.0,
        "Tax Provision": 13000.0,
        "Pretax Income": -67612000.0,
        "Other Income Expense": 45527000.0,
        "Other Non Operating Income Expenses": 2400000.0,
        "Gain On Sale Of Security": 43127000.0,
        "Net Non Operating Interest Income Expense": 8616000.0,
        "Interest Expense Non Operating": 1290000.0,
        "Interest Income Non Operating": 9906000.0,
        "Operating Income": -121755000.0,
        "Operating Expense": 121755000.0,
        "Research And Development": 90054000.0,
        "Selling General And Administration": 31701000.0,
        "General And Administrative Expense": 31701000.0,
        "Other Gand A": 31701000.0,
        "Total Revenue": 0.0,
        "Operating Revenue": 0.0
    }
}