{
    "2023-03-31": {
        "Tax Effect Of Unusual Items": NaN,
        "Tax Rate For Calcs": NaN,
        "Normalized EBITDA": NaN,
        "Total Unusual Items": NaN,
        "Total Unusual Items Excluding Goodwill": NaN,
        "Net Income From Continuing Operation Net Minority Interest": NaN,
        "Reconciled Depreciation": NaN,
        "Reconciled Cost Of Revenue": NaN,
        "EBITDA": NaN,
        "EBIT": NaN,
        "Net Interest Income": NaN,
        "Interest Expense": NaN,
        "Normalized Income": NaN,
        "Net Income From Continuing And Discontinued Operation": NaN,
        "Total Expenses": NaN,
        "Total Operating Income As Reported": NaN,
        "Diluted Average Shares": NaN,
        "Basic Average Shares": NaN,
        "Diluted EPS": NaN,
        "Basic EPS": NaN,
        "Diluted NI Availto Com Stockholders": NaN,
        "Average Dilution Earnings": NaN,
        "Net Income Common Stockholders": NaN,
        "Otherunder Preferred Stock Dividend": NaN,
        "Net Income": NaN,
        "Net Income Including Noncontrolling Interests": NaN,
        "Net Income Continuous Operations": NaN,
        "Tax Provision": NaN,
        "Pretax Income": NaN,
        "Other Income Expense": NaN,
        "Other Non Operating Income Expenses": NaN,
        "Special Income Charges": NaN,
        "Impairment Of Capital Assets": NaN,
        "Earnings From Equity Interest": 0.0,
        "Gain On Sale Of Security": NaN,
        "Net Non Operating Interest Income Expense": NaN,
        "Interest Expense Non Operating": NaN,
        "Operating Income": NaN,
        "Operating Expense": NaN,
        "Other Operating Expenses": NaN,
        "Depreciation Amortization Depletion Income Statement": 33852000.0,
        "Depletion Income Statement": 33852000.0,
        "Selling General And Administration": NaN,
        "General And Administrative Expense": NaN,
        "Other Gand A": NaN,
        "Salaries And Wages": NaN,
        "Gross Profit": NaN,
        "Cost Of Revenue": NaN,
        "Total Revenue": NaN,
        "Operating Revenue": NaN
    },
    "2022-12-31": {
        "Tax Effect Of Unusual Items": NaN,
        "Tax Rate For Calcs": NaN,
        "Normalized EBITDA": NaN,
        "Total Unusual Items": NaN,
        "Total Unusual Items Excluding Goodwill": NaN,
        "Net Income From Continuing Operation Net Minority Interest": NaN,
        "Reconciled Depreciation": NaN,
        "Reconciled Cost Of Revenue": NaN,
        "EBITDA": NaN,
        "EBIT": NaN,
        "Net Interest Income": NaN,
        "Interest Expense": NaN,
        "Normalized Income": NaN,
        "Net Income From Continuing And Discontinued Operation": NaN,
        "Total Expenses": NaN,
        "Total Operating Income As Reported": NaN,
        "Diluted Average Shares": 133071000.0,
        "Basic Average Shares": 132920000.0,
        "Diluted EPS": 0.43,
        "Basic EPS": 0.43,
        "Diluted NI Availto Com Stockholders": NaN,
        "Average Dilution Earnings": NaN,
        "Net Income Common Stockholders": NaN,
        "Otherunder Preferred Stock Dividend": NaN,
        "Net Income": NaN,
        "Net Income Including Noncontrolling Interests": NaN,
        "Net Income Continuous Operations": NaN,
        "Tax Provision": NaN,
        "Pretax Income": NaN,
        "Other Income Expense": NaN,
        "Other Non Operating Income Expenses": NaN,
        "Special Income Charges": NaN,
        "Impairment Of Capital Assets": NaN,
        "Earnings From Equity Interest": NaN,
        "Gain On Sale Of Security": NaN,
        "Net Non Operating Interest Income Expense": NaN,
        "Interest Expense Non Operating": NaN,
        "Operating Income": NaN,
        "Operating Expense": NaN,
        "Depreciation Amortization Depletion Income Statement": NaN,
        "Depletion Income Statement": NaN,
        "Selling General And Administration": NaN,
        "General And Administrative Expense": NaN,
        "Other Gand A": NaN,
        "Salaries And Wages": NaN,
        "Gross Profit": NaN,
        "Cost Of Revenue": NaN,
        "Total Revenue": NaN,
        "Operating Revenue": NaN
    },
    "2022-06-30": {
        "Tax Effect Of Unusual Items": -93629.6,
        "Tax Rate For Calcs": 0.4,
        "Normalized EBITDA": 1900201.0,
        "Total Unusual Items": -234074.0,
        "Total Unusual Items Excluding Goodwill": -234074.0,
        "Net Income From Continuing Operation Net Minority Interest": 990010.0,
        "Reconciled Depreciation": 668890.0,
        "Reconciled Cost Of Revenue": 566496.0,
        "EBITDA": 1666127.0,
        "EBIT": 997237.0,
        "Net Interest Income": -7227.0,
        "Interest Expense": 7227.0,
        "Normalized Income": 1130454.4,
        "Net Income From Continuing And Discontinued Operation": 990010.0,
        "Total Expenses": 1190686.0,
        "Total Operating Income As Reported": 1231311.0,
        "Diluted Average Shares": 133294897.0,
        "Basic Average Shares": 133294897.0,
        "Diluted EPS": 0.699832,
        "Basic EPS": 0.699832,
        "Diluted NI Availto Com Stockholders": 990010.0,
        "Average Dilution Earnings": 0.0,
        "Net Income Common Stockholders": 990010.0,
        "Otherunder Preferred Stock Dividend": 0.0,
        "Net Income": 990010.0,
        "Net Income Including Noncontrolling Interests": 990010.0,
        "Net Income Continuous Operations": 990010.0,
        "Tax Provision": 0.0,
        "Pretax Income": 990010.0,
        "Other Income Expense": -234074.0,
        "Special Income Charges": NaN,
        "Gain On Sale Of Ppe": NaN,
        "Impairment Of Capital Assets": NaN,
        "Gain On Sale Of Security": -234074.0,
        "Net Non Operating Interest Income Expense": -7227.0,
        "Interest Expense Non Operating": 7227.0,
        "Operating Income": 1231311.0,
        "Operating Expense": 624190.0,
        "Depreciation Amortization Depletion Income Statement": 668890.0,
        "Depletion Income Statement": 668890.0,
        "Selling General And Administration": -44700.0,
        "General And Administrative Expense": -44700.0,
        "Other Gand A": -44700.0,
        "Gross Profit": 1855501.0,
        "Cost Of Revenue": 566496.0,
        "Total Revenue": 2421997.0,
        "Operating Revenue": 2421997.0
    },
    "2022-09-30": {
        "Tax Effect Of Unusual Items": NaN,
        "Tax Rate For Calcs": NaN,
        "Normalized EBITDA": NaN,
        "Total Unusual Items": NaN,
        "Total Unusual Items Excluding Goodwill": NaN,
        "Net Income From Continuing Operation Net Minority Interest": NaN,
        "Reconciled Depreciation": NaN,
        "Reconciled Cost Of Revenue": NaN,
        "EBITDA": NaN,
        "EBIT": NaN,
        "Net Interest Income": NaN,
        "Interest Expense": NaN,
        "Normalized Income": NaN,
        "Net Income From Continuing And Discontinued Operation": NaN,
        "Total Expenses": NaN,
        "Total Operating Income As Reported": NaN,
        "Diluted Average Shares": NaN,
        "Basic Average Shares": NaN,
        "Diluted EPS": NaN,
        "Basic EPS": NaN,
        "Diluted NI Availto Com Stockholders": NaN,
        "Average Dilution Earnings": NaN,
        "Net Income Common Stockholders": NaN,
        "Otherunder Preferred Stock Dividend": NaN,
        "Net Income": NaN,
        "Net Income Including Noncontrolling Interests": NaN,
        "Net Income Continuous Operations": NaN,
        "Tax Provision": NaN,
        "Pretax Income": NaN,
        "Other Income Expense": NaN,
        "Other Non Operating Income Expenses": NaN,
        "Special Income Charges": NaN,
        "Impairment Of Capital Assets": NaN,
        "Earnings From Equity Interest": NaN,
        "Gain On Sale Of Security": NaN,
        "Net Non Operating Interest Income Expense": NaN,
        "Interest Expense Non Operating": NaN,
        "Operating Income": NaN,
        "Operating Expense": NaN,
        "Depreciation Amortization Depletion Income Statement": NaN,
        "Depletion Income Statement": NaN,
        "Selling General And Administration": NaN,
        "General And Administrative Expense": NaN,
        "Other Gand A": NaN,
        "Salaries And Wages": 0.0,
        "Gross Profit": NaN,
        "Cost Of Revenue": NaN,
        "Total Revenue": NaN,
        "Operating Revenue": NaN
    },
    "2022-03-31": {
        "Diluted EPS": 0.24,
        "Total Revenue": 94,
        "Gross Profit": 94,
        "Operating Income": 61,
        "EBIT": 77,
        "Net Income": 32
    },
    "2021-12-31": {
        "Diluted EPS": 0.81,
        "Total Revenue": 234,
        "Gross Profit": 234,
        "Operating Income": 112,
        "EBIT": 161,
        "Net Income": 83
    },
    "2021-09-30": {
        "Diluted EPS": 0.0,
        "Total Revenue": 56,
        "Gross Profit": 56,
        "Operating Income": 32,
        "EBIT": 32,
        "Net Income": 25
    },
    "2021-06-30": {
        "Diluted EPS": -0.03,
        "Total Revenue": NaN,
        "Gross Profit": NaN,
        "Operating Income": 0,
        "EBIT": 0,
        "Net Income": -1
    },
    "2021-03-31": {
        "Diluted EPS": 0.04,
        "Total Revenue": NaN,
        "Gross Profit": NaN,
        "Operating Income": 0,
        "EBIT": 0,
        "Net Income": 2
    },
    "2020-12-31": {
        "Diluted EPS": 0.0,
        "Total Revenue": NaN,
        "Gross Profit": NaN,
        "Operating Income": NaN,
        "EBIT": NaN,
        "Net Income": NaN
    },
    "2020-09-30": {
        "Diluted EPS": 0.17,
        "Total Revenue": NaN,
        "Gross Profit": NaN,
        "Operating Income": 0,
        "EBIT": 0,
        "Net Income": 1
    },
    "2023-06-30": {
        "Tax Effect Of Unusual Items": NaN,
        "Tax Rate For Calcs": NaN,
        "Normalized EBITDA": NaN,
        "Total Unusual Items": NaN,
        "Total Unusual Items Excluding Goodwill": NaN,
        "Net Income From Continuing Operation Net Minority Interest": NaN,
        "Reconciled Depreciation": NaN,
        "Reconciled Cost Of Revenue": NaN,
        "EBITDA": NaN,
        "EBIT": NaN,
        "Net Interest Income": NaN,
        "Interest Expense": NaN,
        "Normalized Income": NaN,
        "Net Income From Continuing And Discontinued Operation": NaN,
        "Total Expenses": NaN,
        "Total Operating Income As Reported": NaN,
        "Diluted Average Shares": NaN,
        "Basic Average Shares": NaN,
        "Diluted EPS": NaN,
        "Basic EPS": NaN,
        "Diluted NI Availto Com Stockholders": NaN,
        "Average Dilution Earnings": NaN,
        "Net Income Common Stockholders": NaN,
        "Otherunder Preferred Stock Dividend": NaN,
        "Net Income": NaN,
        "Net Income Including Noncontrolling Interests": NaN,
        "Net Income Continuous Operations": NaN,
        "Tax Provision": NaN,
        "Pretax Income": NaN,
        "Other Income Expense": NaN,
        "Other Non Operating Income Expenses": NaN,
        "Special Income Charges": NaN,
        "Impairment Of Capital Assets": NaN,
        "Earnings From Equity Interest": NaN,
        "Gain On Sale Of Security": NaN,
        "Net Non Operating Interest Income Expense": NaN,
        "Interest Expense Non Operating": NaN,
        "Operating Income": NaN,
        "Operating Expense": NaN,
        "Other Operating Expenses": NaN,
        "Depreciation Amortization Depletion Income Statement": 34969000.0,
        "Depletion Income Statement": 34969000.0,
        "Selling General And Administration": NaN,
        "General And Administrative Expense": NaN,
        "Other Gand A": NaN,
        "Salaries And Wages": 375000.0,
        "Gross Profit": NaN,
        "Cost Of Revenue": NaN,
        "Total Revenue": NaN,
        "Operating Revenue": NaN
    },
    "2023-09-30": {
        "Tax Effect Of Unusual Items": NaN,
        "Tax Rate For Calcs": NaN,
        "Normalized EBITDA": NaN,
        "Total Unusual Items": NaN,
        "Total Unusual Items Excluding Goodwill": NaN,
        "Net Income From Continuing Operation Net Minority Interest": NaN,
        "Reconciled Depreciation": NaN,
        "Reconciled Cost Of Revenue": NaN,
        "EBITDA": NaN,
        "EBIT": NaN,
        "Net Interest Income": NaN,
        "Interest Expense": NaN,
        "Normalized Income": NaN,
        "Net Income From Continuing And Discontinued Operation": NaN,
        "Total Expenses": NaN,
        "Total Operating Income As Reported": NaN,
        "Diluted Average Shares": NaN,
        "Basic Average Shares": NaN,
        "Diluted EPS": NaN,
        "Basic EPS": NaN,
        "Diluted NI Availto Com Stockholders": NaN,
        "Average Dilution Earnings": NaN,
        "Net Income Common Stockholders": NaN,
        "Otherunder Preferred Stock Dividend": NaN,
        "Net Income": NaN,
        "Net Income Including Noncontrolling Interests": NaN,
        "Net Income Continuous Operations": NaN,
        "Tax Provision": NaN,
        "Pretax Income": NaN,
        "Other Income Expense": NaN,
        "Other Non Operating Income Expenses": NaN,
        "Special Income Charges": NaN,
        "Impairment Of Capital Assets": NaN,
        "Earnings From Equity Interest": NaN,
        "Gain On Sale Of Security": NaN,
        "Net Non Operating Interest Income Expense": NaN,
        "Interest Expense Non Operating": NaN,
        "Operating Income": NaN,
        "Operating Expense": NaN,
        "Other Operating Expenses": 1560000.0,
        "Depreciation Amortization Depletion Income Statement": 44267000.0,
        "Depletion Income Statement": 44267000.0,
        "Selling General And Administration": NaN,
        "General And Administrative Expense": NaN,
        "Other Gand A": NaN,
        "Salaries And Wages": 379000.0,
        "Gross Profit": NaN,
        "Cost Of Revenue": NaN,
        "Total Revenue": NaN,
        "Operating Revenue": NaN
    },
    "2023-12-31": {
        "Tax Effect Of Unusual Items": NaN,
        "Tax Rate For Calcs": NaN,
        "Normalized EBITDA": NaN,
        "Total Unusual Items": NaN,
        "Total Unusual Items Excluding Goodwill": NaN,
        "Net Income From Continuing Operation Net Minority Interest": NaN,
        "Reconciled Depreciation": NaN,
        "Reconciled Cost Of Revenue": NaN,
        "EBITDA": NaN,
        "EBIT": NaN,
        "Net Interest Income": NaN,
        "Interest Expense": NaN,
        "Normalized Income": NaN,
        "Net Income From Continuing And Discontinued Operation": NaN,
        "Total Expenses": NaN,
        "Total Operating Income As Reported": NaN,
        "Diluted Average Shares": NaN,
        "Basic Average Shares": NaN,
        "Diluted EPS": NaN,
        "Basic EPS": NaN,
        "Diluted NI Availto Com Stockholders": NaN,
        "Average Dilution Earnings": NaN,
        "Net Income Common Stockholders": NaN,
        "Otherunder Preferred Stock Dividend": NaN,
        "Net Income": NaN,
        "Net Income Including Noncontrolling Interests": NaN,
        "Net Income Continuous Operations": NaN,
        "Tax Provision": NaN,
        "Pretax Income": NaN,
        "Other Income Expense": NaN,
        "Other Non Operating Income Expenses": NaN,
        "Special Income Charges": NaN,
        "Impairment Of Capital Assets": NaN,
        "Earnings From Equity Interest": NaN,
        "Gain On Sale Of Security": NaN,
        "Net Non Operating Interest Income Expense": NaN,
        "Interest Expense Non Operating": NaN,
        "Operating Income": NaN,
        "Operating Expense": NaN,
        "Other Operating Expenses": NaN,
        "Depreciation Amortization Depletion Income Statement": 47574000.0,
        "Depletion Income Statement": 47574000.0,
        "Selling General And Administration": NaN,
        "General And Administrative Expense": NaN,
        "Other Gand A": NaN,
        "Salaries And Wages": NaN,
        "Gross Profit": NaN,
        "Cost Of Revenue": NaN,
        "Total Revenue": NaN,
        "Operating Revenue": NaN
    },
    "2024-03-31": {
        "Tax Effect Of Unusual Items": NaN,
        "Tax Rate For Calcs": NaN,
        "Normalized EBITDA": NaN,
        "Total Unusual Items": NaN,
        "Total Unusual Items Excluding Goodwill": NaN,
        "Net Income From Continuing Operation Net Minority Interest": NaN,
        "Reconciled Depreciation": NaN,
        "Reconciled Cost Of Revenue": NaN,
        "EBITDA": NaN,
        "EBIT": NaN,
        "Net Interest Income": NaN,
        "Interest Expense": NaN,
        "Normalized Income": NaN,
        "Net Income From Continuing And Discontinued Operation": NaN,
        "Total Expenses": NaN,
        "Total Operating Income As Reported": NaN,
        "Diluted Average Shares": NaN,
        "Basic Average Shares": NaN,
        "Diluted EPS": NaN,
        "Basic EPS": NaN,
        "Diluted NI Availto Com Stockholders": NaN,
        "Average Dilution Earnings": NaN,
        "Net Income Common Stockholders": NaN,
        "Otherunder Preferred Stock Dividend": NaN,
        "Net Income": NaN,
        "Net Income Including Noncontrolling Interests": NaN,
        "Net Income Continuous Operations": NaN,
        "Tax Provision": NaN,
        "Pretax Income": NaN,
        "Other Income Expense": NaN,
        "Other Non Operating Income Expenses": 2000.0,
        "Special Income Charges": NaN,
        "Impairment Of Capital Assets": NaN,
        "Earnings From Equity Interest": NaN,
        "Gain On Sale Of Security": NaN,
        "Net Non Operating Interest Income Expense": NaN,
        "Interest Expense Non Operating": NaN,
        "Operating Income": NaN,
        "Operating Expense": NaN,
        "Other Operating Expenses": NaN,
        "Depreciation Amortization Depletion Income Statement": 40941000.0,
        "Depletion Income Statement": 40941000.0,
        "Selling General And Administration": NaN,
        "General And Administrative Expense": NaN,
        "Other Gand A": NaN,
        "Salaries And Wages": 512000.0,
        "Gross Profit": NaN,
        "Cost Of Revenue": NaN,
        "Total Revenue": NaN,
        "Operating Revenue": NaN
    },
    "2024-06-30": {
        "Tax Effect Of Unusual Items": NaN,
        "Tax Rate For Calcs": NaN,
        "Normalized EBITDA": NaN,
        "Total Unusual Items": NaN,
        "Total Unusual Items Excluding Goodwill": NaN,
        "Net Income From Continuing Operation Net Minority Interest": NaN,
        "Reconciled Depreciation": NaN,
        "Reconciled Cost Of Revenue": NaN,
        "EBITDA": NaN,
        "EBIT": NaN,
        "Net Interest Income": NaN,
        "Interest Expense": NaN,
        "Normalized Income": NaN,
        "Net Income From Continuing And Discontinued Operation": NaN,
        "Total Expenses": NaN,
        "Total Operating Income As Reported": NaN,
        "Diluted Average Shares": NaN,
        "Basic Average Shares": NaN,
        "Diluted EPS": NaN,
        "Basic EPS": NaN,
        "Diluted NI Availto Com Stockholders": NaN,
        "Average Dilution Earnings": NaN,
        "Net Income Common Stockholders": NaN,
        "Otherunder Preferred Stock Dividend": NaN,
        "Net Income": NaN,
        "Net Income Including Noncontrolling Interests": NaN,
        "Net Income Continuous Operations": NaN,
        "Tax Provision": NaN,
        "Pretax Income": NaN,
        "Other Income Expense": NaN,
        "Other Non Operating Income Expenses": 268000.0,
        "Special Income Charges": NaN,
        "Impairment Of Capital Assets": NaN,
        "Earnings From Equity Interest": -8774000.0,
        "Gain On Sale Of Security": NaN,
        "Net Non Operating Interest Income Expense": NaN,
        "Interest Expense Non Operating": NaN,
        "Operating Income": NaN,
        "Operating Expense": NaN,
        "Other Operating Expenses": NaN,
        "Selling General And Administration": NaN,
        "General And Administrative Expense": NaN,
        "Other Gand A": NaN,
        "Salaries And Wages": 583000.0,
        "Gross Profit": NaN,
        "Cost Of Revenue": NaN,
        "Total Revenue": NaN,
        "Operating Revenue": NaN
    },
    "2024-09-30": {
        "Tax Effect Of Unusual Items": -2099196.0,
        "Tax Rate For Calcs": 0.324,
        "Normalized EBITDA": 68832000.0,
        "Total Unusual Items": -6479000.0,
        "Total Unusual Items Excluding Goodwill": -6479000.0,
        "Net Income From Continuing Operation Net Minority Interest": 9054000.0,
        "Reconciled Depreciation": 44149000.0,
        "Reconciled Cost Of Revenue": 63520000.0,
        "EBITDA": 62353000.0,
        "EBIT": 18204000.0,
        "Net Interest Income": -4820000.0,
        "Interest Expense": 4820000.0,
        "Normalized Income": 13433804.0,
        "Net Income From Continuing And Discontinued Operation": 9054000.0,
        "Total Expenses": 69393000.0,
        "Total Operating Income As Reported": 24682000.0,
        "Diluted Average Shares": 130242000.0,
        "Basic Average Shares": 130204000.0,
        "Diluted EPS": 0.07,
        "Basic EPS": 0.07,
        "Diluted NI Availto Com Stockholders": 8995000.0,
        "Average Dilution Earnings": 0.0,
        "Net Income Common Stockholders": 8995000.0,
        "Otherunder Preferred Stock Dividend": 59000.0,
        "Net Income": 9054000.0,
        "Net Income Including Noncontrolling Interests": 9054000.0,
        "Net Income Continuous Operations": 9054000.0,
        "Tax Provision": 4330000.0,
        "Pretax Income": 13384000.0,
        "Other Income Expense": -6478000.0,
        "Other Non Operating Income Expenses": 1000.0,
        "Special Income Charges": 0.0,
        "Impairment Of Capital Assets": 0.0,
        "Earnings From Equity Interest": -18320000.0,
        "Gain On Sale Of Security": -6479000.0,
        "Net Non Operating Interest Income Expense": -4820000.0,
        "Interest Expense Non Operating": 4820000.0,
        "Operating Income": 24682000.0,
        "Operating Expense": 5873000.0,
        "Other Operating Expenses": 283000.0,
        "Selling General And Administration": 5590000.0,
        "General And Administrative Expense": 5590000.0,
        "Other Gand A": 5002000.0,
        "Salaries And Wages": 588000.0,
        "Gross Profit": 30555000.0,
        "Cost Of Revenue": 63520000.0,
        "Total Revenue": 94075000.0,
        "Operating Revenue": 94075000.0
    },
    "2024-12-31": {
        "Tax Effect Of Unusual Items": -11574177.490775,
        "Tax Rate For Calcs": 0.28524,
        "Normalized EBITDA": 78837000.0,
        "Total Unusual Items": -40577000.0,
        "Total Unusual Items Excluding Goodwill": -40577000.0,
        "Net Income From Continuing Operation Net Minority Interest": -11622000.0,
        "Reconciled Depreciation": 49847000.0,
        "Reconciled Cost Of Revenue": 72166000.0,
        "EBITDA": 38260000.0,
        "EBIT": -11587000.0,
        "Net Interest Income": -4673000.0,
        "Interest Expense": 4673000.0,
        "Normalized Income": 17380822.509225,
        "Net Income From Continuing And Discontinued Operation": -11622000.0,
        "Total Expenses": 77586000.0,
        "Total Operating Income As Reported": -6916000.0,
        "Diluted Average Shares": 130210000.0,
        "Basic Average Shares": 130210000.0,
        "Diluted EPS": -0.09,
        "Basic EPS": -0.09,
        "Diluted NI Availto Com Stockholders": -11680000.0,
        "Average Dilution Earnings": 0.0,
        "Net Income Common Stockholders": -11680000.0,
        "Otherunder Preferred Stock Dividend": 58000.0,
        "Net Income": -11622000.0,
        "Net Income Including Noncontrolling Interests": -11622000.0,
        "Net Income Continuous Operations": -11622000.0,
        "Tax Provision": -4638000.0,
        "Pretax Income": -16260000.0,
        "Other Income Expense": -40308000.0,
        "Other Non Operating Income Expenses": 269000.0,
        "Special Income Charges": -35637000.0,
        "Impairment Of Capital Assets": 35637000.0,
        "Earnings From Equity Interest": 4132000.0,
        "Gain On Sale Of Security": -4940000.0,
        "Net Non Operating Interest Income Expense": -4673000.0,
        "Interest Expense Non Operating": 4673000.0,
        "Operating Income": 28721000.0,
        "Operating Expense": 5420000.0,
        "Other Operating Expenses": -524000.0,
        "Selling General And Administration": 5944000.0,
        "General And Administrative Expense": 5944000.0,
        "Other Gand A": 7627000.0,
        "Salaries And Wages": NaN,
        "Gross Profit": 34141000.0,
        "Cost Of Revenue": 72166000.0,
        "Total Revenue": 106307000.0,
        "Operating Revenue": 106307000.0
    },
    "2025-03-31": {
        "Tax Effect Of Unusual Items": -5635956.0,
        "Tax Rate For Calcs": 0.227,
        "Normalized EBITDA": 90980000.0,
        "Total Unusual Items": -24828000.0,
        "Total Unusual Items Excluding Goodwill": -24828000.0,
        "Net Income From Continuing Operation Net Minority Interest": 9812000.0,
        "Reconciled Depreciation": 48445000.0,
        "Reconciled Cost Of Revenue": 73053000.0,
        "EBITDA": 66152000.0,
        "EBIT": 17707000.0,
        "Net Interest Income": -5015000.0,
        "Interest Expense": 5015000.0,
        "Normalized Income": 29004044.0,
        "Net Income From Continuing And Discontinued Operation": 9812000.0,
        "Total Expenses": 80396000.0,
        "Total Operating Income As Reported": 42535000.0,
        "Diluted Average Shares": 130401000.0,
        "Basic Average Shares": 130336000.0,
        "Diluted EPS": 0.07,
        "Basic EPS": 0.07,
        "Diluted NI Availto Com Stockholders": 9756000.0,
        "Average Dilution Earnings": 0.0,
        "Net Income Common Stockholders": 9756000.0,
        "Otherunder Preferred Stock Dividend": 56000.0,
        "Net Income": 9812000.0,
        "Net Income Including Noncontrolling Interests": 9812000.0,
        "Net Income Continuous Operations": 9812000.0,
        "Tax Provision": 2880000.0,
        "Pretax Income": 12692000.0,
        "Other Income Expense": -24828000.0,
        "Other Non Operating Income Expenses": NaN,
        "Special Income Charges": 0.0,
        "Impairment Of Capital Assets": 0.0,
        "Earnings From Equity Interest": -9971000.0,
        "Gain On Sale Of Security": -24828000.0,
        "Net Non Operating Interest Income Expense": -5015000.0,
        "Interest Expense Non Operating": 5015000.0,
        "Operating Income": 42535000.0,
        "Operating Expense": 7343000.0,
        "Other Operating Expenses": -120000.0,
        "Selling General And Administration": 7463000.0,
        "General And Administrative Expense": 7463000.0,
        "Other Gand A": 6810000.0,
        "Salaries And Wages": 653000.0,
        "Gross Profit": 49878000.0,
        "Cost Of Revenue": 73053000.0,
        "Total Revenue": 122931000.0,
        "Operating Revenue": 122931000.0
    },
    "2025-06-30": {
        "Tax Effect Of Unusual Items": 4296810.0,
        "Tax Rate For Calcs": 0.237,
        "Normalized EBITDA": 74054000.0,
        "Total Unusual Items": 18130000.0,
        "Total Unusual Items Excluding Goodwill": 18130000.0,
        "Net Income From Continuing Operation Net Minority Interest": 25081000.0,
        "Reconciled Depreciation": 53412000.0,
        "Reconciled Cost Of Revenue": 79967000.0,
        "EBITDA": 92184000.0,
        "EBIT": 38772000.0,
        "Net Interest Income": -5914000.0,
        "Interest Expense": 5914000.0,
        "Normalized Income": 11247810.0,
        "Net Income From Continuing And Discontinued Operation": 25081000.0,
        "Total Expenses": 88484000.0,
        "Total Operating Income As Reported": 20735000.0,
        "Diluted Average Shares": 130588000.0,
        "Basic Average Shares": 130469000.0,
        "Diluted EPS": 0.19,
        "Basic EPS": 0.19,
        "Diluted NI Availto Com Stockholders": 24955000.0,
        "Average Dilution Earnings": 0.0,
        "Net Income Common Stockholders": 24955000.0,
        "Otherunder Preferred Stock Dividend": 126000.0,
        "Net Income": 25081000.0,
        "Net Income Including Noncontrolling Interests": 25081000.0,
        "Net Income Continuous Operations": 25081000.0,
        "Tax Provision": 7777000.0,
        "Pretax Income": 32858000.0,
        "Other Income Expense": 18037000.0,
        "Other Non Operating Income Expenses": -93000.0,
        "Special Income Charges": 0.0,
        "Impairment Of Capital Assets": 0.0,
        "Earnings From Equity Interest": -5795000.0,
        "Gain On Sale Of Security": 18130000.0,
        "Net Non Operating Interest Income Expense": -5914000.0,
        "Interest Expense Non Operating": 5914000.0,
        "Operating Income": 20735000.0,
        "Operating Expense": 8517000.0,
        "Other Operating Expenses": NaN,
        "Selling General And Administration": 8517000.0,
        "General And Administrative Expense": 8517000.0,
        "Other Gand A": 8517000.0,
        "Salaries And Wages": NaN,
        "Gross Profit": 29252000.0,
        "Cost Of Revenue": 79967000.0,
        "Total Revenue": 109219000.0,
        "Operating Revenue": 109219000.0
    },
    "2025-09-30": {
        "Tax Effect Of Unusual Items": 1425684.0,
        "Tax Rate For Calcs": 0.247,
        "Normalized EBITDA": 75536000.0,
        "Total Unusual Items": 5772000.0,
        "Total Unusual Items Excluding Goodwill": 5772000.0,
        "Net Income From Continuing Operation Net Minority Interest": 14523000.0,
        "Reconciled Depreciation": 55947000.0,
        "Reconciled Cost Of Revenue": 86094000.0,
        "EBITDA": 81308000.0,
        "EBIT": 25361000.0,
        "Net Interest Income": -6069000.0,
        "Interest Expense": 6069000.0,
        "Normalized Income": 10176684.0,
        "Net Income From Continuing And Discontinued Operation": 14523000.0,
        "Total Expenses": 93082000.0,
        "Total Operating Income As Reported": 19589000.0,
        "Diluted Average Shares": 130506000.0,
        "Basic Average Shares": 130472000.0,
        "Diluted EPS": 0.11,
        "Basic EPS": 0.11,
        "Diluted NI Availto Com Stockholders": 14437000.0,
        "Average Dilution Earnings": 0.0,
        "Net Income Common Stockholders": 14437000.0,
        "Otherunder Preferred Stock Dividend": 86000.0,
        "Net Income": 14523000.0,
        "Net Income Including Noncontrolling Interests": 14523000.0,
        "Net Income Continuous Operations": 14523000.0,
        "Tax Provision": 4769000.0,
        "Pretax Income": 19292000.0,
        "Other Income Expense": 5772000.0,
        "Other Non Operating Income Expenses": NaN,
        "Special Income Charges": 0.0,
        "Impairment Of Capital Assets": 0.0,
        "Earnings From Equity Interest": NaN,
        "Gain On Sale Of Security": 5772000.0,
        "Net Non Operating Interest Income Expense": -6069000.0,
        "Interest Expense Non Operating": 6069000.0,
        "Operating Income": 19589000.0,
        "Operating Expense": 6988000.0,
        "Other Operating Expenses": NaN,
        "Selling General And Administration": 6988000.0,
        "General And Administrative Expense": 6988000.0,
        "Other Gand A": 5649000.0,
        "Salaries And Wages": 1339000.0,
        "Gross Profit": 26577000.0,
        "Cost Of Revenue": 86094000.0,
        "Total Revenue": 112671000.0,
        "Operating Revenue": 112671000.0
    }
}