{
    "2023-03-31": {
        "Tax Effect Of Unusual Items": NaN,
        "Tax Rate For Calcs": NaN,
        "Normalized EBITDA": NaN,
        "Total Unusual Items": NaN,
        "Total Unusual Items Excluding Goodwill": NaN,
        "Net Income From Continuing Operation Net Minority Interest": NaN,
        "Reconciled Depreciation": NaN,
        "Reconciled Cost Of Revenue": NaN,
        "EBITDA": NaN,
        "EBIT": NaN,
        "Net Interest Income": NaN,
        "Interest Expense": NaN,
        "Normalized Income": NaN,
        "Net Income From Continuing And Discontinued Operation": NaN,
        "Total Expenses": NaN,
        "Total Operating Income As Reported": NaN,
        "Diluted Average Shares": 14747637.0,
        "Basic Average Shares": 14747537.0,
        "Diluted EPS": 0.11,
        "Basic EPS": 0.11,
        "Diluted NI Availto Com Stockholders": NaN,
        "Net Income Common Stockholders": NaN,
        "Net Income": NaN,
        "Net Income Including Noncontrolling Interests": NaN,
        "Net Income Continuous Operations": NaN,
        "Tax Provision": NaN,
        "Pretax Income": NaN,
        "Other Income Expense": NaN,
        "Other Non Operating Income Expenses": NaN,
        "Earnings From Equity Interest": 0.0,
        "Gain On Sale Of Security": NaN,
        "Net Non Operating Interest Income Expense": NaN,
        "Interest Expense Non Operating": NaN,
        "Operating Income": NaN,
        "Operating Expense": NaN,
        "Depreciation Amortization Depletion Income Statement": NaN,
        "Depreciation And Amortization In Income Statement": NaN,
        "Depreciation Income Statement": NaN,
        "Selling General And Administration": NaN,
        "Selling And Marketing Expense": NaN,
        "General And Administrative Expense": NaN,
        "Other Gand A": NaN,
        "Gross Profit": NaN,
        "Cost Of Revenue": NaN,
        "Total Revenue": NaN,
        "Operating Revenue": NaN
    },
    "2022-12-31": {
        "Tax Effect Of Unusual Items": NaN,
        "Tax Rate For Calcs": NaN,
        "Normalized EBITDA": NaN,
        "Total Unusual Items": NaN,
        "Total Unusual Items Excluding Goodwill": NaN,
        "Net Income From Continuing Operation Net Minority Interest": NaN,
        "Reconciled Depreciation": NaN,
        "Reconciled Cost Of Revenue": NaN,
        "EBITDA": NaN,
        "EBIT": NaN,
        "Net Interest Income": NaN,
        "Interest Expense": NaN,
        "Normalized Income": NaN,
        "Net Income From Continuing And Discontinued Operation": NaN,
        "Total Expenses": NaN,
        "Total Operating Income As Reported": NaN,
        "Diluted Average Shares": 14890031.0,
        "Basic Average Shares": 14889946.0,
        "Diluted EPS": 0.06,
        "Basic EPS": 0.06,
        "Diluted NI Availto Com Stockholders": NaN,
        "Net Income Common Stockholders": NaN,
        "Net Income": NaN,
        "Net Income Including Noncontrolling Interests": NaN,
        "Net Income Continuous Operations": NaN,
        "Tax Provision": NaN,
        "Pretax Income": NaN,
        "Other Income Expense": NaN,
        "Other Non Operating Income Expenses": NaN,
        "Earnings From Equity Interest": 0.0,
        "Gain On Sale Of Security": NaN,
        "Net Non Operating Interest Income Expense": NaN,
        "Interest Expense Non Operating": NaN,
        "Operating Income": NaN,
        "Operating Expense": NaN,
        "Depreciation Amortization Depletion Income Statement": NaN,
        "Depreciation And Amortization In Income Statement": NaN,
        "Depreciation Income Statement": NaN,
        "Selling General And Administration": NaN,
        "Selling And Marketing Expense": NaN,
        "General And Administrative Expense": NaN,
        "Other Gand A": NaN,
        "Gross Profit": NaN,
        "Cost Of Revenue": NaN,
        "Total Revenue": NaN,
        "Operating Revenue": NaN
    },
    "2022-09-30": {
        "Tax Effect Of Unusual Items": NaN,
        "Tax Rate For Calcs": NaN,
        "Normalized EBITDA": NaN,
        "Total Unusual Items": NaN,
        "Total Unusual Items Excluding Goodwill": NaN,
        "Net Income From Continuing Operation Net Minority Interest": NaN,
        "Reconciled Depreciation": NaN,
        "Reconciled Cost Of Revenue": NaN,
        "EBITDA": NaN,
        "EBIT": NaN,
        "Net Interest Income": NaN,
        "Interest Expense": NaN,
        "Normalized Income": NaN,
        "Net Income From Continuing And Discontinued Operation": NaN,
        "Total Expenses": NaN,
        "Total Operating Income As Reported": NaN,
        "Diluted Average Shares": NaN,
        "Basic Average Shares": NaN,
        "Diluted EPS": NaN,
        "Basic EPS": NaN,
        "Diluted NI Availto Com Stockholders": NaN,
        "Net Income Common Stockholders": NaN,
        "Net Income": NaN,
        "Net Income Including Noncontrolling Interests": NaN,
        "Net Income Continuous Operations": NaN,
        "Tax Provision": NaN,
        "Pretax Income": NaN,
        "Other Income Expense": NaN,
        "Other Non Operating Income Expenses": NaN,
        "Earnings From Equity Interest": 0.0,
        "Gain On Sale Of Security": NaN,
        "Net Non Operating Interest Income Expense": NaN,
        "Interest Expense Non Operating": NaN,
        "Operating Income": NaN,
        "Operating Expense": NaN,
        "Depreciation Amortization Depletion Income Statement": NaN,
        "Depreciation And Amortization In Income Statement": NaN,
        "Depreciation Income Statement": NaN,
        "Selling General And Administration": NaN,
        "Selling And Marketing Expense": NaN,
        "General And Administrative Expense": NaN,
        "Other Gand A": NaN,
        "Gross Profit": NaN,
        "Cost Of Revenue": NaN,
        "Total Revenue": NaN,
        "Operating Revenue": NaN
    },
    "2022-06-30": {
        "Tax Effect Of Unusual Items": -838400.0,
        "Tax Rate For Calcs": 0.4,
        "Normalized EBITDA": 4947000.0,
        "Total Unusual Items": -2096000.0,
        "Total Unusual Items Excluding Goodwill": -2096000.0,
        "Net Income From Continuing Operation Net Minority Interest": 365000.0,
        "Reconciled Depreciation": -86000.0,
        "Reconciled Cost Of Revenue": 1233000.0,
        "EBITDA": 2851000.0,
        "EBIT": 2790000.0,
        "Net Interest Income": NaN,
        "Interest Expense": NaN,
        "Normalized Income": 1622600.0,
        "Net Income From Continuing And Discontinued Operation": 365000.0,
        "Total Expenses": 2654000.0,
        "Total Operating Income As Reported": 2790000.0,
        "Diluted Average Shares": 14978683.0,
        "Basic Average Shares": 14977792.0,
        "Diluted EPS": -0.09,
        "Basic EPS": -0.09,
        "Diluted NI Availto Com Stockholders": 365000.0,
        "Net Income Common Stockholders": 365000.0,
        "Net Income": 365000.0,
        "Net Income Including Noncontrolling Interests": 365000.0,
        "Net Income Continuous Operations": 365000.0,
        "Tax Provision": 390000.0,
        "Pretax Income": 755000.0,
        "Other Income Expense": -2035000.0,
        "Other Non Operating Income Expenses": 61000.0,
        "Special Income Charges": 0.0,
        "Earnings From Equity Interest": 0.0,
        "Gain On Sale Of Security": -2096000.0,
        "Net Non Operating Interest Income Expense": NaN,
        "Interest Expense Non Operating": NaN,
        "Operating Income": 2790000.0,
        "Operating Expense": 1568000.0,
        "Depreciation Amortization Depletion Income Statement": 61000.0,
        "Depreciation And Amortization In Income Statement": 61000.0,
        "Depreciation Income Statement": NaN,
        "Selling General And Administration": 1507000.0,
        "Selling And Marketing Expense": 100000.0,
        "General And Administrative Expense": 1407000.0,
        "Other Gand A": 1407000.0,
        "Gross Profit": 4358000.0,
        "Cost Of Revenue": 1086000.0,
        "Total Revenue": 5444000.0,
        "Operating Revenue": 5444000.0
    },
    "2022-03-31": {
        "Diluted EPS": -0.06,
        "Total Revenue": 6,
        "Gross Profit": 6,
        "Operating Income": 3,
        "EBIT": 2,
        "Net Income": -1
    },
    "2021-12-31": {
        "Diluted EPS": 0.24,
        "Total Revenue": 7,
        "Gross Profit": 7,
        "Operating Income": 3,
        "EBIT": 3,
        "Net Income": 4
    },
    "2021-09-30": {
        "Diluted EPS": 0.16,
        "Total Revenue": 7,
        "Gross Profit": 7,
        "Operating Income": 3,
        "EBIT": 3,
        "Net Income": 2
    },
    "2021-06-30": {
        "Diluted EPS": 0.32,
        "Total Revenue": 7,
        "Gross Profit": 7,
        "Operating Income": 4,
        "EBIT": 5,
        "Net Income": 5
    },
    "2021-03-31": {
        "Diluted EPS": 0.57,
        "Total Revenue": 6,
        "Gross Profit": 6,
        "Operating Income": 3,
        "EBIT": 3,
        "Net Income": 9
    },
    "2020-12-31": {
        "Diluted EPS": 1.1,
        "Total Revenue": 5,
        "Gross Profit": 5,
        "Operating Income": 0,
        "EBIT": 0,
        "Net Income": 17
    },
    "2020-09-30": {
        "Diluted EPS": 0.13,
        "Total Revenue": 3,
        "Gross Profit": 3,
        "Operating Income": 1,
        "EBIT": 1,
        "Net Income": 2
    },
    "2020-06-30": {
        "Diluted EPS": 0.1,
        "Total Revenue": 2,
        "Gross Profit": 2,
        "Operating Income": 0,
        "EBIT": 0,
        "Net Income": 1
    },
    "2020-03-31": {
        "Diluted EPS": -0.11,
        "Total Revenue": 1,
        "Gross Profit": 1,
        "Operating Income": -1,
        "EBIT": -1,
        "Net Income": -2
    },
    "2019-12-31": {
        "Diluted EPS": -0.06,
        "Total Revenue": 1,
        "Gross Profit": 1,
        "Operating Income": -1,
        "EBIT": 0,
        "Net Income": -1
    },
    "2019-09-30": {
        "Diluted EPS": -0.24,
        "Total Revenue": 1,
        "Gross Profit": 1,
        "Operating Income": -1,
        "EBIT": -1,
        "Net Income": -4
    },
    "2019-06-30": {
        "Diluted EPS": 0.02,
        "Total Revenue": 1,
        "Gross Profit": 1,
        "Operating Income": -1,
        "EBIT": 0,
        "Net Income": 0
    },
    "2019-03-31": {
        "Diluted EPS": 0.05,
        "Total Revenue": 1,
        "Gross Profit": 1,
        "Operating Income": -1,
        "EBIT": -1,
        "Net Income": 1
    },
    "2018-12-31": {
        "Diluted EPS": -0.21,
        "Total Revenue": 1,
        "Gross Profit": 1,
        "Operating Income": -1,
        "EBIT": -1,
        "Net Income": -3
    },
    "2018-09-30": {
        "Diluted EPS": -0.08,
        "Total Revenue": 1,
        "Gross Profit": 1,
        "Operating Income": -1,
        "EBIT": -1,
        "Net Income": -1
    },
    "2018-06-30": {
        "Diluted EPS": -0.02,
        "Total Revenue": 1,
        "Gross Profit": 1,
        "Operating Income": -1,
        "EBIT": -1,
        "Net Income": 0
    },
    "2018-03-31": {
        "Diluted EPS": -0.07,
        "Total Revenue": 1,
        "Gross Profit": 1,
        "Operating Income": -1,
        "EBIT": -1,
        "Net Income": -1
    },
    "2017-12-31": {
        "Diluted EPS": 0.05,
        "Total Revenue": 2,
        "Gross Profit": 2,
        "Operating Income": 0,
        "EBIT": 0,
        "Net Income": 1
    },
    "2017-09-30": {
        "Diluted EPS": 0.08,
        "Total Revenue": 1,
        "Gross Profit": 1,
        "Operating Income": 0,
        "EBIT": 0,
        "Net Income": 1
    },
    "2017-06-30": {
        "Diluted EPS": -0.05,
        "Total Revenue": 1,
        "Gross Profit": 1,
        "Operating Income": 0,
        "EBIT": 0,
        "Net Income": -1
    },
    "2017-03-31": {
        "Diluted EPS": -0.0,
        "Total Revenue": 2,
        "Gross Profit": 2,
        "Operating Income": 0,
        "EBIT": 0,
        "Net Income": 0
    },
    "2016-12-31": {
        "Diluted EPS": 0.0,
        "Total Revenue": 2,
        "Gross Profit": 2,
        "Operating Income": 0,
        "EBIT": 0,
        "Net Income": 0
    },
    "2016-09-30": {
        "Diluted EPS": 0.02,
        "Total Revenue": 2,
        "Gross Profit": 2,
        "Operating Income": 0,
        "EBIT": 0,
        "Net Income": 0
    },
    "2016-06-30": {
        "Diluted EPS": -0.02,
        "Total Revenue": 2,
        "Gross Profit": 2,
        "Operating Income": 0,
        "EBIT": 0,
        "Net Income": 0
    },
    "2016-03-31": {
        "Diluted EPS": -0.02,
        "Total Revenue": 1,
        "Gross Profit": 1,
        "Operating Income": -1,
        "EBIT": 0,
        "Net Income": 0
    },
    "2015-12-31": {
        "Diluted EPS": -0.14,
        "Total Revenue": 1,
        "Gross Profit": 1,
        "Operating Income": -2,
        "EBIT": -2,
        "Net Income": -2
    },
    "2015-09-30": {
        "Diluted EPS": -0.06,
        "Total Revenue": 1,
        "Gross Profit": 1,
        "Operating Income": -1,
        "EBIT": -1,
        "Net Income": -1
    },
    "2015-06-30": {
        "Diluted EPS": -0.13,
        "Total Revenue": 1,
        "Gross Profit": 1,
        "Operating Income": -1,
        "EBIT": -1,
        "Net Income": -2
    },
    "2015-03-31": {
        "Diluted EPS": -0.07,
        "Total Revenue": 1,
        "Gross Profit": 1,
        "Operating Income": -1,
        "EBIT": -1,
        "Net Income": -1
    },
    "2014-12-31": {
        "Diluted EPS": -0.05,
        "Total Revenue": 2,
        "Gross Profit": 2,
        "Operating Income": -1,
        "EBIT": -1,
        "Net Income": -1
    },
    "2014-09-30": {
        "Diluted EPS": -0.01,
        "Total Revenue": 3,
        "Gross Profit": 3,
        "Operating Income": 0,
        "EBIT": 0,
        "Net Income": 0
    },
    "2014-06-30": {
        "Diluted EPS": 0.02,
        "Total Revenue": 0,
        "Gross Profit": 0,
        "Operating Income": 0,
        "EBIT": 0,
        "Net Income": 0
    },
    "2014-03-31": {
        "Diluted EPS": -0.0,
        "Total Revenue": 3,
        "Gross Profit": 3,
        "Operating Income": 0,
        "EBIT": 0,
        "Net Income": 0
    },
    "2013-12-31": {
        "Diluted EPS": -0.08,
        "Total Revenue": 3,
        "Gross Profit": 3,
        "Operating Income": -1,
        "EBIT": -1,
        "Net Income": -1
    },
    "2013-09-30": {
        "Diluted EPS": 0.0,
        "Total Revenue": 3,
        "Gross Profit": 3,
        "Operating Income": -1,
        "EBIT": -1,
        "Net Income": 0
    },
    "2013-06-30": {
        "Diluted EPS": -0.02,
        "Total Revenue": 3,
        "Gross Profit": 3,
        "Operating Income": -1,
        "EBIT": 0,
        "Net Income": 0
    },
    "2013-03-31": {
        "Diluted EPS": 0.0,
        "Total Revenue": 4,
        "Gross Profit": 4,
        "Operating Income": 0,
        "EBIT": 0,
        "Net Income": 0
    },
    "2012-12-31": {
        "Diluted EPS": 0.01,
        "Total Revenue": 5,
        "Gross Profit": 5,
        "Operating Income": 0,
        "EBIT": 0,
        "Net Income": 0
    },
    "2012-09-30": {
        "Diluted EPS": 0.0,
        "Total Revenue": 4,
        "Gross Profit": 4,
        "Operating Income": 0,
        "EBIT": 0,
        "Net Income": 0
    },
    "2012-06-30": {
        "Diluted EPS": -0.01,
        "Total Revenue": 3,
        "Gross Profit": 3,
        "Operating Income": 0,
        "EBIT": 0,
        "Net Income": 0
    },
    "2012-03-31": {
        "Diluted EPS": 0.03,
        "Total Revenue": 6,
        "Gross Profit": 6,
        "Operating Income": 1,
        "EBIT": 1,
        "Net Income": 0
    },
    "2011-12-31": {
        "Diluted EPS": 0.03,
        "Total Revenue": 6,
        "Gross Profit": 6,
        "Operating Income": 1,
        "EBIT": 1,
        "Net Income": 0
    },
    "2011-09-30": {
        "Diluted EPS": 0.05,
        "Total Revenue": 8,
        "Gross Profit": 8,
        "Operating Income": 1,
        "EBIT": 1,
        "Net Income": 1
    },
    "2011-06-30": {
        "Diluted EPS": 0.11,
        "Total Revenue": 9,
        "Gross Profit": 9,
        "Operating Income": 1,
        "EBIT": 1,
        "Net Income": 2
    },
    "2011-03-31": {
        "Diluted EPS": 0.17,
        "Total Revenue": 11,
        "Gross Profit": 11,
        "Operating Income": 4,
        "EBIT": 4,
        "Net Income": 3
    },
    "2010-12-31": {
        "Diluted EPS": 0.15,
        "Total Revenue": 12,
        "Gross Profit": 12,
        "Operating Income": 4,
        "EBIT": 4,
        "Net Income": 2
    },
    "2010-09-30": {
        "Diluted EPS": 0.08,
        "Total Revenue": 9,
        "Gross Profit": 9,
        "Operating Income": 2,
        "EBIT": 2,
        "Net Income": 1
    },
    "2010-06-30": {
        "Diluted EPS": 0.06,
        "Total Revenue": 9,
        "Gross Profit": 9,
        "Operating Income": 2,
        "EBIT": 2,
        "Net Income": 1
    },
    "2010-03-31": {
        "Diluted EPS": 0.1,
        "Total Revenue": 9,
        "Gross Profit": 9,
        "Operating Income": 2,
        "EBIT": 2,
        "Net Income": 1
    },
    "2009-12-31": {
        "Diluted EPS": 0.1,
        "Total Revenue": 9,
        "Gross Profit": 9,
        "Operating Income": 2,
        "EBIT": 2,
        "Net Income": 2
    },
    "2009-09-30": {
        "Diluted EPS": 0.09,
        "Total Revenue": 8,
        "Gross Profit": 8,
        "Operating Income": 2,
        "EBIT": 2,
        "Net Income": 1
    },
    "2009-06-30": {
        "Diluted EPS": 0.06,
        "Total Revenue": 6,
        "Gross Profit": 6,
        "Operating Income": 1,
        "EBIT": 1,
        "Net Income": 1
    },
    "2009-03-31": {
        "Diluted EPS": 0.02,
        "Total Revenue": 5,
        "Gross Profit": 5,
        "Operating Income": 0,
        "EBIT": 0,
        "Net Income": 0
    },
    "2023-06-30": {
        "Tax Effect Of Unusual Items": NaN,
        "Tax Rate For Calcs": NaN,
        "Normalized EBITDA": NaN,
        "Total Unusual Items": NaN,
        "Total Unusual Items Excluding Goodwill": NaN,
        "Net Income From Continuing Operation Net Minority Interest": NaN,
        "Reconciled Depreciation": NaN,
        "Reconciled Cost Of Revenue": NaN,
        "EBITDA": NaN,
        "EBIT": NaN,
        "Net Interest Income": NaN,
        "Interest Expense": NaN,
        "Normalized Income": NaN,
        "Net Income From Continuing And Discontinued Operation": NaN,
        "Total Expenses": NaN,
        "Total Operating Income As Reported": NaN,
        "Diluted Average Shares": NaN,
        "Basic Average Shares": NaN,
        "Diluted EPS": NaN,
        "Basic EPS": NaN,
        "Diluted NI Availto Com Stockholders": NaN,
        "Net Income Common Stockholders": NaN,
        "Net Income": NaN,
        "Net Income Including Noncontrolling Interests": NaN,
        "Net Income Continuous Operations": NaN,
        "Tax Provision": NaN,
        "Pretax Income": NaN,
        "Other Income Expense": NaN,
        "Other Non Operating Income Expenses": NaN,
        "Earnings From Equity Interest": 0.0,
        "Gain On Sale Of Security": NaN,
        "Net Non Operating Interest Income Expense": NaN,
        "Interest Expense Non Operating": NaN,
        "Operating Income": NaN,
        "Operating Expense": NaN,
        "Depreciation Amortization Depletion Income Statement": NaN,
        "Depreciation And Amortization In Income Statement": NaN,
        "Depreciation Income Statement": NaN,
        "Selling General And Administration": NaN,
        "Selling And Marketing Expense": NaN,
        "General And Administrative Expense": NaN,
        "Other Gand A": NaN,
        "Gross Profit": NaN,
        "Cost Of Revenue": NaN,
        "Total Revenue": NaN,
        "Operating Revenue": NaN
    },
    "2023-09-30": {
        "Tax Effect Of Unusual Items": NaN,
        "Tax Rate For Calcs": NaN,
        "Normalized EBITDA": NaN,
        "Total Unusual Items": NaN,
        "Total Unusual Items Excluding Goodwill": NaN,
        "Net Income From Continuing Operation Net Minority Interest": NaN,
        "Reconciled Depreciation": NaN,
        "Reconciled Cost Of Revenue": NaN,
        "EBITDA": NaN,
        "EBIT": NaN,
        "Net Interest Income": NaN,
        "Interest Expense": NaN,
        "Normalized Income": NaN,
        "Net Income From Continuing And Discontinued Operation": NaN,
        "Total Expenses": NaN,
        "Total Operating Income As Reported": NaN,
        "Diluted Average Shares": 14465701.0,
        "Basic Average Shares": 14465510.0,
        "Diluted EPS": -0.01,
        "Basic EPS": -0.01,
        "Diluted NI Availto Com Stockholders": NaN,
        "Net Income Common Stockholders": NaN,
        "Net Income": NaN,
        "Net Income Including Noncontrolling Interests": NaN,
        "Net Income Continuous Operations": NaN,
        "Tax Provision": NaN,
        "Pretax Income": NaN,
        "Other Income Expense": NaN,
        "Other Non Operating Income Expenses": NaN,
        "Gain On Sale Of Security": NaN,
        "Net Non Operating Interest Income Expense": NaN,
        "Interest Expense Non Operating": NaN,
        "Operating Income": NaN,
        "Operating Expense": NaN,
        "Depreciation Amortization Depletion Income Statement": NaN,
        "Depreciation And Amortization In Income Statement": NaN,
        "Depreciation Income Statement": NaN,
        "Selling General And Administration": NaN,
        "Selling And Marketing Expense": NaN,
        "General And Administrative Expense": NaN,
        "Other Gand A": NaN,
        "Gross Profit": NaN,
        "Cost Of Revenue": NaN,
        "Total Revenue": NaN,
        "Operating Revenue": NaN
    },
    "2023-12-31": {
        "Tax Effect Of Unusual Items": NaN,
        "Tax Rate For Calcs": NaN,
        "Normalized EBITDA": NaN,
        "Total Unusual Items": NaN,
        "Total Unusual Items Excluding Goodwill": NaN,
        "Net Income From Continuing Operation Net Minority Interest": NaN,
        "Reconciled Depreciation": NaN,
        "Reconciled Cost Of Revenue": NaN,
        "EBITDA": NaN,
        "EBIT": NaN,
        "Net Interest Income": NaN,
        "Interest Expense": NaN,
        "Normalized Income": NaN,
        "Net Income From Continuing And Discontinued Operation": NaN,
        "Total Expenses": NaN,
        "Total Operating Income As Reported": NaN,
        "Diluted Average Shares": 14291396.0,
        "Basic Average Shares": 14291328.0,
        "Diluted EPS": 0.09,
        "Basic EPS": 0.09,
        "Diluted NI Availto Com Stockholders": NaN,
        "Net Income Common Stockholders": NaN,
        "Net Income": NaN,
        "Net Income Including Noncontrolling Interests": NaN,
        "Net Income Continuous Operations": NaN,
        "Tax Provision": NaN,
        "Pretax Income": NaN,
        "Other Income Expense": NaN,
        "Other Non Operating Income Expenses": NaN,
        "Gain On Sale Of Security": NaN,
        "Net Non Operating Interest Income Expense": NaN,
        "Interest Expense Non Operating": NaN,
        "Operating Income": NaN,
        "Operating Expense": NaN,
        "Depreciation Amortization Depletion Income Statement": NaN,
        "Depreciation And Amortization In Income Statement": NaN,
        "Depreciation Income Statement": NaN,
        "Selling General And Administration": NaN,
        "Selling And Marketing Expense": NaN,
        "General And Administrative Expense": NaN,
        "Other Gand A": NaN,
        "Gross Profit": NaN,
        "Cost Of Revenue": NaN,
        "Total Revenue": NaN,
        "Operating Revenue": NaN
    },
    "2024-03-31": {
        "Tax Effect Of Unusual Items": NaN,
        "Tax Rate For Calcs": NaN,
        "Normalized EBITDA": NaN,
        "Total Unusual Items": NaN,
        "Total Unusual Items Excluding Goodwill": NaN,
        "Net Income From Continuing Operation Net Minority Interest": NaN,
        "Reconciled Depreciation": NaN,
        "Reconciled Cost Of Revenue": NaN,
        "EBITDA": NaN,
        "EBIT": NaN,
        "Net Interest Income": NaN,
        "Interest Expense": NaN,
        "Normalized Income": NaN,
        "Net Income From Continuing And Discontinued Operation": NaN,
        "Total Expenses": NaN,
        "Total Operating Income As Reported": NaN,
        "Diluted Average Shares": 14077042.0,
        "Basic Average Shares": 14077042.0,
        "Diluted EPS": 0.0,
        "Basic EPS": 0.0,
        "Diluted NI Availto Com Stockholders": NaN,
        "Net Income Common Stockholders": NaN,
        "Net Income": NaN,
        "Net Income Including Noncontrolling Interests": NaN,
        "Net Income Continuous Operations": NaN,
        "Tax Provision": NaN,
        "Pretax Income": NaN,
        "Other Income Expense": NaN,
        "Other Non Operating Income Expenses": NaN,
        "Gain On Sale Of Security": NaN,
        "Net Non Operating Interest Income Expense": NaN,
        "Interest Expense Non Operating": NaN,
        "Operating Income": NaN,
        "Operating Expense": NaN,
        "Depreciation Amortization Depletion Income Statement": NaN,
        "Depreciation And Amortization In Income Statement": NaN,
        "Depreciation Income Statement": NaN,
        "Selling General And Administration": NaN,
        "Selling And Marketing Expense": NaN,
        "General And Administrative Expense": NaN,
        "Other Gand A": NaN,
        "Gross Profit": NaN,
        "Cost Of Revenue": NaN,
        "Total Revenue": NaN,
        "Operating Revenue": NaN
    },
    "2024-06-30": {
        "Tax Effect Of Unusual Items": 235512.195122,
        "Tax Rate For Calcs": 0.301552,
        "Normalized EBITDA": -296000.0,
        "Total Unusual Items": 781000.0,
        "Total Unusual Items Excluding Goodwill": 781000.0,
        "Net Income From Continuing Operation Net Minority Interest": 315000.0,
        "Reconciled Depreciation": -36000.0,
        "Reconciled Cost Of Revenue": 1426000.0,
        "EBITDA": 485000.0,
        "EBIT": 452000.0,
        "Net Interest Income": -1000.0,
        "Interest Expense": 1000.0,
        "Normalized Income": -230487.804878,
        "Net Income From Continuing And Discontinued Operation": 315000.0,
        "Total Expenses": 2837000.0,
        "Total Operating Income As Reported": -398000.0,
        "Diluted Average Shares": NaN,
        "Basic Average Shares": NaN,
        "Diluted EPS": NaN,
        "Basic EPS": NaN,
        "Diluted NI Availto Com Stockholders": 315000.0,
        "Net Income Common Stockholders": 315000.0,
        "Net Income": 315000.0,
        "Net Income Including Noncontrolling Interests": 315000.0,
        "Net Income Continuous Operations": 315000.0,
        "Tax Provision": 136000.0,
        "Pretax Income": 451000.0,
        "Other Income Expense": 849000.0,
        "Other Non Operating Income Expenses": 68000.0,
        "Gain On Sale Of Security": 781000.0,
        "Net Non Operating Interest Income Expense": -1000.0,
        "Interest Expense Non Operating": 1000.0,
        "Operating Income": -397000.0,
        "Operating Expense": 1480000.0,
        "Depreciation Amortization Depletion Income Statement": 33000.0,
        "Depreciation And Amortization In Income Statement": 33000.0,
        "Depreciation Income Statement": 33000.0,
        "Selling General And Administration": 1447000.0,
        "Selling And Marketing Expense": 113000.0,
        "General And Administrative Expense": 1334000.0,
        "Other Gand A": 1334000.0,
        "Gross Profit": 1083000.0,
        "Cost Of Revenue": 1357000.0,
        "Total Revenue": 2440000.0,
        "Operating Revenue": 2440000.0
    },
    "2024-09-30": {
        "Tax Effect Of Unusual Items": 254488.53211,
        "Tax Rate For Calcs": 0.277523,
        "Normalized EBITDA": -458000.0,
        "Total Unusual Items": 917000.0,
        "Total Unusual Items Excluding Goodwill": 917000.0,
        "Net Income From Continuing Operation Net Minority Interest": 315000.0,
        "Reconciled Depreciation": -38000.0,
        "Reconciled Cost Of Revenue": 1141000.0,
        "EBITDA": 459000.0,
        "EBIT": 437000.0,
        "Net Interest Income": -1000.0,
        "Interest Expense": 1000.0,
        "Normalized Income": -347511.46789,
        "Net Income From Continuing And Discontinued Operation": 315000.0,
        "Total Expenses": 2715000.0,
        "Total Operating Income As Reported": -559000.0,
        "Diluted Average Shares": 13714517.0,
        "Basic Average Shares": 13714517.0,
        "Diluted EPS": 0.02,
        "Basic EPS": 0.02,
        "Diluted NI Availto Com Stockholders": 315000.0,
        "Net Income Common Stockholders": 315000.0,
        "Net Income": 315000.0,
        "Net Income Including Noncontrolling Interests": 315000.0,
        "Net Income Continuous Operations": 315000.0,
        "Tax Provision": 121000.0,
        "Pretax Income": 436000.0,
        "Other Income Expense": 995000.0,
        "Other Non Operating Income Expenses": 78000.0,
        "Gain On Sale Of Security": 917000.0,
        "Net Non Operating Interest Income Expense": -1000.0,
        "Interest Expense Non Operating": 1000.0,
        "Operating Income": -558000.0,
        "Operating Expense": 1634000.0,
        "Depreciation Amortization Depletion Income Statement": 22000.0,
        "Depreciation And Amortization In Income Statement": 22000.0,
        "Depreciation Income Statement": 22000.0,
        "Selling General And Administration": 1612000.0,
        "Selling And Marketing Expense": 109000.0,
        "General And Administrative Expense": 1503000.0,
        "Other Gand A": 1503000.0,
        "Gross Profit": 1076000.0,
        "Cost Of Revenue": 1081000.0,
        "Total Revenue": 2157000.0,
        "Operating Revenue": 2157000.0
    },
    "2024-12-31": {
        "Tax Effect Of Unusual Items": 91686.0,
        "Tax Rate For Calcs": 0.259,
        "Normalized EBITDA": -454000.0,
        "Total Unusual Items": 354000.0,
        "Total Unusual Items Excluding Goodwill": 354000.0,
        "Net Income From Continuing Operation Net Minority Interest": -86000.0,
        "Reconciled Depreciation": -34000.0,
        "Reconciled Cost Of Revenue": 1276000.0,
        "EBITDA": -100000.0,
        "EBIT": -116000.0,
        "Net Interest Income": 0.0,
        "Interest Expense": 0.0,
        "Normalized Income": -348314.0,
        "Net Income From Continuing And Discontinued Operation": -86000.0,
        "Total Expenses": 2770000.0,
        "Total Operating Income As Reported": -539000.0,
        "Diluted Average Shares": 13498306.0,
        "Basic Average Shares": 13497961.0,
        "Diluted EPS": -0.01,
        "Basic EPS": -0.01,
        "Diluted NI Availto Com Stockholders": -86000.0,
        "Net Income Common Stockholders": -86000.0,
        "Net Income": -86000.0,
        "Net Income Including Noncontrolling Interests": -86000.0,
        "Net Income Continuous Operations": -86000.0,
        "Tax Provision": -30000.0,
        "Pretax Income": -116000.0,
        "Other Income Expense": 423000.0,
        "Other Non Operating Income Expenses": 69000.0,
        "Gain On Sale Of Security": 354000.0,
        "Net Non Operating Interest Income Expense": 0.0,
        "Interest Expense Non Operating": 0.0,
        "Operating Income": -539000.0,
        "Operating Expense": 1544000.0,
        "Depreciation Amortization Depletion Income Statement": 16000.0,
        "Depreciation And Amortization In Income Statement": 16000.0,
        "Depreciation Income Statement": 16000.0,
        "Selling General And Administration": 1528000.0,
        "Selling And Marketing Expense": 135000.0,
        "General And Administrative Expense": 1393000.0,
        "Other Gand A": 1393000.0,
        "Gross Profit": 1005000.0,
        "Cost Of Revenue": 1226000.0,
        "Total Revenue": 2231000.0,
        "Operating Revenue": 2231000.0
    },
    "2025-03-31": {
        "Tax Effect Of Unusual Items": 115080.0,
        "Tax Rate For Calcs": 0.21,
        "Normalized EBITDA": -782000.0,
        "Total Unusual Items": 548000.0,
        "Total Unusual Items Excluding Goodwill": 548000.0,
        "Net Income From Continuing Operation Net Minority Interest": -382000.0,
        "Reconciled Depreciation": -28000.0,
        "Reconciled Cost Of Revenue": 1329000.0,
        "EBITDA": -234000.0,
        "EBIT": -245000.0,
        "Net Interest Income": 0.0,
        "Interest Expense": 0.0,
        "Normalized Income": -814920.0,
        "Net Income From Continuing And Discontinued Operation": -382000.0,
        "Total Expenses": 2996000.0,
        "Total Operating Income As Reported": -893000.0,
        "Diluted Average Shares": 13024441.0,
        "Basic Average Shares": 13023636.0,
        "Diluted EPS": -0.03,
        "Basic EPS": -0.03,
        "Diluted NI Availto Com Stockholders": -382000.0,
        "Net Income Common Stockholders": -382000.0,
        "Net Income": -382000.0,
        "Net Income Including Noncontrolling Interests": -382000.0,
        "Net Income Continuous Operations": -382000.0,
        "Tax Provision": 137000.0,
        "Pretax Income": -245000.0,
        "Other Income Expense": 648000.0,
        "Other Non Operating Income Expenses": 100000.0,
        "Gain On Sale Of Security": 548000.0,
        "Net Non Operating Interest Income Expense": 0.0,
        "Interest Expense Non Operating": 0.0,
        "Operating Income": -893000.0,
        "Operating Expense": 1706000.0,
        "Depreciation Amortization Depletion Income Statement": 11000.0,
        "Depreciation And Amortization In Income Statement": 11000.0,
        "Depreciation Income Statement": 11000.0,
        "Selling General And Administration": 1695000.0,
        "Selling And Marketing Expense": 243000.0,
        "General And Administrative Expense": 1452000.0,
        "Other Gand A": 1452000.0,
        "Gross Profit": 813000.0,
        "Cost Of Revenue": 1290000.0,
        "Total Revenue": 2103000.0,
        "Operating Revenue": 2103000.0
    },
    "2025-06-30": {
        "Tax Effect Of Unusual Items": 120540.0,
        "Tax Rate For Calcs": 0.21,
        "Normalized EBITDA": -901000.0,
        "Total Unusual Items": 574000.0,
        "Total Unusual Items Excluding Goodwill": 574000.0,
        "Net Income From Continuing Operation Net Minority Interest": -181000.0,
        "Reconciled Depreciation": -18000.0,
        "Reconciled Cost Of Revenue": 1363000.0,
        "EBITDA": -327000.0,
        "EBIT": -338000.0,
        "Net Interest Income": 0.0,
        "Interest Expense": 0.0,
        "Normalized Income": -634460.0,
        "Net Income From Continuing And Discontinued Operation": -181000.0,
        "Total Expenses": 2956000.0,
        "Total Operating Income As Reported": -996000.0,
        "Diluted Average Shares": NaN,
        "Basic Average Shares": NaN,
        "Diluted EPS": NaN,
        "Basic EPS": NaN,
        "Diluted NI Availto Com Stockholders": -181000.0,
        "Net Income Common Stockholders": -181000.0,
        "Net Income": -181000.0,
        "Net Income Including Noncontrolling Interests": -181000.0,
        "Net Income Continuous Operations": -181000.0,
        "Tax Provision": -157000.0,
        "Pretax Income": -338000.0,
        "Other Income Expense": 658000.0,
        "Other Non Operating Income Expenses": 84000.0,
        "Gain On Sale Of Security": 574000.0,
        "Net Non Operating Interest Income Expense": 0.0,
        "Interest Expense Non Operating": 0.0,
        "Operating Income": -996000.0,
        "Operating Expense": 1622000.0,
        "Depreciation Amortization Depletion Income Statement": 11000.0,
        "Depreciation And Amortization In Income Statement": 11000.0,
        "Depreciation Income Statement": 11000.0,
        "Selling General And Administration": 1611000.0,
        "Selling And Marketing Expense": 163000.0,
        "General And Administrative Expense": 1448000.0,
        "Other Gand A": 1448000.0,
        "Gross Profit": 626000.0,
        "Cost Of Revenue": 1334000.0,
        "Total Revenue": 1960000.0,
        "Operating Revenue": 1960000.0
    },
    "2025-09-30": {
        "Tax Effect Of Unusual Items": 416132.863341,
        "Tax Rate For Calcs": 0.182755,
        "Normalized EBITDA": -420000.0,
        "Total Unusual Items": 2277000.0,
        "Total Unusual Items Excluding Goodwill": 2277000.0,
        "Net Income From Continuing Operation Net Minority Interest": 1507000.0,
        "Reconciled Depreciation": -9000.0,
        "Reconciled Cost Of Revenue": 1202000.0,
        "EBITDA": 1857000.0,
        "EBIT": 1846000.0,
        "Net Interest Income": -2000.0,
        "Interest Expense": 2000.0,
        "Normalized Income": -353867.136659,
        "Net Income From Continuing And Discontinued Operation": 1507000.0,
        "Total Expenses": 2764000.0,
        "Total Operating Income As Reported": -515000.0,
        "Diluted Average Shares": 12974543.0,
        "Basic Average Shares": 12971512.0,
        "Diluted EPS": 0.12,
        "Basic EPS": 0.12,
        "Diluted NI Availto Com Stockholders": 1507000.0,
        "Net Income Common Stockholders": 1507000.0,
        "Net Income": 1507000.0,
        "Net Income Including Noncontrolling Interests": 1507000.0,
        "Net Income Continuous Operations": 1507000.0,
        "Tax Provision": 337000.0,
        "Pretax Income": 1844000.0,
        "Other Income Expense": 2359000.0,
        "Other Non Operating Income Expenses": 82000.0,
        "Gain On Sale Of Security": 2277000.0,
        "Net Non Operating Interest Income Expense": -2000.0,
        "Interest Expense Non Operating": 2000.0,
        "Operating Income": -513000.0,
        "Operating Expense": 1582000.0,
        "Depreciation Amortization Depletion Income Statement": 11000.0,
        "Depreciation And Amortization In Income Statement": 11000.0,
        "Depreciation Income Statement": 11000.0,
        "Selling General And Administration": 1571000.0,
        "Selling And Marketing Expense": 161000.0,
        "General And Administrative Expense": 1410000.0,
        "Other Gand A": 1410000.0,
        "Gross Profit": 1069000.0,
        "Cost Of Revenue": 1182000.0,
        "Total Revenue": 2251000.0,
        "Operating Revenue": 2251000.0
    }
}