{
    "2023-12-31": {
        "Tax Effect Of Unusual Items": 0.0,
        "Tax Rate For Calcs": 0.16204,
        "Normalized EBITDA": 8095690.0,
        "Total Unusual Items": 6313970.0,
        "Total Unusual Items Excluding Goodwill": 6313970.0,
        "Net Income From Continuing Operation Net Minority Interest": 6594041.0,
        "Reconciled Depreciation": NaN,
        "Reconciled Cost Of Revenue": 11035462.0,
        "EBITDA": 8095690.0,
        "EBIT": 8095690.0,
        "Net Interest Income": 19140.0,
        "Interest Expense": 226532.0,
        "Interest Income": 245672.0,
        "Normalized Income": 6594041.0,
        "Net Income From Continuing And Discontinued Operation": 6594041.0,
        "Total Expenses": 28794200.0,
        "Total Operating Income As Reported": 7850018.0,
        "Diluted Average Shares": NaN,
        "Basic Average Shares": NaN,
        "Diluted EPS": NaN,
        "Basic EPS": NaN,
        "Diluted NI Availto Com Stockholders": 6594041.0,
        "Net Income Common Stockholders": 6594041.0,
        "Net Income": 6594041.0,
        "Net Income Including Noncontrolling Interests": 6594041.0,
        "Net Income Continuous Operations": 6594041.0,
        "Tax Provision": 1275117.0,
        "Pretax Income": 7869158.0,
        "Other Income Expense": 9912683.0,
        "Other Non Operating Income Expenses": 3598713.0,
        "Special Income Charges": 263143.0,
        "Restructuring And Mergern Acquisition": 0.0,
        "Gain On Sale Of Security": NaN,
        "Net Non Operating Interest Income Expense": 19140.0,
        "Interest Expense Non Operating": 226532.0,
        "Interest Income Non Operating": 245672.0,
        "Operating Income": -2062665.0,
        "Operating Expense": 17758738.0,
        "Research And Development": 343307.0,
        "Selling General And Administration": 5262333.0,
        "Selling And Marketing Expense": 337949.0,
        "General And Administrative Expense": 4924384.0,
        "Other Gand A": 4924384.0,
        "Gross Profit": 15696073.0,
        "Cost Of Revenue": 11035462.0,
        "Total Revenue": 26731535.0,
        "Operating Revenue": 26731535.0
    },
    "2023-09-30": {
        "Tax Effect Of Unusual Items": 0.0,
        "Tax Rate For Calcs": 0.136423,
        "Normalized EBITDA": 16625019.0,
        "Total Unusual Items": -776931.0,
        "Total Unusual Items Excluding Goodwill": -776931.0,
        "Net Income From Continuing Operation Net Minority Interest": 14171331.0,
        "Reconciled Depreciation": NaN,
        "Reconciled Cost Of Revenue": 5690103.0,
        "EBITDA": 16625019.0,
        "EBIT": 16625019.0,
        "Net Interest Income": -90765.0,
        "Interest Expense": 214987.0,
        "Interest Income": 124222.0,
        "Normalized Income": 14171331.0,
        "Net Income From Continuing And Discontinued Operation": 14171331.0,
        "Total Expenses": 10591470.0,
        "Total Operating Income As Reported": 16500797.0,
        "Diluted Average Shares": NaN,
        "Basic Average Shares": NaN,
        "Diluted EPS": NaN,
        "Basic EPS": NaN,
        "Diluted NI Availto Com Stockholders": 14171331.0,
        "Net Income Common Stockholders": 14171331.0,
        "Net Income": 14171331.0,
        "Net Income Including Noncontrolling Interests": 14171331.0,
        "Net Income Continuous Operations": 14171331.0,
        "Tax Provision": 2238701.0,
        "Pretax Income": 16410032.0,
        "Other Income Expense": -4441854.0,
        "Other Non Operating Income Expenses": -3664923.0,
        "Special Income Charges": 257.0,
        "Restructuring And Mergern Acquisition": NaN,
        "Gain On Sale Of Security": NaN,
        "Net Non Operating Interest Income Expense": -90765.0,
        "Interest Expense Non Operating": 214987.0,
        "Interest Income Non Operating": 124222.0,
        "Operating Income": 20942651.0,
        "Operating Expense": 4901367.0,
        "Research And Development": 585868.0,
        "Selling General And Administration": 4315499.0,
        "Selling And Marketing Expense": 323533.0,
        "General And Administrative Expense": 3991966.0,
        "Other Gand A": 3991966.0,
        "Gross Profit": 25844018.0,
        "Cost Of Revenue": 5690103.0,
        "Total Revenue": 31534121.0,
        "Operating Revenue": 31534121.0
    },
    "2025-03-31": {
        "Tax Effect Of Unusual Items": -1251229.0,
        "Tax Rate For Calcs": 0.2,
        "Normalized EBITDA": 2957322.0,
        "Total Unusual Items": -6256145.0,
        "Total Unusual Items Excluding Goodwill": -6256145.0,
        "Net Income From Continuing Operation Net Minority Interest": -4558307.0,
        "Reconciled Depreciation": 307470.0,
        "Reconciled Cost Of Revenue": 11850617.0,
        "EBITDA": -3298823.0,
        "EBIT": -3606293.0,
        "Net Interest Income": 407800.0,
        "Interest Expense": 154992.0,
        "Interest Income": 562792.0,
        "Normalized Income": 446609.0,
        "Net Income From Continuing And Discontinued Operation": -4558307.0,
        "Total Expenses": 16209803.0,
        "Total Operating Income As Reported": -4169085.0,
        "Diluted Average Shares": 19497913.0,
        "Basic Average Shares": 19497913.0,
        "Diluted EPS": -0.23,
        "Basic EPS": -0.23,
        "Diluted NI Availto Com Stockholders": -4558307.0,
        "Net Income Common Stockholders": -4558307.0,
        "Net Income": -4558307.0,
        "Net Income Including Noncontrolling Interests": -4558307.0,
        "Net Income Continuous Operations": -4558307.0,
        "Tax Provision": 797022.0,
        "Pretax Income": -3761285.0,
        "Other Income Expense": -6218281.0,
        "Other Non Operating Income Expenses": 37864.0,
        "Gain On Sale Of Security": -6256145.0,
        "Net Non Operating Interest Income Expense": 407800.0,
        "Interest Expense Non Operating": 154992.0,
        "Interest Income Non Operating": 562792.0,
        "Operating Income": 2049196.0,
        "Operating Expense": 4359186.0,
        "Research And Development": 570240.0,
        "Selling General And Administration": 3788946.0,
        "Selling And Marketing Expense": 330647.0,
        "General And Administrative Expense": 3458299.0,
        "Other Gand A": 3458299.0,
        "Gross Profit": 6408382.0,
        "Cost Of Revenue": 11850617.0,
        "Total Revenue": 18258999.0,
        "Operating Revenue": 18258999.0
    },
    "2024-06-30": {
        "Tax Effect Of Unusual Items": 43882.963962,
        "Tax Rate For Calcs": 0.006516,
        "Normalized EBITDA": 7046122.0,
        "Total Unusual Items": 6734738.0,
        "Total Unusual Items Excluding Goodwill": 6734738.0,
        "Net Income From Continuing Operation Net Minority Interest": 13134414.0,
        "Reconciled Depreciation": 362486.0,
        "Reconciled Cost Of Revenue": 1696199.0,
        "EBITDA": 13780860.0,
        "EBIT": 13418374.0,
        "Net Interest Income": 21341.0,
        "Interest Expense": 197816.0,
        "Interest Income": 219157.0,
        "Normalized Income": 6443558.963962,
        "Net Income From Continuing And Discontinued Operation": 13134414.0,
        "Total Expenses": 5537767.0,
        "Total Operating Income As Reported": 13199217.0,
        "Diluted Average Shares": NaN,
        "Basic Average Shares": NaN,
        "Diluted EPS": NaN,
        "Basic EPS": NaN,
        "Diluted NI Availto Com Stockholders": 13134414.0,
        "Net Income Common Stockholders": 13134414.0,
        "Net Income": 13134414.0,
        "Net Income Including Noncontrolling Interests": 13134414.0,
        "Net Income Continuous Operations": 13134414.0,
        "Tax Provision": 86144.0,
        "Pretax Income": 13220558.0,
        "Other Income Expense": 6798361.0,
        "Other Non Operating Income Expenses": 63623.0,
        "Gain On Sale Of Security": 6734665.0,
        "Net Non Operating Interest Income Expense": 21341.0,
        "Interest Expense Non Operating": 197816.0,
        "Interest Income Non Operating": 219157.0,
        "Operating Income": 6400856.0,
        "Operating Expense": 3841568.0,
        "Research And Development": 303479.0,
        "Selling General And Administration": 3173449.0,
        "Selling And Marketing Expense": 278474.0,
        "General And Administrative Expense": 2894975.0,
        "Other Gand A": 2894975.0,
        "Gross Profit": 10242424.0,
        "Cost Of Revenue": 1696199.0,
        "Total Revenue": 11938623.0,
        "Operating Revenue": 11938623.0
    },
    "2024-03-31": {
        "Tax Effect Of Unusual Items": NaN,
        "Tax Rate For Calcs": NaN,
        "Normalized EBITDA": NaN,
        "Total Unusual Items": NaN,
        "Total Unusual Items Excluding Goodwill": NaN,
        "Net Income From Continuing Operation Net Minority Interest": NaN,
        "Reconciled Depreciation": NaN,
        "Reconciled Cost Of Revenue": NaN,
        "EBITDA": NaN,
        "EBIT": NaN,
        "Net Interest Income": NaN,
        "Interest Expense": NaN,
        "Interest Income": NaN,
        "Normalized Income": NaN,
        "Net Income From Continuing And Discontinued Operation": NaN,
        "Total Expenses": NaN,
        "Total Operating Income As Reported": NaN,
        "Diluted Average Shares": 7864962.0,
        "Basic Average Shares": 7864962.0,
        "Diluted EPS": -1.47,
        "Basic EPS": -1.47,
        "Diluted NI Availto Com Stockholders": NaN,
        "Net Income Common Stockholders": NaN,
        "Net Income": NaN,
        "Net Income Including Noncontrolling Interests": NaN,
        "Net Income Continuous Operations": NaN,
        "Tax Provision": NaN,
        "Pretax Income": NaN,
        "Other Income Expense": NaN,
        "Other Non Operating Income Expenses": NaN,
        "Gain On Sale Of Security": NaN,
        "Net Non Operating Interest Income Expense": NaN,
        "Interest Expense Non Operating": NaN,
        "Interest Income Non Operating": NaN,
        "Operating Income": NaN,
        "Operating Expense": NaN,
        "Research And Development": NaN,
        "Selling General And Administration": NaN,
        "Selling And Marketing Expense": NaN,
        "General And Administrative Expense": NaN,
        "Other Gand A": NaN,
        "Gross Profit": NaN,
        "Cost Of Revenue": NaN,
        "Total Revenue": NaN,
        "Operating Revenue": NaN
    },
    "2025-06-30": {
        "Tax Effect Of Unusual Items": -741719.796737,
        "Tax Rate For Calcs": 0.108644,
        "Normalized EBITDA": 2876343.0,
        "Total Unusual Items": -6827066.0,
        "Total Unusual Items Excluding Goodwill": -6827066.0,
        "Net Income From Continuing Operation Net Minority Interest": -3944753.0,
        "Reconciled Depreciation": 336160.0,
        "Reconciled Cost Of Revenue": 14026387.0,
        "EBITDA": -3950723.0,
        "EBIT": -4286883.0,
        "Net Interest Income": 475798.0,
        "Interest Expense": 138681.0,
        "Interest Income": 614479.0,
        "Normalized Income": 2140593.203263,
        "Net Income From Continuing And Discontinued Operation": -3944753.0,
        "Total Expenses": 18906487.0,
        "Total Operating Income As Reported": -4901362.0,
        "Diluted Average Shares": NaN,
        "Basic Average Shares": NaN,
        "Diluted EPS": NaN,
        "Basic EPS": NaN,
        "Diluted NI Availto Com Stockholders": -3944753.0,
        "Net Income Common Stockholders": -3944753.0,
        "Net Income": -3944753.0,
        "Net Income Including Noncontrolling Interests": -3944753.0,
        "Net Income Continuous Operations": -3944753.0,
        "Tax Provision": -480811.0,
        "Pretax Income": -4425564.0,
        "Other Income Expense": -7061715.0,
        "Other Non Operating Income Expenses": -234649.0,
        "Gain On Sale Of Security": -6827066.0,
        "Net Non Operating Interest Income Expense": 475798.0,
        "Interest Expense Non Operating": 138681.0,
        "Interest Income Non Operating": 614479.0,
        "Operating Income": 2160353.0,
        "Operating Expense": 4880100.0,
        "Research And Development": 655899.0,
        "Selling General And Administration": 4224201.0,
        "Selling And Marketing Expense": 411945.0,
        "General And Administrative Expense": 3812256.0,
        "Other Gand A": 3812256.0,
        "Gross Profit": 7040453.0,
        "Cost Of Revenue": 14026387.0,
        "Total Revenue": 21066840.0,
        "Operating Revenue": 21066840.0
    },
    "2025-09-30": {
        "Tax Effect Of Unusual Items": -648850.2,
        "Tax Rate For Calcs": 0.2,
        "Normalized EBITDA": 5155673.0,
        "Total Unusual Items": -3244251.0,
        "Total Unusual Items Excluding Goodwill": -3244251.0,
        "Net Income From Continuing Operation Net Minority Interest": -28249.0,
        "Reconciled Depreciation": 363509.0,
        "Reconciled Cost Of Revenue": 16600038.0,
        "EBITDA": 1911422.0,
        "EBIT": 1547913.0,
        "Net Interest Income": 987898.0,
        "Interest Expense": 135251.0,
        "Interest Income": 1123149.0,
        "Normalized Income": 2567151.8,
        "Net Income From Continuing And Discontinued Operation": -28249.0,
        "Total Expenses": 23006472.0,
        "Total Operating Income As Reported": 424764.0,
        "Diluted Average Shares": NaN,
        "Basic Average Shares": NaN,
        "Diluted EPS": NaN,
        "Basic EPS": NaN,
        "Diluted NI Availto Com Stockholders": -28249.0,
        "Net Income Common Stockholders": -28249.0,
        "Net Income": -28249.0,
        "Net Income Including Noncontrolling Interests": -28249.0,
        "Net Income Continuous Operations": -28249.0,
        "Tax Provision": 1440911.0,
        "Pretax Income": 1412662.0,
        "Other Income Expense": -3046178.0,
        "Other Non Operating Income Expenses": 198073.0,
        "Gain On Sale Of Security": -3244251.0,
        "Net Non Operating Interest Income Expense": 987898.0,
        "Interest Expense Non Operating": 135251.0,
        "Interest Income Non Operating": 1123149.0,
        "Operating Income": 3470942.0,
        "Operating Expense": 6406434.0,
        "Research And Development": 825159.0,
        "Selling General And Administration": 5581275.0,
        "Selling And Marketing Expense": 380500.0,
        "General And Administrative Expense": 5200775.0,
        "Other Gand A": 5200775.0,
        "Gross Profit": 9877376.0,
        "Cost Of Revenue": 16600038.0,
        "Total Revenue": 26477414.0,
        "Operating Revenue": 26477414.0
    },
    "2024-12-31": {
        "Tax Effect Of Unusual Items": -3872340.574033,
        "Tax Rate For Calcs": 0.056702,
        "Normalized EBITDA": 6619123.0,
        "Total Unusual Items": -68292364.0,
        "Total Unusual Items Excluding Goodwill": -68292364.0,
        "Net Income From Continuing Operation Net Minority Interest": -58624718.0,
        "Reconciled Depreciation": 309380.0,
        "Reconciled Cost Of Revenue": 23815807.0,
        "EBITDA": -61673241.0,
        "EBIT": -61982621.0,
        "Net Interest Income": 560356.0,
        "Interest Expense": 166077.0,
        "Interest Income": 726433.0,
        "Normalized Income": 5795305.425967,
        "Net Income From Continuing And Discontinued Operation": -58624718.0,
        "Total Expenses": 28446604.0,
        "Total Operating Income As Reported": -62709054.0,
        "Diluted Average Shares": NaN,
        "Basic Average Shares": NaN,
        "Diluted EPS": NaN,
        "Basic EPS": NaN,
        "Diluted NI Availto Com Stockholders": -58624718.0,
        "Net Income Common Stockholders": -58624718.0,
        "Net Income": -58624718.0,
        "Net Income Including Noncontrolling Interests": -58624718.0,
        "Net Income Continuous Operations": -58624718.0,
        "Tax Provision": -3523980.0,
        "Pretax Income": -62148698.0,
        "Other Income Expense": -68206879.0,
        "Other Non Operating Income Expenses": 85485.0,
        "Gain On Sale Of Security": -67860246.0,
        "Net Non Operating Interest Income Expense": 560356.0,
        "Interest Expense Non Operating": 166077.0,
        "Interest Income Non Operating": 726433.0,
        "Operating Income": 5497825.0,
        "Operating Expense": 4630797.0,
        "Research And Development": 565381.0,
        "Selling General And Administration": 3168246.0,
        "Selling And Marketing Expense": 237881.0,
        "General And Administrative Expense": 2930365.0,
        "Other Gand A": 2930365.0,
        "Gross Profit": 10128622.0,
        "Cost Of Revenue": 23815807.0,
        "Total Revenue": 33944429.0,
        "Operating Revenue": 33944429.0
    },
    "2024-09-30": {
        "Tax Effect Of Unusual Items": -2353341.0,
        "Tax Rate For Calcs": 0.2,
        "Normalized EBITDA": 6578274.0,
        "Total Unusual Items": -11766705.0,
        "Total Unusual Items Excluding Goodwill": -11766705.0,
        "Net Income From Continuing Operation Net Minority Interest": -7781486.0,
        "Reconciled Depreciation": 367954.0,
        "Reconciled Cost Of Revenue": 10554363.0,
        "EBITDA": -5188431.0,
        "EBIT": -5556385.0,
        "Net Interest Income": 300539.0,
        "Interest Expense": 149826.0,
        "Interest Income": 450365.0,
        "Normalized Income": 1631878.0,
        "Net Income From Continuing And Discontinued Operation": -7781486.0,
        "Total Expenses": 14236340.0,
        "Total Operating Income As Reported": -6006750.0,
        "Diluted Average Shares": NaN,
        "Basic Average Shares": NaN,
        "Diluted EPS": NaN,
        "Basic EPS": NaN,
        "Diluted NI Availto Com Stockholders": -7781486.0,
        "Net Income Common Stockholders": -7781486.0,
        "Net Income": -7781486.0,
        "Net Income Including Noncontrolling Interests": -7781486.0,
        "Net Income Continuous Operations": -7781486.0,
        "Tax Provision": 2075275.0,
        "Pretax Income": -5706211.0,
        "Other Income Expense": -11825320.0,
        "Other Non Operating Income Expenses": -58615.0,
        "Gain On Sale Of Security": -11766632.0,
        "Net Non Operating Interest Income Expense": 300539.0,
        "Interest Expense Non Operating": 149826.0,
        "Interest Income Non Operating": 450365.0,
        "Operating Income": 5818570.0,
        "Operating Expense": 3681977.0,
        "Research And Development": 394980.0,
        "Selling General And Administration": 3651637.0,
        "Selling And Marketing Expense": 188784.0,
        "General And Administrative Expense": 3462853.0,
        "Other Gand A": 3462853.0,
        "Gross Profit": 9500547.0,
        "Cost Of Revenue": 10554363.0,
        "Total Revenue": 20054910.0,
        "Operating Revenue": 20054910.0
    }
}