{
    "2023-03-31": {
        "Tax Effect Of Unusual Items": 0.0,
        "Tax Rate For Calcs": 0.0,
        "Normalized EBITDA": -13466000.0,
        "Total Unusual Items": -1000.0,
        "Total Unusual Items Excluding Goodwill": -1000.0,
        "Net Income From Continuing Operation Net Minority Interest": -17710000.0,
        "Reconciled Depreciation": 20000.0,
        "EBITDA": -13467000.0,
        "EBIT": -13487000.0,
        "Net Interest Income": -3828000.0,
        "Interest Expense": 4223000.0,
        "Interest Income": 395000.0,
        "Normalized Income": -17709000.0,
        "Net Income From Continuing And Discontinued Operation": -17710000.0,
        "Total Expenses": 13881000.0,
        "Total Operating Income As Reported": -13881000.0,
        "Diluted Average Shares": 35196134.0,
        "Basic Average Shares": 35196134.0,
        "Diluted EPS": -0.5,
        "Basic EPS": -0.5,
        "Diluted NI Availto Com Stockholders": -17710000.0,
        "Net Income Common Stockholders": -17710000.0,
        "Net Income": -17710000.0,
        "Net Income Including Noncontrolling Interests": -17710000.0,
        "Net Income Continuous Operations": -17710000.0,
        "Pretax Income": -17710000.0,
        "Other Income Expense": -1000.0,
        "Special Income Charges": NaN,
        "Gain On Sale Of Ppe": NaN,
        "Restructuring And Mergern Acquisition": NaN,
        "Gain On Sale Of Security": -1000.0,
        "Net Non Operating Interest Income Expense": -3828000.0,
        "Interest Expense Non Operating": 4223000.0,
        "Interest Income Non Operating": 395000.0,
        "Operating Income": -13881000.0,
        "Operating Expense": 13881000.0,
        "Research And Development": 7272000.0,
        "Selling General And Administration": 6609000.0,
        "General And Administrative Expense": 6609000.0,
        "Other Gand A": 6609000.0,
        "Total Revenue": 0.0,
        "Operating Revenue": 0.0
    },
    "2022-12-31": {
        "Tax Effect Of Unusual Items": NaN,
        "Tax Rate For Calcs": NaN,
        "Normalized EBITDA": NaN,
        "Total Unusual Items": -26000.0,
        "Total Unusual Items Excluding Goodwill": -26000.0,
        "Net Income From Continuing Operation Net Minority Interest": NaN,
        "Reconciled Depreciation": NaN,
        "EBITDA": NaN,
        "EBIT": NaN,
        "Net Interest Income": NaN,
        "Interest Expense": NaN,
        "Interest Income": NaN,
        "Normalized Income": NaN,
        "Net Income From Continuing And Discontinued Operation": NaN,
        "Total Expenses": NaN,
        "Total Operating Income As Reported": NaN,
        "Diluted Average Shares": 27942210.0,
        "Basic Average Shares": 27942210.0,
        "Diluted EPS": -0.58,
        "Basic EPS": -0.58,
        "Diluted NI Availto Com Stockholders": NaN,
        "Net Income Common Stockholders": NaN,
        "Net Income": NaN,
        "Net Income Including Noncontrolling Interests": NaN,
        "Net Income Continuous Operations": NaN,
        "Pretax Income": NaN,
        "Other Income Expense": -26000.0,
        "Special Income Charges": NaN,
        "Gain On Sale Of Ppe": NaN,
        "Restructuring And Mergern Acquisition": NaN,
        "Gain On Sale Of Security": 1000.0,
        "Net Non Operating Interest Income Expense": NaN,
        "Interest Expense Non Operating": NaN,
        "Interest Income Non Operating": NaN,
        "Operating Income": NaN,
        "Operating Expense": NaN,
        "Research And Development": NaN,
        "Selling General And Administration": NaN,
        "General And Administrative Expense": NaN,
        "Other Gand A": NaN,
        "Total Revenue": NaN,
        "Operating Revenue": NaN
    },
    "2022-09-30": {
        "Tax Effect Of Unusual Items": NaN,
        "Tax Rate For Calcs": NaN,
        "Normalized EBITDA": NaN,
        "Total Unusual Items": -1000.0,
        "Total Unusual Items Excluding Goodwill": -1000.0,
        "Net Income From Continuing Operation Net Minority Interest": NaN,
        "Reconciled Depreciation": NaN,
        "EBITDA": NaN,
        "EBIT": NaN,
        "Net Interest Income": NaN,
        "Interest Expense": NaN,
        "Interest Income": NaN,
        "Normalized Income": NaN,
        "Net Income From Continuing And Discontinued Operation": NaN,
        "Total Expenses": NaN,
        "Total Operating Income As Reported": NaN,
        "Diluted Average Shares": NaN,
        "Basic Average Shares": NaN,
        "Diluted EPS": NaN,
        "Basic EPS": NaN,
        "Diluted NI Availto Com Stockholders": NaN,
        "Net Income Common Stockholders": NaN,
        "Net Income": NaN,
        "Net Income Including Noncontrolling Interests": NaN,
        "Net Income Continuous Operations": NaN,
        "Pretax Income": NaN,
        "Other Income Expense": -1000.0,
        "Special Income Charges": 0.0,
        "Gain On Sale Of Ppe": 1000.0,
        "Restructuring And Mergern Acquisition": 0.0,
        "Gain On Sale Of Security": -1000.0,
        "Net Non Operating Interest Income Expense": NaN,
        "Interest Expense Non Operating": NaN,
        "Interest Income Non Operating": NaN,
        "Operating Income": NaN,
        "Operating Expense": NaN,
        "Research And Development": NaN,
        "Selling General And Administration": NaN,
        "General And Administrative Expense": NaN,
        "Other Gand A": NaN,
        "Total Revenue": NaN,
        "Operating Revenue": NaN
    },
    "2022-06-30": {
        "Tax Effect Of Unusual Items": 0.0,
        "Tax Rate For Calcs": 0.0,
        "Normalized EBITDA": -11854000.0,
        "Total Unusual Items": 25000.0,
        "Total Unusual Items Excluding Goodwill": 25000.0,
        "Net Income From Continuing Operation Net Minority Interest": -14558000.0,
        "Reconciled Depreciation": 30000.0,
        "EBITDA": -11829000.0,
        "EBIT": -11859000.0,
        "Net Interest Income": -2628000.0,
        "Interest Expense": 2699000.0,
        "Interest Income": 71000.0,
        "Normalized Income": -14583000.0,
        "Net Income From Continuing And Discontinued Operation": -14558000.0,
        "Total Expenses": 11955000.0,
        "Total Operating Income As Reported": -11955000.0,
        "Diluted Average Shares": 26821303.0,
        "Basic Average Shares": 26821303.0,
        "Diluted EPS": -0.54,
        "Basic EPS": -0.54,
        "Diluted NI Availto Com Stockholders": -14558000.0,
        "Net Income Common Stockholders": -14558000.0,
        "Net Income": -14558000.0,
        "Net Income Including Noncontrolling Interests": -14558000.0,
        "Net Income Continuous Operations": -14558000.0,
        "Tax Provision": NaN,
        "Pretax Income": -14558000.0,
        "Other Income Expense": 25000.0,
        "Other Non Operating Income Expenses": NaN,
        "Special Income Charges": 26000.0,
        "Gain On Sale Of Ppe": 26000.0,
        "Gain On Sale Of Security": -1000.0,
        "Net Non Operating Interest Income Expense": -2628000.0,
        "Interest Expense Non Operating": 2699000.0,
        "Interest Income Non Operating": 71000.0,
        "Operating Income": -11955000.0,
        "Operating Expense": 11955000.0,
        "Research And Development": 6662000.0,
        "Selling General And Administration": 5293000.0,
        "General And Administrative Expense": 5293000.0,
        "Other Gand A": 5293000.0,
        "Total Revenue": 0.0,
        "Operating Revenue": 0.0
    },
    "2022-03-31": {
        "Diluted EPS": -0.58,
        "Total Revenue": NaN,
        "Gross Profit": NaN,
        "Operating Income": -13,
        "EBIT": -13,
        "Net Income": -15
    },
    "2021-12-31": {
        "Diluted EPS": -0.63,
        "Total Revenue": NaN,
        "Gross Profit": NaN,
        "Operating Income": -14,
        "EBIT": -14,
        "Net Income": -17
    },
    "2021-09-30": {
        "Diluted EPS": -0.86,
        "Total Revenue": NaN,
        "Gross Profit": NaN,
        "Operating Income": -20,
        "EBIT": -20,
        "Net Income": -23
    },
    "2021-06-30": {
        "Diluted EPS": -0.88,
        "Total Revenue": NaN,
        "Gross Profit": NaN,
        "Operating Income": -21,
        "EBIT": -21,
        "Net Income": -22
    },
    "2021-03-31": {
        "Diluted EPS": -0.75,
        "Total Revenue": NaN,
        "Gross Profit": NaN,
        "Operating Income": -17,
        "EBIT": -17,
        "Net Income": -19
    },
    "2020-12-31": {
        "Diluted EPS": -0.8,
        "Total Revenue": NaN,
        "Gross Profit": NaN,
        "Operating Income": -19,
        "EBIT": -19,
        "Net Income": -20
    },
    "2020-09-30": {
        "Diluted EPS": -0.69,
        "Total Revenue": NaN,
        "Gross Profit": NaN,
        "Operating Income": -16,
        "EBIT": -16,
        "Net Income": -17
    },
    "2020-06-30": {
        "Diluted EPS": -0.75,
        "Total Revenue": NaN,
        "Gross Profit": NaN,
        "Operating Income": -18,
        "EBIT": -18,
        "Net Income": -19
    },
    "2020-03-31": {
        "Diluted EPS": -0.74,
        "Total Revenue": NaN,
        "Gross Profit": NaN,
        "Operating Income": -18,
        "EBIT": -18,
        "Net Income": -18
    },
    "2019-12-31": {
        "Diluted EPS": 121.54,
        "Total Revenue": NaN,
        "Gross Profit": NaN,
        "Operating Income": -16,
        "EBIT": -16,
        "Net Income": -18
    },
    "2019-09-30": {
        "Diluted EPS": -51.43,
        "Total Revenue": NaN,
        "Gross Profit": NaN,
        "Operating Income": -13,
        "EBIT": -13,
        "Net Income": -15
    },
    "2019-06-30": {
        "Diluted EPS": -45.3,
        "Total Revenue": NaN,
        "Gross Profit": NaN,
        "Operating Income": -11,
        "EBIT": -11,
        "Net Income": -14
    },
    "2019-03-31": {
        "Diluted EPS": -41.12,
        "Total Revenue": NaN,
        "Gross Profit": NaN,
        "Operating Income": -10,
        "EBIT": -10,
        "Net Income": -12
    },
    "2018-12-31": {
        "Diluted EPS": 0.0,
        "Total Revenue": NaN,
        "Gross Profit": NaN,
        "Operating Income": NaN,
        "EBIT": NaN,
        "Net Income": NaN
    },
    "2018-09-30": {
        "Diluted EPS": -22.35,
        "Total Revenue": NaN,
        "Gross Profit": NaN,
        "Operating Income": -5,
        "EBIT": -5,
        "Net Income": -7
    },
    "2018-06-30": {
        "Diluted EPS": 0.0,
        "Total Revenue": NaN,
        "Gross Profit": NaN,
        "Operating Income": NaN,
        "EBIT": NaN,
        "Net Income": NaN
    },
    "2017-12-31": {
        "Diluted EPS": 0.0,
        "Total Revenue": NaN,
        "Gross Profit": NaN,
        "Operating Income": NaN,
        "EBIT": NaN,
        "Net Income": NaN
    },
    "2023-06-30": {
        "Tax Effect Of Unusual Items": 0.0,
        "Tax Rate For Calcs": 0.0,
        "Normalized EBITDA": -16301000.0,
        "Total Unusual Items": NaN,
        "Total Unusual Items Excluding Goodwill": NaN,
        "Net Income From Continuing Operation Net Minority Interest": -20712000.0,
        "Reconciled Depreciation": 12000.0,
        "EBITDA": -16301000.0,
        "EBIT": -16313000.0,
        "Net Interest Income": -3905000.0,
        "Interest Expense": 4399000.0,
        "Interest Income": 494000.0,
        "Normalized Income": -20712000.0,
        "Net Income From Continuing And Discontinued Operation": -20712000.0,
        "Total Expenses": 16807000.0,
        "Total Operating Income As Reported": -16807000.0,
        "Diluted Average Shares": 42916962.0,
        "Basic Average Shares": 42916962.0,
        "Diluted EPS": -0.48,
        "Basic EPS": -0.48,
        "Diluted NI Availto Com Stockholders": -20712000.0,
        "Net Income Common Stockholders": -20712000.0,
        "Net Income": -20712000.0,
        "Net Income Including Noncontrolling Interests": -20712000.0,
        "Net Income Continuous Operations": -20712000.0,
        "Pretax Income": -20712000.0,
        "Other Income Expense": NaN,
        "Special Income Charges": NaN,
        "Gain On Sale Of Ppe": NaN,
        "Restructuring And Mergern Acquisition": NaN,
        "Gain On Sale Of Security": NaN,
        "Net Non Operating Interest Income Expense": -3905000.0,
        "Interest Expense Non Operating": 4399000.0,
        "Interest Income Non Operating": 494000.0,
        "Operating Income": -16807000.0,
        "Operating Expense": 16807000.0,
        "Research And Development": 7561000.0,
        "Selling General And Administration": 9246000.0,
        "General And Administrative Expense": 9246000.0,
        "Other Gand A": 9246000.0,
        "Total Revenue": 0.0,
        "Operating Revenue": 0.0
    },
    "2023-09-30": {
        "Tax Effect Of Unusual Items": 0.0,
        "Tax Rate For Calcs": 0.0,
        "Normalized EBITDA": -10664000.0,
        "Total Unusual Items": -2310000.0,
        "Total Unusual Items Excluding Goodwill": -2310000.0,
        "Net Income From Continuing Operation Net Minority Interest": -15073000.0,
        "Reconciled Depreciation": 12000.0,
        "EBITDA": -12974000.0,
        "EBIT": -12986000.0,
        "Net Interest Income": -1676000.0,
        "Interest Expense": 2087000.0,
        "Interest Income": 411000.0,
        "Normalized Income": -12763000.0,
        "Net Income From Continuing And Discontinued Operation": -15073000.0,
        "Total Expenses": 11087000.0,
        "Total Operating Income As Reported": -13396000.0,
        "Diluted Average Shares": 45477952.0,
        "Basic Average Shares": 45477952.0,
        "Diluted EPS": -0.33,
        "Basic EPS": -0.33,
        "Diluted NI Availto Com Stockholders": -15073000.0,
        "Net Income Common Stockholders": -15073000.0,
        "Net Income": -15073000.0,
        "Net Income Including Noncontrolling Interests": -15073000.0,
        "Net Income Continuous Operations": -15073000.0,
        "Pretax Income": -15073000.0,
        "Other Income Expense": -2310000.0,
        "Special Income Charges": -2309000.0,
        "Gain On Sale Of Ppe": NaN,
        "Restructuring And Mergern Acquisition": 2309000.0,
        "Gain On Sale Of Security": -1000.0,
        "Net Non Operating Interest Income Expense": -1676000.0,
        "Interest Expense Non Operating": 2087000.0,
        "Interest Income Non Operating": 411000.0,
        "Operating Income": -11087000.0,
        "Operating Expense": 11087000.0,
        "Research And Development": 6093000.0,
        "Selling General And Administration": 4994000.0,
        "General And Administrative Expense": 4994000.0,
        "Other Gand A": 4994000.0,
        "Total Revenue": 0.0,
        "Operating Revenue": 0.0
    },
    "2023-12-31": {
        "Tax Effect Of Unusual Items": 0.0,
        "Tax Rate For Calcs": 0.0,
        "Normalized EBITDA": -4666000.0,
        "Total Unusual Items": -1000.0,
        "Total Unusual Items Excluding Goodwill": -1000.0,
        "Net Income From Continuing Operation Net Minority Interest": -5587000.0,
        "Reconciled Depreciation": 215000.0,
        "EBITDA": -4667000.0,
        "EBIT": -4882000.0,
        "Net Interest Income": -410000.0,
        "Interest Expense": 705000.0,
        "Interest Income": 295000.0,
        "Normalized Income": -5586000.0,
        "Net Income From Continuing And Discontinued Operation": -5587000.0,
        "Total Expenses": 5176000.0,
        "Total Operating Income As Reported": -5176000.0,
        "Diluted Average Shares": NaN,
        "Basic Average Shares": NaN,
        "Diluted EPS": NaN,
        "Basic EPS": NaN,
        "Diluted NI Availto Com Stockholders": -5587000.0,
        "Net Income Common Stockholders": -5587000.0,
        "Net Income": -5587000.0,
        "Net Income Including Noncontrolling Interests": -5587000.0,
        "Net Income Continuous Operations": -5587000.0,
        "Pretax Income": -5587000.0,
        "Other Income Expense": -1000.0,
        "Special Income Charges": 0.0,
        "Gain On Sale Of Ppe": NaN,
        "Restructuring And Mergern Acquisition": 0.0,
        "Gain On Sale Of Security": -1000.0,
        "Net Non Operating Interest Income Expense": -410000.0,
        "Interest Expense Non Operating": 705000.0,
        "Interest Income Non Operating": 295000.0,
        "Operating Income": -5176000.0,
        "Operating Expense": 5176000.0,
        "Research And Development": 3189000.0,
        "Selling General And Administration": 1987000.0,
        "General And Administrative Expense": 1987000.0,
        "Other Gand A": 1987000.0,
        "Total Revenue": 0.0,
        "Operating Revenue": 0.0
    },
    "2024-03-31": {
        "Tax Effect Of Unusual Items": 0.0,
        "Tax Rate For Calcs": 0.0,
        "Normalized EBITDA": -4372000.0,
        "Total Unusual Items": NaN,
        "Total Unusual Items Excluding Goodwill": NaN,
        "Net Income From Continuing Operation Net Minority Interest": -4381000.0,
        "Reconciled Depreciation": 9000.0,
        "EBITDA": -4372000.0,
        "EBIT": -4381000.0,
        "Net Interest Income": 196000.0,
        "Interest Expense": 0.0,
        "Interest Income": 196000.0,
        "Normalized Income": -4381000.0,
        "Net Income From Continuing And Discontinued Operation": -4381000.0,
        "Total Expenses": 4577000.0,
        "Total Operating Income As Reported": -4577000.0,
        "Diluted Average Shares": 54392170.0,
        "Basic Average Shares": 54392170.0,
        "Diluted EPS": -0.08,
        "Basic EPS": -0.08,
        "Diluted NI Availto Com Stockholders": -4381000.0,
        "Net Income Common Stockholders": -4381000.0,
        "Net Income": -4381000.0,
        "Net Income Including Noncontrolling Interests": -4381000.0,
        "Net Income Continuous Operations": -4381000.0,
        "Pretax Income": -4381000.0,
        "Other Income Expense": NaN,
        "Special Income Charges": NaN,
        "Gain On Sale Of Ppe": NaN,
        "Restructuring And Mergern Acquisition": NaN,
        "Gain On Sale Of Security": NaN,
        "Net Non Operating Interest Income Expense": 196000.0,
        "Interest Expense Non Operating": 0.0,
        "Interest Income Non Operating": 196000.0,
        "Operating Income": -4577000.0,
        "Operating Expense": 4577000.0,
        "Research And Development": 1488000.0,
        "Selling General And Administration": 3089000.0,
        "General And Administrative Expense": 3089000.0,
        "Other Gand A": 3089000.0,
        "Total Revenue": 0.0,
        "Operating Revenue": 0.0
    }
}