{
    "2024-03-31": {
        "Tax Effect Of Unusual Items": 0.0,
        "Tax Rate For Calcs": 0.0,
        "Normalized EBITDA": -7951000.0,
        "Total Unusual Items": -216000.0,
        "Total Unusual Items Excluding Goodwill": -216000.0,
        "Net Income From Continuing Operation Net Minority Interest": -11744000.0,
        "Reconciled Depreciation": 3247000.0,
        "Reconciled Cost Of Revenue": 4837000.0,
        "EBITDA": -8167000.0,
        "EBIT": -11414000.0,
        "Net Interest Income": -330000.0,
        "Interest Expense": 330000.0,
        "Normalized Income": -11528000.0,
        "Net Income From Continuing And Discontinued Operation": -11744000.0,
        "Total Expenses": 10753000.0,
        "Total Operating Income As Reported": -1560000.0,
        "Diluted Average Shares": 32436759.0,
        "Basic Average Shares": 32436759.0,
        "Diluted EPS": -0.36,
        "Basic EPS": -0.36,
        "Diluted NI Availto Com Stockholders": -11744000.0,
        "Net Income Common Stockholders": -11744000.0,
        "Net Income": -11744000.0,
        "Net Income Including Noncontrolling Interests": -11744000.0,
        "Net Income Continuous Operations": -11744000.0,
        "Tax Provision": 0.0,
        "Pretax Income": -11744000.0,
        "Other Income Expense": -8151000.0,
        "Other Non Operating Income Expenses": -7935000.0,
        "Special Income Charges": 0.0,
        "Gain On Sale Of Ppe": 0.0,
        "Impairment Of Capital Assets": 0.0,
        "Restructuring And Mergern Acquisition": NaN,
        "Gain On Sale Of Security": -216000.0,
        "Net Non Operating Interest Income Expense": -330000.0,
        "Interest Expense Non Operating": 330000.0,
        "Operating Income": -3263000.0,
        "Operating Expense": 5916000.0,
        "Other Operating Expenses": NaN,
        "Depreciation Amortization Depletion Income Statement": 3247000.0,
        "Depreciation And Amortization In Income Statement": 3247000.0,
        "Depreciation Income Statement": 3247000.0,
        "Selling General And Administration": 2669000.0,
        "General And Administrative Expense": 2669000.0,
        "Other Gand A": 2461000.0,
        "Salaries And Wages": 208000.0,
        "Gross Profit": 2653000.0,
        "Cost Of Revenue": 4837000.0,
        "Total Revenue": 7490000.0,
        "Operating Revenue": 7490000.0
    },
    "2023-03-31": {
        "Tax Effect Of Unusual Items": 0.0,
        "Tax Rate For Calcs": 0.0,
        "Normalized EBITDA": -5786000.0,
        "Total Unusual Items": 3047000.0,
        "Total Unusual Items Excluding Goodwill": 3047000.0,
        "Net Income From Continuing Operation Net Minority Interest": -6910000.0,
        "Reconciled Depreciation": 3981000.0,
        "Reconciled Cost Of Revenue": 2737000.0,
        "EBITDA": -2739000.0,
        "EBIT": -6720000.0,
        "Net Interest Income": -190000.0,
        "Interest Expense": 190000.0,
        "Normalized Income": -9957000.0,
        "Net Income From Continuing And Discontinued Operation": -6910000.0,
        "Total Expenses": 6920000.0,
        "Total Operating Income As Reported": -1688000.0,
        "Diluted Average Shares": 18075608.0,
        "Basic Average Shares": 18075608.0,
        "Diluted EPS": -0.382283,
        "Basic EPS": -0.382283,
        "Diluted NI Availto Com Stockholders": -6910000.0,
        "Net Income Common Stockholders": -6910000.0,
        "Net Income": -6910000.0,
        "Net Income Including Noncontrolling Interests": -6910000.0,
        "Net Income Continuous Operations": -6910000.0,
        "Tax Provision": 0.0,
        "Pretax Income": -6910000.0,
        "Other Income Expense": -4876000.0,
        "Other Non Operating Income Expenses": -7923000.0,
        "Special Income Charges": 2984000.0,
        "Gain On Sale Of Ppe": 2985000.0,
        "Impairment Of Capital Assets": 1000.0,
        "Restructuring And Mergern Acquisition": NaN,
        "Gain On Sale Of Security": 63000.0,
        "Net Non Operating Interest Income Expense": -190000.0,
        "Interest Expense Non Operating": 190000.0,
        "Operating Income": -1844000.0,
        "Operating Expense": 4183000.0,
        "Depreciation Amortization Depletion Income Statement": 3981000.0,
        "Depreciation And Amortization In Income Statement": 3981000.0,
        "Depreciation Income Statement": 3981000.0,
        "Selling General And Administration": 202000.0,
        "General And Administrative Expense": 202000.0,
        "Other Gand A": 1354000.0,
        "Salaries And Wages": -1152000.0,
        "Gross Profit": 2339000.0,
        "Cost Of Revenue": 2737000.0,
        "Total Revenue": 5076000.0,
        "Operating Revenue": 5076000.0
    },
    "2024-06-30": {
        "Tax Effect Of Unusual Items": 0.0,
        "Tax Rate For Calcs": 0.0,
        "Normalized EBITDA": 169000.0,
        "Total Unusual Items": -596000.0,
        "Total Unusual Items Excluding Goodwill": -596000.0,
        "Net Income From Continuing Operation Net Minority Interest": -4009000.0,
        "Reconciled Depreciation": 3292000.0,
        "Reconciled Cost Of Revenue": 3803000.0,
        "EBITDA": -427000.0,
        "EBIT": -3719000.0,
        "Net Interest Income": -290000.0,
        "Interest Expense": 290000.0,
        "Normalized Income": -3413000.0,
        "Net Income From Continuing And Discontinued Operation": -4009000.0,
        "Total Expenses": 11381000.0,
        "Total Operating Income As Reported": -5866000.0,
        "Diluted Average Shares": 38943579.0,
        "Basic Average Shares": 38943579.0,
        "Diluted EPS": -0.1,
        "Basic EPS": -0.1,
        "Diluted NI Availto Com Stockholders": -4009000.0,
        "Net Income Common Stockholders": -4009000.0,
        "Net Income": -4009000.0,
        "Net Income Including Noncontrolling Interests": -4009000.0,
        "Net Income Continuous Operations": -4009000.0,
        "Tax Provision": 0.0,
        "Pretax Income": -4009000.0,
        "Other Income Expense": 2147000.0,
        "Other Non Operating Income Expenses": 2743000.0,
        "Special Income Charges": -540000.0,
        "Gain On Sale Of Ppe": -146000.0,
        "Impairment Of Capital Assets": 0.0,
        "Restructuring And Mergern Acquisition": 394000.0,
        "Gain On Sale Of Security": -56000.0,
        "Net Non Operating Interest Income Expense": -290000.0,
        "Interest Expense Non Operating": 290000.0,
        "Operating Income": -5866000.0,
        "Operating Expense": 7578000.0,
        "Other Operating Expenses": 318000.0,
        "Depreciation Amortization Depletion Income Statement": 3292000.0,
        "Depreciation And Amortization In Income Statement": 3292000.0,
        "Depreciation Income Statement": 3292000.0,
        "Selling General And Administration": 3968000.0,
        "General And Administrative Expense": 3968000.0,
        "Other Gand A": 3828000.0,
        "Salaries And Wages": 140000.0,
        "Gross Profit": 1712000.0,
        "Cost Of Revenue": 3803000.0,
        "Total Revenue": 5515000.0,
        "Operating Revenue": 5515000.0
    },
    "2023-06-30": {
        "Tax Effect Of Unusual Items": NaN,
        "Tax Rate For Calcs": NaN,
        "Normalized EBITDA": NaN,
        "Total Unusual Items": NaN,
        "Total Unusual Items Excluding Goodwill": NaN,
        "Net Income From Continuing Operation Net Minority Interest": NaN,
        "Reconciled Depreciation": NaN,
        "Reconciled Cost Of Revenue": NaN,
        "EBITDA": NaN,
        "EBIT": NaN,
        "Net Interest Income": NaN,
        "Interest Expense": NaN,
        "Normalized Income": NaN,
        "Net Income From Continuing And Discontinued Operation": NaN,
        "Total Expenses": NaN,
        "Total Operating Income As Reported": NaN,
        "Diluted Average Shares": 14450688.0,
        "Basic Average Shares": 14450688.0,
        "Diluted EPS": -0.181514,
        "Basic EPS": -0.181514,
        "Diluted NI Availto Com Stockholders": NaN,
        "Net Income Common Stockholders": NaN,
        "Net Income": NaN,
        "Net Income Including Noncontrolling Interests": NaN,
        "Net Income Continuous Operations": NaN,
        "Tax Provision": NaN,
        "Pretax Income": NaN,
        "Other Income Expense": NaN,
        "Other Non Operating Income Expenses": NaN,
        "Special Income Charges": NaN,
        "Gain On Sale Of Ppe": 1229000.0,
        "Impairment Of Capital Assets": NaN,
        "Restructuring And Mergern Acquisition": 0.0,
        "Gain On Sale Of Security": -62000.0,
        "Net Non Operating Interest Income Expense": NaN,
        "Interest Expense Non Operating": NaN,
        "Operating Income": NaN,
        "Operating Expense": NaN,
        "Other Operating Expenses": NaN,
        "Depreciation Amortization Depletion Income Statement": NaN,
        "Depreciation And Amortization In Income Statement": NaN,
        "Depreciation Income Statement": 3858000.0,
        "Selling General And Administration": NaN,
        "General And Administrative Expense": NaN,
        "Other Gand A": NaN,
        "Salaries And Wages": 131000.0,
        "Gross Profit": NaN,
        "Cost Of Revenue": NaN,
        "Total Revenue": NaN,
        "Operating Revenue": NaN
    },
    "2024-09-30": {
        "Tax Effect Of Unusual Items": 0.0,
        "Tax Rate For Calcs": 0.0,
        "Normalized EBITDA": -2743000.0,
        "Total Unusual Items": -21000.0,
        "Total Unusual Items Excluding Goodwill": -21000.0,
        "Net Income From Continuing Operation Net Minority Interest": -5948000.0,
        "Reconciled Depreciation": 2896000.0,
        "Reconciled Cost Of Revenue": 3612000.0,
        "EBITDA": -2764000.0,
        "EBIT": -5660000.0,
        "Net Interest Income": -288000.0,
        "Interest Expense": 288000.0,
        "Normalized Income": -5927000.0,
        "Net Income From Continuing And Discontinued Operation": -5948000.0,
        "Total Expenses": 9134000.0,
        "Total Operating Income As Reported": -5445000.0,
        "Diluted Average Shares": 40611068.0,
        "Basic Average Shares": 40611068.0,
        "Diluted EPS": -0.15,
        "Basic EPS": -0.15,
        "Diluted NI Availto Com Stockholders": -5948000.0,
        "Net Income Common Stockholders": -5948000.0,
        "Net Income": -5948000.0,
        "Net Income Including Noncontrolling Interests": -5948000.0,
        "Net Income Continuous Operations": -5948000.0,
        "Tax Provision": 0.0,
        "Pretax Income": -5948000.0,
        "Other Income Expense": -215000.0,
        "Other Non Operating Income Expenses": -194000.0,
        "Special Income Charges": 0.0,
        "Gain On Sale Of Ppe": 0.0,
        "Impairment Of Capital Assets": 0.0,
        "Restructuring And Mergern Acquisition": 0.0,
        "Gain On Sale Of Security": -21000.0,
        "Net Non Operating Interest Income Expense": -288000.0,
        "Interest Expense Non Operating": 288000.0,
        "Operating Income": -5445000.0,
        "Operating Expense": 5522000.0,
        "Other Operating Expenses": 90000.0,
        "Depreciation Amortization Depletion Income Statement": 2896000.0,
        "Depreciation And Amortization In Income Statement": 2896000.0,
        "Depreciation Income Statement": 2896000.0,
        "Selling General And Administration": 2536000.0,
        "General And Administrative Expense": 2536000.0,
        "Other Gand A": 2439000.0,
        "Salaries And Wages": 97000.0,
        "Gross Profit": 77000.0,
        "Cost Of Revenue": 3612000.0,
        "Total Revenue": 3689000.0,
        "Operating Revenue": 3689000.0
    },
    "2023-12-31": {
        "Tax Effect Of Unusual Items": 0.0,
        "Tax Rate For Calcs": 0.0,
        "Normalized EBITDA": -2886428.0,
        "Total Unusual Items": 1516000.0,
        "Total Unusual Items Excluding Goodwill": 1516000.0,
        "Net Income From Continuing Operation Net Minority Interest": 9016331.0,
        "Reconciled Depreciation": -10987102.0,
        "Reconciled Cost Of Revenue": -6140559.0,
        "EBITDA": -1370428.0,
        "EBIT": 9616674.0,
        "Net Interest Income": -600343.0,
        "Interest Expense": 600343.0,
        "Normalized Income": 7500331.0,
        "Net Income From Continuing And Discontinued Operation": 6040831.0,
        "Total Expenses": -10333507.0,
        "Total Operating Income As Reported": 6529951.0,
        "Diluted Average Shares": NaN,
        "Basic Average Shares": NaN,
        "Diluted EPS": NaN,
        "Basic EPS": NaN,
        "Diluted NI Availto Com Stockholders": 6040831.0,
        "Net Income Common Stockholders": 6040831.0,
        "Net Income": 6040831.0,
        "Net Income Including Noncontrolling Interests": 6040831.0,
        "Net Income Continuous Operations": 9016331.0,
        "Tax Provision": 0.0,
        "Pretax Income": 9016331.0,
        "Other Income Expense": 8282723.0,
        "Other Non Operating Income Expenses": 6766723.0,
        "Special Income Charges": 1442000.0,
        "Gain On Sale Of Ppe": NaN,
        "Impairment Of Capital Assets": -5680000.0,
        "Restructuring And Mergern Acquisition": NaN,
        "Gain On Sale Of Security": NaN,
        "Net Non Operating Interest Income Expense": -600343.0,
        "Interest Expense Non Operating": 600343.0,
        "Operating Income": 1333951.0,
        "Operating Expense": -4192948.0,
        "Other Operating Expenses": NaN,
        "Depreciation Amortization Depletion Income Statement": -11878809.0,
        "Depreciation And Amortization In Income Statement": -11878809.0,
        "Depreciation Income Statement": NaN,
        "Selling General And Administration": 5350252.0,
        "General And Administrative Expense": 3056485.0,
        "Other Gand A": 2427485.0,
        "Salaries And Wages": NaN,
        "Gross Profit": -2858997.0,
        "Cost Of Revenue": -6140559.0,
        "Total Revenue": -8999556.0,
        "Operating Revenue": -9008965.0
    },
    "2023-09-30": {
        "Tax Effect Of Unusual Items": NaN,
        "Tax Rate For Calcs": NaN,
        "Normalized EBITDA": NaN,
        "Total Unusual Items": NaN,
        "Total Unusual Items Excluding Goodwill": NaN,
        "Net Income From Continuing Operation Net Minority Interest": NaN,
        "Reconciled Depreciation": NaN,
        "Reconciled Cost Of Revenue": NaN,
        "EBITDA": NaN,
        "EBIT": NaN,
        "Net Interest Income": NaN,
        "Interest Expense": NaN,
        "Normalized Income": NaN,
        "Net Income From Continuing And Discontinued Operation": NaN,
        "Total Expenses": NaN,
        "Total Operating Income As Reported": NaN,
        "Diluted Average Shares": 14450688.0,
        "Basic Average Shares": 14450688.0,
        "Diluted EPS": -0.56,
        "Basic EPS": -0.56,
        "Diluted NI Availto Com Stockholders": NaN,
        "Net Income Common Stockholders": NaN,
        "Net Income": NaN,
        "Net Income Including Noncontrolling Interests": NaN,
        "Net Income Continuous Operations": NaN,
        "Tax Provision": NaN,
        "Pretax Income": NaN,
        "Other Income Expense": NaN,
        "Other Non Operating Income Expenses": NaN,
        "Special Income Charges": NaN,
        "Gain On Sale Of Ppe": 24000.0,
        "Impairment Of Capital Assets": NaN,
        "Restructuring And Mergern Acquisition": 0.0,
        "Gain On Sale Of Security": -75000.0,
        "Net Non Operating Interest Income Expense": NaN,
        "Interest Expense Non Operating": NaN,
        "Operating Income": NaN,
        "Operating Expense": NaN,
        "Other Operating Expenses": NaN,
        "Depreciation Amortization Depletion Income Statement": NaN,
        "Depreciation And Amortization In Income Statement": NaN,
        "Depreciation Income Statement": 4067000.0,
        "Selling General And Administration": NaN,
        "General And Administrative Expense": NaN,
        "Other Gand A": NaN,
        "Salaries And Wages": 392000.0,
        "Gross Profit": NaN,
        "Cost Of Revenue": NaN,
        "Total Revenue": NaN,
        "Operating Revenue": NaN
    },
    "2024-12-31": {
        "Tax Effect Of Unusual Items": 0.0,
        "Tax Rate For Calcs": 0.0,
        "Normalized EBITDA": 2147000.0,
        "Total Unusual Items": 5000.0,
        "Total Unusual Items Excluding Goodwill": 5000.0,
        "Net Income From Continuing Operation Net Minority Interest": 401000.0,
        "Reconciled Depreciation": 1744000.0,
        "Reconciled Cost Of Revenue": 3566000.0,
        "EBITDA": 2152000.0,
        "EBIT": 408000.0,
        "Net Interest Income": -7000.0,
        "Interest Expense": 7000.0,
        "Normalized Income": 396000.0,
        "Net Income From Continuing And Discontinued Operation": 401000.0,
        "Total Expenses": 10287000.0,
        "Total Operating Income As Reported": -4876000.0,
        "Diluted Average Shares": NaN,
        "Basic Average Shares": NaN,
        "Diluted EPS": NaN,
        "Basic EPS": NaN,
        "Diluted NI Availto Com Stockholders": 401000.0,
        "Net Income Common Stockholders": 401000.0,
        "Net Income": 401000.0,
        "Net Income Including Noncontrolling Interests": 401000.0,
        "Net Income Continuous Operations": 401000.0,
        "Tax Provision": 0.0,
        "Pretax Income": 401000.0,
        "Other Income Expense": 6850000.0,
        "Other Non Operating Income Expenses": 6845000.0,
        "Special Income Charges": 0.0,
        "Gain On Sale Of Ppe": 0.0,
        "Impairment Of Capital Assets": 0.0,
        "Restructuring And Mergern Acquisition": 0.0,
        "Gain On Sale Of Security": 5000.0,
        "Net Non Operating Interest Income Expense": -7000.0,
        "Interest Expense Non Operating": 7000.0,
        "Operating Income": -6442000.0,
        "Operating Expense": 6721000.0,
        "Other Operating Expenses": NaN,
        "Depreciation Amortization Depletion Income Statement": 1744000.0,
        "Depreciation And Amortization In Income Statement": 1744000.0,
        "Depreciation Income Statement": 1744000.0,
        "Selling General And Administration": 3682000.0,
        "General And Administrative Expense": 3682000.0,
        "Other Gand A": 2539000.0,
        "Salaries And Wages": 1143000.0,
        "Gross Profit": 279000.0,
        "Cost Of Revenue": 3566000.0,
        "Total Revenue": 3845000.0,
        "Operating Revenue": 3845000.0
    }
}