{
    "2023-12-31": {
        "Tax Effect Of Unusual Items": NaN,
        "Tax Rate For Calcs": NaN,
        "Normalized EBITDA": NaN,
        "Total Unusual Items": NaN,
        "Total Unusual Items Excluding Goodwill": NaN,
        "Net Income From Continuing Operation Net Minority Interest": NaN,
        "Reconciled Depreciation": NaN,
        "Reconciled Cost Of Revenue": NaN,
        "EBITDA": NaN,
        "EBIT": NaN,
        "Net Interest Income": NaN,
        "Normalized Income": NaN,
        "Net Income From Continuing And Discontinued Operation": NaN,
        "Total Expenses": NaN,
        "Total Operating Income As Reported": NaN,
        "Diluted Average Shares": NaN,
        "Basic Average Shares": NaN,
        "Diluted EPS": NaN,
        "Basic EPS": NaN,
        "Diluted NI Availto Com Stockholders": NaN,
        "Net Income Common Stockholders": NaN,
        "Preferred Stock Dividends": NaN,
        "Net Income": NaN,
        "Net Income Including Noncontrolling Interests": NaN,
        "Net Income Continuous Operations": NaN,
        "Tax Provision": NaN,
        "Pretax Income": NaN,
        "Other Income Expense": NaN,
        "Other Non Operating Income Expenses": NaN,
        "Special Income Charges": NaN,
        "Other Special Charges": 0.0,
        "Write Off": NaN,
        "Impairment Of Capital Assets": 328000.0,
        "Gain On Sale Of Security": NaN,
        "Net Non Operating Interest Income Expense": NaN,
        "Total Other Finance Cost": NaN,
        "Operating Income": NaN,
        "Operating Expense": NaN,
        "Depreciation Amortization Depletion Income Statement": NaN,
        "Depreciation And Amortization In Income Statement": NaN,
        "Selling General And Administration": NaN,
        "General And Administrative Expense": NaN,
        "Other Gand A": NaN,
        "Salaries And Wages": NaN,
        "Gross Profit": NaN,
        "Cost Of Revenue": NaN,
        "Total Revenue": NaN,
        "Operating Revenue": NaN
    },
    "2023-09-30": {
        "Tax Effect Of Unusual Items": NaN,
        "Tax Rate For Calcs": NaN,
        "Normalized EBITDA": NaN,
        "Total Unusual Items": NaN,
        "Total Unusual Items Excluding Goodwill": NaN,
        "Net Income From Continuing Operation Net Minority Interest": NaN,
        "Reconciled Depreciation": NaN,
        "Reconciled Cost Of Revenue": NaN,
        "EBITDA": NaN,
        "EBIT": NaN,
        "Net Interest Income": NaN,
        "Normalized Income": NaN,
        "Net Income From Continuing And Discontinued Operation": NaN,
        "Total Expenses": NaN,
        "Total Operating Income As Reported": NaN,
        "Diluted Average Shares": NaN,
        "Basic Average Shares": NaN,
        "Diluted EPS": NaN,
        "Basic EPS": NaN,
        "Diluted NI Availto Com Stockholders": NaN,
        "Net Income Common Stockholders": NaN,
        "Preferred Stock Dividends": 2673000.0,
        "Net Income": NaN,
        "Net Income Including Noncontrolling Interests": NaN,
        "Net Income Continuous Operations": NaN,
        "Tax Provision": NaN,
        "Pretax Income": NaN,
        "Other Income Expense": NaN,
        "Other Non Operating Income Expenses": 25000.0,
        "Special Income Charges": NaN,
        "Other Special Charges": NaN,
        "Impairment Of Capital Assets": NaN,
        "Gain On Sale Of Security": NaN,
        "Net Non Operating Interest Income Expense": NaN,
        "Total Other Finance Cost": NaN,
        "Operating Income": NaN,
        "Operating Expense": NaN,
        "Depreciation Amortization Depletion Income Statement": NaN,
        "Depreciation And Amortization In Income Statement": NaN,
        "Selling General And Administration": NaN,
        "General And Administrative Expense": NaN,
        "Other Gand A": NaN,
        "Salaries And Wages": NaN,
        "Gross Profit": NaN,
        "Cost Of Revenue": NaN,
        "Total Revenue": NaN,
        "Operating Revenue": NaN
    },
    "2023-06-30": {
        "Tax Effect Of Unusual Items": NaN,
        "Tax Rate For Calcs": NaN,
        "Normalized EBITDA": NaN,
        "Total Unusual Items": NaN,
        "Total Unusual Items Excluding Goodwill": NaN,
        "Net Income From Continuing Operation Net Minority Interest": NaN,
        "Reconciled Depreciation": NaN,
        "Reconciled Cost Of Revenue": NaN,
        "EBITDA": NaN,
        "EBIT": NaN,
        "Net Interest Income": NaN,
        "Normalized Income": NaN,
        "Net Income From Continuing And Discontinued Operation": NaN,
        "Total Expenses": NaN,
        "Total Operating Income As Reported": NaN,
        "Diluted Average Shares": NaN,
        "Basic Average Shares": NaN,
        "Diluted EPS": NaN,
        "Basic EPS": NaN,
        "Diluted NI Availto Com Stockholders": NaN,
        "Net Income Common Stockholders": NaN,
        "Preferred Stock Dividends": 2644000.0,
        "Net Income": NaN,
        "Net Income Including Noncontrolling Interests": NaN,
        "Net Income Continuous Operations": NaN,
        "Tax Provision": NaN,
        "Pretax Income": NaN,
        "Other Income Expense": NaN,
        "Other Non Operating Income Expenses": 447000.0,
        "Special Income Charges": NaN,
        "Other Special Charges": NaN,
        "Impairment Of Capital Assets": NaN,
        "Gain On Sale Of Security": NaN,
        "Net Non Operating Interest Income Expense": NaN,
        "Total Other Finance Cost": NaN,
        "Operating Income": NaN,
        "Operating Expense": NaN,
        "Depreciation Amortization Depletion Income Statement": NaN,
        "Depreciation And Amortization In Income Statement": NaN,
        "Selling General And Administration": NaN,
        "General And Administrative Expense": NaN,
        "Other Gand A": NaN,
        "Salaries And Wages": NaN,
        "Gross Profit": NaN,
        "Cost Of Revenue": NaN,
        "Total Revenue": NaN,
        "Operating Revenue": NaN
    },
    "2023-03-31": {
        "Tax Effect Of Unusual Items": NaN,
        "Tax Rate For Calcs": NaN,
        "Normalized EBITDA": NaN,
        "Total Unusual Items": NaN,
        "Total Unusual Items Excluding Goodwill": NaN,
        "Net Income From Continuing Operation Net Minority Interest": NaN,
        "Reconciled Depreciation": NaN,
        "Reconciled Cost Of Revenue": NaN,
        "EBITDA": NaN,
        "EBIT": NaN,
        "Net Interest Income": NaN,
        "Normalized Income": NaN,
        "Net Income From Continuing And Discontinued Operation": NaN,
        "Total Expenses": NaN,
        "Total Operating Income As Reported": NaN,
        "Diluted Average Shares": NaN,
        "Basic Average Shares": NaN,
        "Diluted EPS": NaN,
        "Basic EPS": NaN,
        "Diluted NI Availto Com Stockholders": NaN,
        "Net Income Common Stockholders": NaN,
        "Preferred Stock Dividends": 2615000.0,
        "Net Income": NaN,
        "Net Income Including Noncontrolling Interests": NaN,
        "Net Income Continuous Operations": NaN,
        "Tax Provision": NaN,
        "Pretax Income": NaN,
        "Other Income Expense": NaN,
        "Other Non Operating Income Expenses": NaN,
        "Special Income Charges": NaN,
        "Other Special Charges": 10403000.0,
        "Impairment Of Capital Assets": NaN,
        "Gain On Sale Of Security": NaN,
        "Net Non Operating Interest Income Expense": NaN,
        "Total Other Finance Cost": NaN,
        "Operating Income": NaN,
        "Operating Expense": NaN,
        "Depreciation Amortization Depletion Income Statement": NaN,
        "Depreciation And Amortization In Income Statement": NaN,
        "Selling General And Administration": NaN,
        "General And Administrative Expense": NaN,
        "Other Gand A": NaN,
        "Salaries And Wages": NaN,
        "Gross Profit": NaN,
        "Cost Of Revenue": NaN,
        "Total Revenue": NaN,
        "Operating Revenue": NaN
    },
    "2024-03-31": {
        "Tax Effect Of Unusual Items": -870870.0,
        "Tax Rate For Calcs": 0.21,
        "Normalized EBITDA": 21837000.0,
        "Total Unusual Items": -4147000.0,
        "Total Unusual Items Excluding Goodwill": -4147000.0,
        "Net Income From Continuing Operation Net Minority Interest": -13196000.0,
        "Reconciled Depreciation": 22097000.0,
        "Reconciled Cost Of Revenue": 18917000.0,
        "EBITDA": 17690000.0,
        "EBIT": -4407000.0,
        "Net Interest Income": -3785000.0,
        "Normalized Income": -9919870.0,
        "Net Income From Continuing And Discontinued Operation": -13196000.0,
        "Total Expenses": 60887000.0,
        "Total Operating Income As Reported": -4712000.0,
        "Diluted Average Shares": 125507000.0,
        "Basic Average Shares": 125507000.0,
        "Diluted EPS": -0.13,
        "Basic EPS": -0.13,
        "Diluted NI Availto Com Stockholders": -15840000.0,
        "Net Income Common Stockholders": -15840000.0,
        "Preferred Stock Dividends": 2644000.0,
        "Net Income": -13196000.0,
        "Net Income Including Noncontrolling Interests": -13196000.0,
        "Net Income Continuous Operations": -13196000.0,
        "Tax Provision": 8000.0,
        "Pretax Income": -13188000.0,
        "Other Income Expense": -4996000.0,
        "Other Non Operating Income Expenses": -849000.0,
        "Special Income Charges": -305000.0,
        "Other Special Charges": NaN,
        "Write Off": 305000.0,
        "Impairment Of Capital Assets": 305000.0,
        "Gain On Sale Of Security": -3842000.0,
        "Net Non Operating Interest Income Expense": -3785000.0,
        "Total Other Finance Cost": 3785000.0,
        "Operating Income": -4407000.0,
        "Operating Expense": 41970000.0,
        "Depreciation Amortization Depletion Income Statement": 22097000.0,
        "Depreciation And Amortization In Income Statement": 22097000.0,
        "Selling General And Administration": 19873000.0,
        "General And Administrative Expense": 19873000.0,
        "Other Gand A": 10646000.0,
        "Salaries And Wages": 9227000.0,
        "Gross Profit": 37563000.0,
        "Cost Of Revenue": 18917000.0,
        "Total Revenue": 56480000.0,
        "Operating Revenue": 56480000.0
    },
    "2022-12-31": {
        "Tax Effect Of Unusual Items": NaN,
        "Tax Rate For Calcs": NaN,
        "Normalized EBITDA": NaN,
        "Total Unusual Items": NaN,
        "Total Unusual Items Excluding Goodwill": NaN,
        "Net Income From Continuing Operation Net Minority Interest": NaN,
        "Reconciled Depreciation": NaN,
        "Reconciled Cost Of Revenue": NaN,
        "EBITDA": NaN,
        "EBIT": NaN,
        "Net Interest Income": NaN,
        "Normalized Income": NaN,
        "Net Income From Continuing And Discontinued Operation": NaN,
        "Total Expenses": NaN,
        "Total Operating Income As Reported": NaN,
        "Diluted Average Shares": NaN,
        "Basic Average Shares": NaN,
        "Diluted EPS": NaN,
        "Basic EPS": NaN,
        "Diluted NI Availto Com Stockholders": NaN,
        "Net Income Common Stockholders": NaN,
        "Preferred Stock Dividends": NaN,
        "Net Income": NaN,
        "Net Income Including Noncontrolling Interests": NaN,
        "Net Income Continuous Operations": NaN,
        "Tax Provision": NaN,
        "Pretax Income": NaN,
        "Other Income Expense": NaN,
        "Other Non Operating Income Expenses": 119000.0,
        "Special Income Charges": NaN,
        "Other Special Charges": -2790000.0,
        "Impairment Of Capital Assets": NaN,
        "Gain On Sale Of Security": NaN,
        "Net Non Operating Interest Income Expense": NaN,
        "Total Other Finance Cost": NaN,
        "Operating Income": NaN,
        "Operating Expense": NaN,
        "Depreciation Amortization Depletion Income Statement": NaN,
        "Depreciation And Amortization In Income Statement": NaN,
        "Selling General And Administration": NaN,
        "General And Administrative Expense": NaN,
        "Other Gand A": NaN,
        "Salaries And Wages": NaN,
        "Gross Profit": NaN,
        "Cost Of Revenue": NaN,
        "Total Revenue": NaN,
        "Operating Revenue": NaN
    },
    "2022-09-30": {
        "Tax Effect Of Unusual Items": NaN,
        "Tax Rate For Calcs": NaN,
        "Normalized EBITDA": NaN,
        "Total Unusual Items": NaN,
        "Total Unusual Items Excluding Goodwill": NaN,
        "Net Income From Continuing Operation Net Minority Interest": NaN,
        "Reconciled Depreciation": NaN,
        "Reconciled Cost Of Revenue": NaN,
        "EBITDA": NaN,
        "EBIT": NaN,
        "Net Interest Income": NaN,
        "Normalized Income": NaN,
        "Net Income From Continuing And Discontinued Operation": NaN,
        "Total Expenses": NaN,
        "Total Operating Income As Reported": NaN,
        "Diluted Average Shares": NaN,
        "Basic Average Shares": NaN,
        "Diluted EPS": NaN,
        "Basic EPS": NaN,
        "Diluted NI Availto Com Stockholders": NaN,
        "Net Income Common Stockholders": NaN,
        "Preferred Stock Dividends": NaN,
        "Net Income": NaN,
        "Net Income Including Noncontrolling Interests": NaN,
        "Net Income Continuous Operations": NaN,
        "Tax Provision": NaN,
        "Pretax Income": NaN,
        "Other Income Expense": NaN,
        "Other Non Operating Income Expenses": -45000.0,
        "Special Income Charges": NaN,
        "Other Special Charges": 1501000.0,
        "Impairment Of Capital Assets": NaN,
        "Gain On Sale Of Security": NaN,
        "Net Non Operating Interest Income Expense": NaN,
        "Total Other Finance Cost": NaN,
        "Operating Income": NaN,
        "Operating Expense": NaN,
        "Depreciation Amortization Depletion Income Statement": NaN,
        "Depreciation And Amortization In Income Statement": NaN,
        "Selling General And Administration": NaN,
        "General And Administrative Expense": 10707000.0,
        "Other Gand A": 8607000.0,
        "Salaries And Wages": 2100000.0,
        "Gross Profit": NaN,
        "Cost Of Revenue": NaN,
        "Total Revenue": NaN,
        "Operating Revenue": NaN
    },
    "2024-06-30": {
        "Tax Effect Of Unusual Items": -943530.0,
        "Tax Rate For Calcs": 0.21,
        "Normalized EBITDA": 25181000.0,
        "Total Unusual Items": -4493000.0,
        "Total Unusual Items Excluding Goodwill": -4493000.0,
        "Net Income From Continuing Operation Net Minority Interest": -9683000.0,
        "Reconciled Depreciation": 22110000.0,
        "Reconciled Cost Of Revenue": 20180000.0,
        "EBITDA": 20688000.0,
        "EBIT": -1422000.0,
        "Net Interest Income": -3644000.0,
        "Normalized Income": -6133530.0,
        "Net Income From Continuing And Discontinued Operation": -9683000.0,
        "Total Expenses": 61807000.0,
        "Total Operating Income As Reported": -1422000.0,
        "Diluted Average Shares": 125613866.0,
        "Basic Average Shares": 125613866.0,
        "Diluted EPS": -0.15,
        "Basic EPS": -0.15,
        "Diluted NI Availto Com Stockholders": -12327000.0,
        "Net Income Common Stockholders": -12327000.0,
        "Preferred Stock Dividends": 2644000.0,
        "Net Income": -9683000.0,
        "Net Income Including Noncontrolling Interests": -9683000.0,
        "Net Income Continuous Operations": -9683000.0,
        "Tax Provision": 182000.0,
        "Pretax Income": -9501000.0,
        "Other Income Expense": -4435000.0,
        "Other Non Operating Income Expenses": 58000.0,
        "Special Income Charges": 0.0,
        "Other Special Charges": NaN,
        "Write Off": 0.0,
        "Impairment Of Capital Assets": 0.0,
        "Gain On Sale Of Security": -4493000.0,
        "Net Non Operating Interest Income Expense": -3644000.0,
        "Total Other Finance Cost": 3644000.0,
        "Operating Income": -1422000.0,
        "Operating Expense": 41627000.0,
        "Depreciation Amortization Depletion Income Statement": 22110000.0,
        "Depreciation And Amortization In Income Statement": 22110000.0,
        "Selling General And Administration": 19517000.0,
        "General And Administrative Expense": 19517000.0,
        "Other Gand A": 10353000.0,
        "Salaries And Wages": 9164000.0,
        "Gross Profit": 40205000.0,
        "Cost Of Revenue": 20180000.0,
        "Total Revenue": 60385000.0,
        "Operating Revenue": 60385000.0
    },
    "2024-09-30": {
        "Tax Effect Of Unusual Items": 695858.391908,
        "Tax Rate For Calcs": 0.148466,
        "Normalized EBITDA": 27227000.0,
        "Total Unusual Items": 4687000.0,
        "Total Unusual Items Excluding Goodwill": 4687000.0,
        "Net Income From Continuing Operation Net Minority Interest": 9934000.0,
        "Reconciled Depreciation": 22249000.0,
        "Reconciled Cost Of Revenue": 21700000.0,
        "EBITDA": 31914000.0,
        "EBIT": 9665000.0,
        "Net Interest Income": -2872000.0,
        "Normalized Income": 5942858.391908,
        "Net Income From Continuing And Discontinued Operation": 9934000.0,
        "Total Expenses": 62642000.0,
        "Total Operating Income As Reported": 9434000.0,
        "Diluted Average Shares": 127337400.0,
        "Basic Average Shares": 126150200.0,
        "Diluted EPS": 0.057022,
        "Basic EPS": 0.057558,
        "Diluted NI Availto Com Stockholders": 7261000.0,
        "Net Income Common Stockholders": 7261000.0,
        "Preferred Stock Dividends": 2673000.0,
        "Net Income": 9934000.0,
        "Net Income Including Noncontrolling Interests": 9934000.0,
        "Net Income Continuous Operations": 9934000.0,
        "Tax Provision": 1732000.0,
        "Pretax Income": 11666000.0,
        "Other Income Expense": 4873000.0,
        "Other Non Operating Income Expenses": 186000.0,
        "Special Income Charges": -231000.0,
        "Other Special Charges": NaN,
        "Write Off": 231000.0,
        "Impairment Of Capital Assets": 231000.0,
        "Gain On Sale Of Security": 4918000.0,
        "Net Non Operating Interest Income Expense": -2872000.0,
        "Total Other Finance Cost": 2872000.0,
        "Operating Income": 9665000.0,
        "Operating Expense": 40942000.0,
        "Depreciation Amortization Depletion Income Statement": 22249000.0,
        "Depreciation And Amortization In Income Statement": 22249000.0,
        "Selling General And Administration": 18693000.0,
        "General And Administrative Expense": 18693000.0,
        "Other Gand A": 10439000.0,
        "Salaries And Wages": 8254000.0,
        "Gross Profit": 50607000.0,
        "Cost Of Revenue": 21700000.0,
        "Total Revenue": 72307000.0,
        "Operating Revenue": 72307000.0
    },
    "2024-12-31": {
        "Tax Effect Of Unusual Items": -8523900.0,
        "Tax Rate For Calcs": 0.21,
        "Normalized EBITDA": 58891000.0,
        "Total Unusual Items": -40590000.0,
        "Total Unusual Items Excluding Goodwill": -40590000.0,
        "Net Income From Continuing Operation Net Minority Interest": -50219000.0,
        "Reconciled Depreciation": 22530000.0,
        "Reconciled Cost Of Revenue": 21977000.0,
        "EBITDA": 18301000.0,
        "EBIT": -4229000.0,
        "Net Interest Income": -3261000.0,
        "Normalized Income": -18152900.0,
        "Net Income From Continuing And Discontinued Operation": -50219000.0,
        "Total Expenses": 65406000.0,
        "Total Operating Income As Reported": -4249000.0,
        "Diluted Average Shares": 126231000.0,
        "Basic Average Shares": 126231000.0,
        "Diluted EPS": -0.42,
        "Basic EPS": -0.42,
        "Diluted NI Availto Com Stockholders": -52892000.0,
        "Net Income Common Stockholders": -52892000.0,
        "Preferred Stock Dividends": 2673000.0,
        "Net Income": -50219000.0,
        "Net Income Including Noncontrolling Interests": -50219000.0,
        "Net Income Continuous Operations": -50219000.0,
        "Tax Provision": 213000.0,
        "Pretax Income": -50006000.0,
        "Other Income Expense": -42516000.0,
        "Other Non Operating Income Expenses": -1926000.0,
        "Special Income Charges": -27398000.0,
        "Other Special Charges": NaN,
        "Write Off": 20000.0,
        "Impairment Of Capital Assets": 20000.0,
        "Gain On Sale Of Security": -13192000.0,
        "Net Non Operating Interest Income Expense": -3261000.0,
        "Total Other Finance Cost": 3261000.0,
        "Operating Income": -4229000.0,
        "Operating Expense": 43429000.0,
        "Depreciation Amortization Depletion Income Statement": 22530000.0,
        "Depreciation And Amortization In Income Statement": 22530000.0,
        "Selling General And Administration": 20899000.0,
        "General And Administrative Expense": 20899000.0,
        "Other Gand A": 11996000.0,
        "Salaries And Wages": 8903000.0,
        "Gross Profit": 39200000.0,
        "Cost Of Revenue": 21977000.0,
        "Total Revenue": 61177000.0,
        "Operating Revenue": 61177000.0
    },
    "2025-03-31": {
        "Tax Effect Of Unusual Items": -615720.0,
        "Tax Rate For Calcs": 0.21,
        "Normalized EBITDA": 23746000.0,
        "Total Unusual Items": -2932000.0,
        "Total Unusual Items Excluding Goodwill": -2932000.0,
        "Net Income From Continuing Operation Net Minority Interest": -17331000.0,
        "Reconciled Depreciation": 22277000.0,
        "Reconciled Cost Of Revenue": 20672000.0,
        "EBITDA": 20814000.0,
        "EBIT": -1463000.0,
        "Net Interest Income": -7945000.0,
        "Normalized Income": -15014720.0,
        "Net Income From Continuing And Discontinued Operation": -17331000.0,
        "Total Expenses": 61495000.0,
        "Total Operating Income As Reported": -8501000.0,
        "Diluted Average Shares": 126476000.0,
        "Basic Average Shares": 126476000.0,
        "Diluted EPS": -0.16,
        "Basic EPS": -0.16,
        "Diluted NI Availto Com Stockholders": -19946000.0,
        "Net Income Common Stockholders": -19946000.0,
        "Preferred Stock Dividends": 2615000.0,
        "Net Income": -17331000.0,
        "Net Income Including Noncontrolling Interests": -17331000.0,
        "Net Income Continuous Operations": -17331000.0,
        "Tax Provision": 4578000.0,
        "Pretax Income": -12753000.0,
        "Other Income Expense": -3345000.0,
        "Other Non Operating Income Expenses": -413000.0,
        "Special Income Charges": -7038000.0,
        "Other Special Charges": NaN,
        "Write Off": 7038000.0,
        "Impairment Of Capital Assets": NaN,
        "Gain On Sale Of Security": 4106000.0,
        "Net Non Operating Interest Income Expense": -7945000.0,
        "Total Other Finance Cost": 7945000.0,
        "Operating Income": -1463000.0,
        "Operating Expense": 40823000.0,
        "Depreciation Amortization Depletion Income Statement": 22277000.0,
        "Depreciation And Amortization In Income Statement": 22277000.0,
        "Selling General And Administration": 18546000.0,
        "General And Administrative Expense": 18546000.0,
        "Other Gand A": 11589000.0,
        "Salaries And Wages": 6957000.0,
        "Gross Profit": 39360000.0,
        "Cost Of Revenue": 20672000.0,
        "Total Revenue": 60032000.0,
        "Operating Revenue": 60032000.0
    }
}