{
    "2023-03-31": {
        "Tax Effect Of Unusual Items": NaN,
        "Tax Rate For Calcs": NaN,
        "Normalized EBITDA": NaN,
        "Total Unusual Items": NaN,
        "Total Unusual Items Excluding Goodwill": NaN,
        "Net Income From Continuing Operation Net Minority Interest": NaN,
        "Reconciled Depreciation": NaN,
        "Reconciled Cost Of Revenue": NaN,
        "EBITDA": NaN,
        "EBIT": NaN,
        "Net Interest Income": NaN,
        "Interest Expense": NaN,
        "Interest Income": NaN,
        "Normalized Income": NaN,
        "Net Income From Continuing And Discontinued Operation": NaN,
        "Total Expenses": NaN,
        "Diluted Average Shares": NaN,
        "Basic Average Shares": NaN,
        "Diluted EPS": NaN,
        "Basic EPS": NaN,
        "Diluted NI Availto Com Stockholders": NaN,
        "Net Income Common Stockholders": NaN,
        "Net Income": NaN,
        "Minority Interests": NaN,
        "Net Income Including Noncontrolling Interests": NaN,
        "Net Income Continuous Operations": NaN,
        "Tax Provision": NaN,
        "Pretax Income": NaN,
        "Other Income Expense": NaN,
        "Other Non Operating Income Expenses": NaN,
        "Special Income Charges": NaN,
        "Gain On Sale Of Ppe": NaN,
        "Impairment Of Capital Assets": NaN,
        "Restructuring And Mergern Acquisition": NaN,
        "Gain On Sale Of Security": NaN,
        "Net Non Operating Interest Income Expense": NaN,
        "Total Other Finance Cost": NaN,
        "Interest Expense Non Operating": NaN,
        "Interest Income Non Operating": NaN,
        "Operating Income": NaN,
        "Operating Expense": NaN,
        "Selling General And Administration": NaN,
        "General And Administrative Expense": 693000000.0,
        "Other Gand A": 664000000.0,
        "Salaries And Wages": 29000000.0,
        "Gross Profit": NaN,
        "Cost Of Revenue": NaN,
        "Total Revenue": NaN,
        "Operating Revenue": NaN
    },
    "2022-12-31": {
        "Tax Effect Of Unusual Items": NaN,
        "Tax Rate For Calcs": NaN,
        "Normalized EBITDA": NaN,
        "Total Unusual Items": NaN,
        "Total Unusual Items Excluding Goodwill": NaN,
        "Net Income From Continuing Operation Net Minority Interest": NaN,
        "Reconciled Depreciation": NaN,
        "Reconciled Cost Of Revenue": NaN,
        "EBITDA": NaN,
        "EBIT": NaN,
        "Net Interest Income": NaN,
        "Interest Expense": NaN,
        "Interest Income": NaN,
        "Normalized Income": NaN,
        "Net Income From Continuing And Discontinued Operation": NaN,
        "Total Expenses": NaN,
        "Diluted Average Shares": NaN,
        "Basic Average Shares": NaN,
        "Diluted EPS": NaN,
        "Basic EPS": NaN,
        "Diluted NI Availto Com Stockholders": NaN,
        "Net Income Common Stockholders": NaN,
        "Net Income": NaN,
        "Minority Interests": NaN,
        "Net Income Including Noncontrolling Interests": NaN,
        "Net Income Continuous Operations": NaN,
        "Tax Provision": NaN,
        "Pretax Income": NaN,
        "Other Income Expense": NaN,
        "Other Non Operating Income Expenses": NaN,
        "Special Income Charges": NaN,
        "Gain On Sale Of Ppe": NaN,
        "Other Special Charges": -1000000.0,
        "Restructuring And Mergern Acquisition": NaN,
        "Gain On Sale Of Security": NaN,
        "Net Non Operating Interest Income Expense": NaN,
        "Total Other Finance Cost": NaN,
        "Interest Expense Non Operating": NaN,
        "Interest Income Non Operating": NaN,
        "Operating Income": NaN,
        "Operating Expense": NaN,
        "Selling General And Administration": NaN,
        "General And Administrative Expense": NaN,
        "Other Gand A": NaN,
        "Salaries And Wages": NaN,
        "Gross Profit": NaN,
        "Cost Of Revenue": NaN,
        "Total Revenue": NaN,
        "Operating Revenue": NaN
    },
    "2022-09-30": {
        "Tax Effect Of Unusual Items": NaN,
        "Tax Rate For Calcs": NaN,
        "Normalized EBITDA": NaN,
        "Total Unusual Items": NaN,
        "Total Unusual Items Excluding Goodwill": NaN,
        "Net Income From Continuing Operation Net Minority Interest": NaN,
        "Reconciled Depreciation": NaN,
        "Reconciled Cost Of Revenue": NaN,
        "EBITDA": NaN,
        "EBIT": NaN,
        "Net Interest Income": NaN,
        "Interest Expense": NaN,
        "Interest Income": NaN,
        "Normalized Income": NaN,
        "Net Income From Continuing And Discontinued Operation": NaN,
        "Total Expenses": NaN,
        "Diluted Average Shares": 286000000.0,
        "Basic Average Shares": 284000000.0,
        "Diluted EPS": 0.16,
        "Basic EPS": 0.16,
        "Diluted NI Availto Com Stockholders": NaN,
        "Net Income Common Stockholders": NaN,
        "Net Income": NaN,
        "Minority Interests": NaN,
        "Net Income Including Noncontrolling Interests": NaN,
        "Net Income Continuous Operations": NaN,
        "Tax Provision": NaN,
        "Pretax Income": NaN,
        "Other Income Expense": NaN,
        "Other Non Operating Income Expenses": NaN,
        "Special Income Charges": NaN,
        "Gain On Sale Of Ppe": NaN,
        "Other Special Charges": 14000000.0,
        "Restructuring And Mergern Acquisition": NaN,
        "Gain On Sale Of Security": NaN,
        "Net Non Operating Interest Income Expense": NaN,
        "Total Other Finance Cost": NaN,
        "Interest Expense Non Operating": NaN,
        "Interest Income Non Operating": NaN,
        "Operating Income": NaN,
        "Operating Expense": NaN,
        "Selling General And Administration": NaN,
        "General And Administrative Expense": NaN,
        "Other Gand A": NaN,
        "Salaries And Wages": NaN,
        "Gross Profit": NaN,
        "Cost Of Revenue": NaN,
        "Total Revenue": NaN,
        "Operating Revenue": NaN
    },
    "2022-06-30": {
        "Tax Effect Of Unusual Items": 22777777.777778,
        "Tax Rate For Calcs": 0.325397,
        "Normalized EBITDA": 529000000.0,
        "Total Unusual Items": 70000000.0,
        "Total Unusual Items Excluding Goodwill": 70000000.0,
        "Net Income From Continuing Operation Net Minority Interest": 166000000.0,
        "Reconciled Depreciation": 237000000.0,
        "Reconciled Cost Of Revenue": 4172000000.0,
        "EBITDA": 599000000.0,
        "EBIT": 362000000.0,
        "Net Interest Income": -114000000.0,
        "Interest Expense": 110000000.0,
        "Interest Income": 6000000.0,
        "Normalized Income": 118777777.777778,
        "Net Income From Continuing And Discontinued Operation": 166000000.0,
        "Total Expenses": 4889000000.0,
        "Diluted Average Shares": 286000000.0,
        "Basic Average Shares": 284000000.0,
        "Diluted EPS": 0.58,
        "Basic EPS": 0.58,
        "Diluted NI Availto Com Stockholders": 166000000.0,
        "Net Income Common Stockholders": 166000000.0,
        "Net Income": 166000000.0,
        "Minority Interests": -4000000.0,
        "Net Income Including Noncontrolling Interests": 170000000.0,
        "Net Income Continuous Operations": 170000000.0,
        "Tax Provision": 82000000.0,
        "Pretax Income": 252000000.0,
        "Other Income Expense": 43000000.0,
        "Other Non Operating Income Expenses": -27000000.0,
        "Special Income Charges": 69000000.0,
        "Gain On Sale Of Ppe": 95000000.0,
        "Other Special Charges": NaN,
        "Restructuring And Mergern Acquisition": 26000000.0,
        "Gain On Sale Of Security": 1000000.0,
        "Net Non Operating Interest Income Expense": -114000000.0,
        "Total Other Finance Cost": 10000000.0,
        "Interest Expense Non Operating": 110000000.0,
        "Interest Income Non Operating": 6000000.0,
        "Operating Income": 323000000.0,
        "Operating Expense": 717000000.0,
        "Selling General And Administration": 717000000.0,
        "Gross Profit": 1040000000.0,
        "Cost Of Revenue": 4172000000.0,
        "Total Revenue": 5212000000.0,
        "Operating Revenue": 5212000000.0
    },
    "2023-06-30": {
        "Tax Effect Of Unusual Items": NaN,
        "Tax Rate For Calcs": NaN,
        "Normalized EBITDA": NaN,
        "Total Unusual Items": NaN,
        "Total Unusual Items Excluding Goodwill": NaN,
        "Net Income From Continuing Operation Net Minority Interest": NaN,
        "Reconciled Depreciation": NaN,
        "Reconciled Cost Of Revenue": NaN,
        "EBITDA": NaN,
        "EBIT": NaN,
        "Net Interest Income": NaN,
        "Interest Expense": NaN,
        "Interest Income": NaN,
        "Normalized Income": NaN,
        "Net Income From Continuing And Discontinued Operation": NaN,
        "Total Expenses": NaN,
        "Diluted Average Shares": 285000000.0,
        "Basic Average Shares": 285000000.0,
        "Diluted EPS": -0.73,
        "Basic EPS": -0.73,
        "Diluted NI Availto Com Stockholders": NaN,
        "Net Income Common Stockholders": NaN,
        "Net Income": NaN,
        "Minority Interests": NaN,
        "Net Income Including Noncontrolling Interests": NaN,
        "Net Income Continuous Operations": NaN,
        "Tax Provision": NaN,
        "Pretax Income": NaN,
        "Other Income Expense": NaN,
        "Other Non Operating Income Expenses": NaN,
        "Special Income Charges": NaN,
        "Gain On Sale Of Ppe": NaN,
        "Impairment Of Capital Assets": NaN,
        "Restructuring And Mergern Acquisition": NaN,
        "Gain On Sale Of Security": NaN,
        "Net Non Operating Interest Income Expense": NaN,
        "Total Other Finance Cost": NaN,
        "Interest Expense Non Operating": NaN,
        "Interest Income Non Operating": NaN,
        "Operating Income": NaN,
        "Operating Expense": NaN,
        "Selling General And Administration": NaN,
        "General And Administrative Expense": NaN,
        "Other Gand A": NaN,
        "Salaries And Wages": NaN,
        "Gross Profit": NaN,
        "Cost Of Revenue": NaN,
        "Total Revenue": NaN,
        "Operating Revenue": NaN
    },
    "2023-09-30": {
        "Tax Effect Of Unusual Items": NaN,
        "Tax Rate For Calcs": NaN,
        "Normalized EBITDA": NaN,
        "Total Unusual Items": NaN,
        "Total Unusual Items Excluding Goodwill": NaN,
        "Net Income From Continuing Operation Net Minority Interest": NaN,
        "Reconciled Depreciation": NaN,
        "Reconciled Cost Of Revenue": NaN,
        "EBITDA": NaN,
        "EBIT": NaN,
        "Net Interest Income": NaN,
        "Interest Expense": NaN,
        "Interest Income": NaN,
        "Normalized Income": NaN,
        "Net Income From Continuing And Discontinued Operation": NaN,
        "Total Expenses": NaN,
        "Diluted Average Shares": NaN,
        "Basic Average Shares": NaN,
        "Diluted EPS": NaN,
        "Basic EPS": NaN,
        "Diluted NI Availto Com Stockholders": NaN,
        "Net Income Common Stockholders": NaN,
        "Net Income": NaN,
        "Minority Interests": NaN,
        "Net Income Including Noncontrolling Interests": NaN,
        "Net Income Continuous Operations": NaN,
        "Tax Provision": NaN,
        "Pretax Income": NaN,
        "Other Income Expense": NaN,
        "Other Non Operating Income Expenses": NaN,
        "Special Income Charges": NaN,
        "Gain On Sale Of Ppe": NaN,
        "Impairment Of Capital Assets": 0.0,
        "Restructuring And Mergern Acquisition": NaN,
        "Gain On Sale Of Security": NaN,
        "Net Non Operating Interest Income Expense": NaN,
        "Total Other Finance Cost": NaN,
        "Interest Expense Non Operating": NaN,
        "Interest Income Non Operating": NaN,
        "Operating Income": NaN,
        "Operating Expense": NaN,
        "Selling General And Administration": NaN,
        "General And Administrative Expense": NaN,
        "Other Gand A": NaN,
        "Salaries And Wages": NaN,
        "Gross Profit": NaN,
        "Cost Of Revenue": NaN,
        "Total Revenue": NaN,
        "Operating Revenue": NaN
    },
    "2023-12-31": {
        "Tax Effect Of Unusual Items": NaN,
        "Tax Rate For Calcs": NaN,
        "Normalized EBITDA": NaN,
        "Total Unusual Items": NaN,
        "Total Unusual Items Excluding Goodwill": NaN,
        "Net Income From Continuing Operation Net Minority Interest": NaN,
        "Reconciled Depreciation": NaN,
        "Reconciled Cost Of Revenue": NaN,
        "EBITDA": NaN,
        "EBIT": NaN,
        "Net Interest Income": NaN,
        "Interest Expense": NaN,
        "Interest Income": NaN,
        "Normalized Income": NaN,
        "Net Income From Continuing And Discontinued Operation": NaN,
        "Total Expenses": NaN,
        "Diluted Average Shares": NaN,
        "Basic Average Shares": NaN,
        "Diluted EPS": NaN,
        "Basic EPS": NaN,
        "Diluted NI Availto Com Stockholders": NaN,
        "Net Income Common Stockholders": NaN,
        "Net Income": NaN,
        "Minority Interests": NaN,
        "Net Income Including Noncontrolling Interests": NaN,
        "Net Income Continuous Operations": NaN,
        "Tax Provision": NaN,
        "Pretax Income": NaN,
        "Other Income Expense": NaN,
        "Other Non Operating Income Expenses": NaN,
        "Special Income Charges": NaN,
        "Gain On Sale Of Ppe": NaN,
        "Impairment Of Capital Assets": NaN,
        "Restructuring And Mergern Acquisition": NaN,
        "Gain On Sale Of Security": -49000000.0,
        "Net Non Operating Interest Income Expense": NaN,
        "Total Other Finance Cost": NaN,
        "Interest Expense Non Operating": NaN,
        "Interest Income Non Operating": NaN,
        "Operating Income": NaN,
        "Operating Expense": NaN,
        "Selling General And Administration": NaN,
        "General And Administrative Expense": NaN,
        "Other Gand A": NaN,
        "Salaries And Wages": NaN,
        "Gross Profit": NaN,
        "Cost Of Revenue": NaN,
        "Total Revenue": NaN,
        "Operating Revenue": NaN
    },
    "2024-03-31": {
        "Tax Effect Of Unusual Items": NaN,
        "Tax Rate For Calcs": NaN,
        "Normalized EBITDA": NaN,
        "Total Unusual Items": NaN,
        "Total Unusual Items Excluding Goodwill": NaN,
        "Net Income From Continuing Operation Net Minority Interest": NaN,
        "Reconciled Depreciation": NaN,
        "Reconciled Cost Of Revenue": NaN,
        "EBITDA": NaN,
        "EBIT": NaN,
        "Net Interest Income": NaN,
        "Interest Expense": NaN,
        "Interest Income": NaN,
        "Normalized Income": NaN,
        "Net Income From Continuing And Discontinued Operation": NaN,
        "Total Expenses": NaN,
        "Diluted Average Shares": NaN,
        "Basic Average Shares": NaN,
        "Diluted EPS": NaN,
        "Basic EPS": NaN,
        "Diluted NI Availto Com Stockholders": NaN,
        "Net Income Common Stockholders": NaN,
        "Net Income": NaN,
        "Minority Interests": NaN,
        "Net Income Including Noncontrolling Interests": NaN,
        "Net Income Continuous Operations": NaN,
        "Tax Provision": NaN,
        "Pretax Income": NaN,
        "Other Income Expense": NaN,
        "Other Non Operating Income Expenses": NaN,
        "Special Income Charges": NaN,
        "Gain On Sale Of Ppe": NaN,
        "Impairment Of Capital Assets": NaN,
        "Restructuring And Mergern Acquisition": NaN,
        "Gain On Sale Of Security": -1000000.0,
        "Net Non Operating Interest Income Expense": NaN,
        "Total Other Finance Cost": NaN,
        "Interest Expense Non Operating": NaN,
        "Interest Income Non Operating": NaN,
        "Operating Income": NaN,
        "Operating Expense": NaN,
        "Selling General And Administration": NaN,
        "General And Administrative Expense": 719000000.0,
        "Other Gand A": 696000000.0,
        "Salaries And Wages": 23000000.0,
        "Gross Profit": NaN,
        "Cost Of Revenue": NaN,
        "Total Revenue": NaN,
        "Operating Revenue": NaN
    },
    "2024-06-30": {
        "Tax Effect Of Unusual Items": 16590000.0,
        "Tax Rate For Calcs": 0.21,
        "Normalized EBITDA": 446000000.0,
        "Total Unusual Items": 79000000.0,
        "Total Unusual Items Excluding Goodwill": 79000000.0,
        "Net Income From Continuing Operation Net Minority Interest": 79000000.0,
        "Reconciled Depreciation": 262000000.0,
        "Reconciled Cost Of Revenue": 3627000000.0,
        "EBITDA": 525000000.0,
        "EBIT": 263000000.0,
        "Net Interest Income": -134000000.0,
        "Interest Expense": 130000000.0,
        "Interest Income": 12000000.0,
        "Normalized Income": 16590000.0,
        "Net Income From Continuing And Discontinued Operation": 79000000.0,
        "Total Expenses": 4358000000.0,
        "Diluted Average Shares": 288000000.0,
        "Basic Average Shares": 287000000.0,
        "Diluted EPS": 0.28,
        "Basic EPS": 0.28,
        "Diluted NI Availto Com Stockholders": 79000000.0,
        "Net Income Common Stockholders": 79000000.0,
        "Net Income": 79000000.0,
        "Minority Interests": 6000000.0,
        "Net Income Including Noncontrolling Interests": 73000000.0,
        "Net Income Continuous Operations": 73000000.0,
        "Tax Provision": 60000000.0,
        "Pretax Income": 133000000.0,
        "Other Income Expense": 55000000.0,
        "Other Non Operating Income Expenses": -24000000.0,
        "Special Income Charges": 77000000.0,
        "Gain On Sale Of Ppe": 96000000.0,
        "Impairment Of Capital Assets": NaN,
        "Restructuring And Mergern Acquisition": 19000000.0,
        "Gain On Sale Of Security": 2000000.0,
        "Net Non Operating Interest Income Expense": -134000000.0,
        "Total Other Finance Cost": 16000000.0,
        "Interest Expense Non Operating": 130000000.0,
        "Interest Income Non Operating": 12000000.0,
        "Operating Income": 212000000.0,
        "Operating Expense": 731000000.0,
        "Selling General And Administration": 731000000.0,
        "General And Administrative Expense": NaN,
        "Other Gand A": NaN,
        "Salaries And Wages": NaN,
        "Gross Profit": 943000000.0,
        "Cost Of Revenue": 3627000000.0,
        "Total Revenue": 4570000000.0,
        "Operating Revenue": 4563000000.0
    },
    "2024-09-30": {
        "Tax Effect Of Unusual Items": -28350000.0,
        "Tax Rate For Calcs": 0.21,
        "Normalized EBITDA": 499000000.0,
        "Total Unusual Items": -135000000.0,
        "Total Unusual Items Excluding Goodwill": -135000000.0,
        "Net Income From Continuing Operation Net Minority Interest": -34000000.0,
        "Reconciled Depreciation": 254000000.0,
        "Reconciled Cost Of Revenue": 3881000000.0,
        "EBITDA": 364000000.0,
        "EBIT": 110000000.0,
        "Net Interest Income": -137000000.0,
        "Interest Expense": 135000000.0,
        "Interest Income": 14000000.0,
        "Normalized Income": 72650000.0,
        "Net Income From Continuing And Discontinued Operation": -34000000.0,
        "Total Expenses": 4544000000.0,
        "Diluted Average Shares": 287000000.0,
        "Basic Average Shares": 287000000.0,
        "Diluted EPS": -0.12,
        "Basic EPS": -0.12,
        "Diluted NI Availto Com Stockholders": -34000000.0,
        "Net Income Common Stockholders": -34000000.0,
        "Net Income": -34000000.0,
        "Minority Interests": 0.0,
        "Net Income Including Noncontrolling Interests": -34000000.0,
        "Net Income Continuous Operations": -34000000.0,
        "Tax Provision": 9000000.0,
        "Pretax Income": -25000000.0,
        "Other Income Expense": -168000000.0,
        "Other Non Operating Income Expenses": -33000000.0,
        "Special Income Charges": -135000000.0,
        "Gain On Sale Of Ppe": 1000000.0,
        "Impairment Of Capital Assets": 125000000.0,
        "Restructuring And Mergern Acquisition": 11000000.0,
        "Gain On Sale Of Security": NaN,
        "Net Non Operating Interest Income Expense": -137000000.0,
        "Total Other Finance Cost": 16000000.0,
        "Interest Expense Non Operating": 135000000.0,
        "Interest Income Non Operating": 14000000.0,
        "Operating Income": 280000000.0,
        "Operating Expense": 663000000.0,
        "Selling General And Administration": 663000000.0,
        "General And Administrative Expense": NaN,
        "Other Gand A": NaN,
        "Salaries And Wages": NaN,
        "Gross Profit": 943000000.0,
        "Cost Of Revenue": 3881000000.0,
        "Total Revenue": 4824000000.0,
        "Operating Revenue": 4824000000.0
    },
    "2024-12-31": {
        "Tax Effect Of Unusual Items": -10434782.608696,
        "Tax Rate For Calcs": 0.217391,
        "Normalized EBITDA": 520000000.0,
        "Total Unusual Items": -48000000.0,
        "Total Unusual Items Excluding Goodwill": -48000000.0,
        "Net Income From Continuing Operation Net Minority Interest": 76000000.0,
        "Reconciled Depreciation": 249000000.0,
        "Reconciled Cost Of Revenue": 3958000000.0,
        "EBITDA": 472000000.0,
        "EBIT": 223000000.0,
        "Net Interest Income": -133000000.0,
        "Interest Expense": 131000000.0,
        "Interest Income": 13000000.0,
        "Normalized Income": 113565217.391304,
        "Net Income From Continuing And Discontinued Operation": 76000000.0,
        "Total Expenses": 4650000000.0,
        "Diluted Average Shares": 288000000.0,
        "Basic Average Shares": 287000000.0,
        "Diluted EPS": 0.26,
        "Basic EPS": 0.27,
        "Diluted NI Availto Com Stockholders": 76000000.0,
        "Net Income Common Stockholders": 76000000.0,
        "Net Income": 76000000.0,
        "Minority Interests": 4000000.0,
        "Net Income Including Noncontrolling Interests": 72000000.0,
        "Net Income Continuous Operations": 72000000.0,
        "Tax Provision": 20000000.0,
        "Pretax Income": 92000000.0,
        "Other Income Expense": -72000000.0,
        "Other Non Operating Income Expenses": -24000000.0,
        "Special Income Charges": -36000000.0,
        "Gain On Sale Of Ppe": -2000000.0,
        "Impairment Of Capital Assets": 0.0,
        "Restructuring And Mergern Acquisition": 34000000.0,
        "Gain On Sale Of Security": -12000000.0,
        "Net Non Operating Interest Income Expense": -133000000.0,
        "Total Other Finance Cost": 15000000.0,
        "Interest Expense Non Operating": 131000000.0,
        "Interest Income Non Operating": 13000000.0,
        "Operating Income": 297000000.0,
        "Operating Expense": 692000000.0,
        "Selling General And Administration": 692000000.0,
        "General And Administrative Expense": NaN,
        "Other Gand A": NaN,
        "Salaries And Wages": NaN,
        "Gross Profit": 989000000.0,
        "Cost Of Revenue": 3958000000.0,
        "Total Revenue": 4947000000.0,
        "Operating Revenue": 4947000000.0
    },
    "2025-03-31": {
        "Tax Effect Of Unusual Items": 18358778.625954,
        "Tax Rate For Calcs": 0.099237,
        "Normalized EBITDA": 331000000.0,
        "Total Unusual Items": 185000000.0,
        "Total Unusual Items Excluding Goodwill": 185000000.0,
        "Net Income From Continuing Operation Net Minority Interest": 115000000.0,
        "Reconciled Depreciation": 270000000.0,
        "Reconciled Cost Of Revenue": 3513000000.0,
        "EBITDA": 516000000.0,
        "EBIT": 246000000.0,
        "Net Interest Income": -120000000.0,
        "Interest Expense": 115000000.0,
        "Interest Income": 10000000.0,
        "Normalized Income": -51641221.374046,
        "Net Income From Continuing And Discontinued Operation": 115000000.0,
        "Total Expenses": 4163000000.0,
        "Diluted Average Shares": 289000000.0,
        "Basic Average Shares": 287000000.0,
        "Diluted EPS": 0.4,
        "Basic EPS": 0.4,
        "Diluted NI Availto Com Stockholders": 115000000.0,
        "Net Income Common Stockholders": 115000000.0,
        "Net Income": 115000000.0,
        "Minority Interests": -3000000.0,
        "Net Income Including Noncontrolling Interests": 118000000.0,
        "Net Income Continuous Operations": 118000000.0,
        "Tax Provision": 13000000.0,
        "Pretax Income": 131000000.0,
        "Other Income Expense": 161000000.0,
        "Other Non Operating Income Expenses": -24000000.0,
        "Special Income Charges": 181000000.0,
        "Gain On Sale Of Ppe": 262000000.0,
        "Impairment Of Capital Assets": NaN,
        "Restructuring And Mergern Acquisition": 81000000.0,
        "Gain On Sale Of Security": 4000000.0,
        "Net Non Operating Interest Income Expense": -120000000.0,
        "Total Other Finance Cost": 15000000.0,
        "Interest Expense Non Operating": 115000000.0,
        "Interest Income Non Operating": 10000000.0,
        "Operating Income": 90000000.0,
        "Operating Expense": 650000000.0,
        "Selling General And Administration": 650000000.0,
        "General And Administrative Expense": NaN,
        "Other Gand A": NaN,
        "Salaries And Wages": NaN,
        "Gross Profit": 740000000.0,
        "Cost Of Revenue": 3513000000.0,
        "Total Revenue": 4253000000.0,
        "Operating Revenue": 4246000000.0
    },
    "2025-06-30": {
        "Tax Effect Of Unusual Items": 29114754.098361,
        "Tax Rate For Calcs": 0.078689,
        "Normalized EBITDA": 321000000.0,
        "Total Unusual Items": 370000000.0,
        "Total Unusual Items Excluding Goodwill": 370000000.0,
        "Net Income From Continuing Operation Net Minority Interest": 254000000.0,
        "Reconciled Depreciation": 274000000.0,
        "Reconciled Cost Of Revenue": 3705000000.0,
        "EBITDA": 691000000.0,
        "EBIT": 417000000.0,
        "Net Interest Income": -120000000.0,
        "Interest Expense": 112000000.0,
        "Interest Income": 8000000.0,
        "Normalized Income": -86885245.901639,
        "Net Income From Continuing And Discontinued Operation": 254000000.0,
        "Total Expenses": 4397000000.0,
        "Diluted Average Shares": 290000000.0,
        "Basic Average Shares": 287000000.0,
        "Diluted EPS": 0.87,
        "Basic EPS": 0.88,
        "Diluted NI Availto Com Stockholders": 254000000.0,
        "Net Income Common Stockholders": 254000000.0,
        "Net Income": 254000000.0,
        "Minority Interests": -27000000.0,
        "Net Income Including Noncontrolling Interests": 281000000.0,
        "Net Income Continuous Operations": 281000000.0,
        "Tax Provision": 24000000.0,
        "Pretax Income": 305000000.0,
        "Other Income Expense": 357000000.0,
        "Other Non Operating Income Expenses": -13000000.0,
        "Special Income Charges": 380000000.0,
        "Gain On Sale Of Ppe": 439000000.0,
        "Impairment Of Capital Assets": NaN,
        "Restructuring And Mergern Acquisition": 59000000.0,
        "Gain On Sale Of Security": -10000000.0,
        "Net Non Operating Interest Income Expense": -120000000.0,
        "Total Other Finance Cost": 16000000.0,
        "Interest Expense Non Operating": 112000000.0,
        "Interest Income Non Operating": 8000000.0,
        "Operating Income": 68000000.0,
        "Operating Expense": 692000000.0,
        "Selling General And Administration": 692000000.0,
        "General And Administrative Expense": NaN,
        "Other Gand A": NaN,
        "Salaries And Wages": NaN,
        "Gross Profit": 760000000.0,
        "Cost Of Revenue": 3705000000.0,
        "Total Revenue": 4465000000.0,
        "Operating Revenue": 4456000000.0
    }
}