{
    "2023-03-31": {
        "Tax Effect Of Unusual Items": NaN,
        "Tax Rate For Calcs": NaN,
        "Normalized EBITDA": NaN,
        "Net Income From Continuing Operation Net Minority Interest": NaN,
        "Reconciled Depreciation": NaN,
        "Reconciled Cost Of Revenue": NaN,
        "EBITDA": NaN,
        "EBIT": NaN,
        "Net Interest Income": NaN,
        "Interest Expense": NaN,
        "Interest Income": NaN,
        "Normalized Income": NaN,
        "Net Income From Continuing And Discontinued Operation": NaN,
        "Total Expenses": NaN,
        "Total Operating Income As Reported": NaN,
        "Diluted Average Shares": 51647934.0,
        "Basic Average Shares": 51647934.0,
        "Diluted EPS": -0.53,
        "Basic EPS": -0.53,
        "Diluted NI Availto Com Stockholders": NaN,
        "Net Income Common Stockholders": NaN,
        "Net Income": NaN,
        "Net Income Including Noncontrolling Interests": NaN,
        "Net Income Continuous Operations": NaN,
        "Tax Provision": NaN,
        "Pretax Income": NaN,
        "Other Income Expense": NaN,
        "Other Non Operating Income Expenses": NaN,
        "Net Non Operating Interest Income Expense": NaN,
        "Interest Expense Non Operating": NaN,
        "Interest Income Non Operating": NaN,
        "Operating Income": NaN,
        "Operating Expense": NaN,
        "Research And Development": NaN,
        "Selling General And Administration": NaN,
        "Gross Profit": NaN,
        "Cost Of Revenue": NaN,
        "Total Revenue": NaN,
        "Operating Revenue": NaN
    },
    "2022-12-31": {
        "Tax Effect Of Unusual Items": 0.0,
        "Tax Rate For Calcs": 0.21,
        "Normalized EBITDA": -30035000.0,
        "Net Income From Continuing Operation Net Minority Interest": -33649000.0,
        "Reconciled Depreciation": 137000.0,
        "Reconciled Cost Of Revenue": 992000.0,
        "EBITDA": -30035000.0,
        "EBIT": -30172000.0,
        "Net Interest Income": -2518000.0,
        "Interest Expense": 2996000.0,
        "Interest Income": 478000.0,
        "Normalized Income": -33649000.0,
        "Net Income From Continuing And Discontinued Operation": -33649000.0,
        "Total Expenses": 41137000.0,
        "Total Operating Income As Reported": -30887000.0,
        "Diluted Average Shares": NaN,
        "Basic Average Shares": NaN,
        "Diluted EPS": NaN,
        "Basic EPS": NaN,
        "Diluted NI Availto Com Stockholders": -33649000.0,
        "Net Income Common Stockholders": -33649000.0,
        "Net Income": -33649000.0,
        "Net Income Including Noncontrolling Interests": -33649000.0,
        "Net Income Continuous Operations": -33649000.0,
        "Tax Provision": 481000.0,
        "Pretax Income": -33168000.0,
        "Other Income Expense": 237000.0,
        "Other Non Operating Income Expenses": 237000.0,
        "Net Non Operating Interest Income Expense": -2518000.0,
        "Interest Expense Non Operating": 2996000.0,
        "Interest Income Non Operating": 478000.0,
        "Operating Income": -30887000.0,
        "Operating Expense": 40145000.0,
        "Research And Development": 16587000.0,
        "Selling General And Administration": 23558000.0,
        "Gross Profit": 9258000.0,
        "Cost Of Revenue": 992000.0,
        "Total Revenue": 10250000.0,
        "Operating Revenue": 10250000.0
    },
    "2022-09-30": {
        "Tax Effect Of Unusual Items": NaN,
        "Tax Rate For Calcs": NaN,
        "Normalized EBITDA": NaN,
        "Net Income From Continuing Operation Net Minority Interest": NaN,
        "Reconciled Depreciation": NaN,
        "Reconciled Cost Of Revenue": NaN,
        "EBITDA": NaN,
        "EBIT": NaN,
        "Net Interest Income": NaN,
        "Interest Expense": NaN,
        "Interest Income": NaN,
        "Normalized Income": NaN,
        "Net Income From Continuing And Discontinued Operation": NaN,
        "Total Expenses": NaN,
        "Total Operating Income As Reported": NaN,
        "Diluted Average Shares": 42799342.0,
        "Basic Average Shares": 42799342.0,
        "Diluted EPS": -0.59,
        "Basic EPS": -0.59,
        "Diluted NI Availto Com Stockholders": NaN,
        "Net Income Common Stockholders": NaN,
        "Net Income": NaN,
        "Net Income Including Noncontrolling Interests": NaN,
        "Net Income Continuous Operations": NaN,
        "Tax Provision": NaN,
        "Pretax Income": NaN,
        "Other Income Expense": NaN,
        "Other Non Operating Income Expenses": NaN,
        "Net Non Operating Interest Income Expense": NaN,
        "Interest Expense Non Operating": NaN,
        "Interest Income Non Operating": NaN,
        "Operating Income": NaN,
        "Operating Expense": NaN,
        "Research And Development": NaN,
        "Selling General And Administration": NaN,
        "Gross Profit": NaN,
        "Cost Of Revenue": NaN,
        "Total Revenue": NaN,
        "Operating Revenue": NaN
    },
    "2022-06-30": {
        "Tax Effect Of Unusual Items": 0.0,
        "Tax Rate For Calcs": 0.0,
        "Normalized EBITDA": -36900000.0,
        "Net Income From Continuing Operation Net Minority Interest": -39446000.0,
        "Reconciled Depreciation": 139000.0,
        "Reconciled Cost Of Revenue": 976000.0,
        "EBITDA": -36900000.0,
        "EBIT": -37039000.0,
        "Net Interest Income": -2357000.0,
        "Interest Expense": 2407000.0,
        "Interest Income": 50000.0,
        "Normalized Income": -39446000.0,
        "Net Income From Continuing And Discontinued Operation": -39446000.0,
        "Total Expenses": 47535000.0,
        "Total Operating Income As Reported": -36962000.0,
        "Diluted Average Shares": 42707703.0,
        "Basic Average Shares": 42707703.0,
        "Diluted EPS": -0.92,
        "Basic EPS": -0.92,
        "Diluted NI Availto Com Stockholders": -39446000.0,
        "Net Income Common Stockholders": -39446000.0,
        "Net Income": -39446000.0,
        "Net Income Including Noncontrolling Interests": -39446000.0,
        "Net Income Continuous Operations": -39446000.0,
        "Tax Provision": 0.0,
        "Pretax Income": -39446000.0,
        "Other Income Expense": -127000.0,
        "Other Non Operating Income Expenses": -127000.0,
        "Net Non Operating Interest Income Expense": -2357000.0,
        "Interest Expense Non Operating": 2407000.0,
        "Interest Income Non Operating": 50000.0,
        "Operating Income": -36962000.0,
        "Operating Expense": 46559000.0,
        "Research And Development": 20843000.0,
        "Selling General And Administration": 25716000.0,
        "Gross Profit": 9597000.0,
        "Cost Of Revenue": 976000.0,
        "Total Revenue": 10573000.0,
        "Operating Revenue": 10573000.0
    },
    "2023-06-30": {
        "Tax Effect Of Unusual Items": 0.0,
        "Tax Rate For Calcs": 0.131,
        "Normalized EBITDA": 12858000.0,
        "Net Income From Continuing Operation Net Minority Interest": 8710000.0,
        "Reconciled Depreciation": 130000.0,
        "Reconciled Cost Of Revenue": 1404000.0,
        "EBITDA": 12858000.0,
        "EBIT": 12728000.0,
        "Net Interest Income": -2067000.0,
        "Interest Expense": 2710000.0,
        "Interest Income": 643000.0,
        "Normalized Income": 8710000.0,
        "Net Income From Continuing And Discontinued Operation": 8710000.0,
        "Total Expenses": 30876000.0,
        "Total Operating Income As Reported": 11516000.0,
        "Diluted Average Shares": 61040507.0,
        "Basic Average Shares": 51667099.0,
        "Diluted EPS": 0.14,
        "Basic EPS": 0.17,
        "Diluted NI Availto Com Stockholders": 8710000.0,
        "Net Income Common Stockholders": 8710000.0,
        "Net Income": 8710000.0,
        "Net Income Including Noncontrolling Interests": 8710000.0,
        "Net Income Continuous Operations": 8710000.0,
        "Tax Provision": 1308000.0,
        "Pretax Income": 10018000.0,
        "Other Income Expense": 569000.0,
        "Other Non Operating Income Expenses": 569000.0,
        "Net Non Operating Interest Income Expense": -2067000.0,
        "Interest Expense Non Operating": 2710000.0,
        "Interest Income Non Operating": 643000.0,
        "Operating Income": 11516000.0,
        "Operating Expense": 29472000.0,
        "Research And Development": 12040000.0,
        "Selling General And Administration": 17432000.0,
        "Gross Profit": 40988000.0,
        "Cost Of Revenue": 1404000.0,
        "Total Revenue": 42392000.0,
        "Operating Revenue": 42392000.0
    },
    "2022-03-31": {
        "Diluted EPS": -1.15,
        "Total Revenue": 7,
        "Gross Profit": 6,
        "Operating Income": -47,
        "EBIT": -46,
        "Net Income": -49
    },
    "2021-12-31": {
        "Diluted EPS": -0.95,
        "Total Revenue": 6,
        "Gross Profit": 5,
        "Operating Income": -38,
        "EBIT": -37,
        "Net Income": -40
    },
    "2021-09-30": {
        "Diluted EPS": -1.0,
        "Total Revenue": 5,
        "Gross Profit": 4,
        "Operating Income": -41,
        "EBIT": -41,
        "Net Income": -42
    },
    "2021-06-30": {
        "Diluted EPS": -0.94,
        "Total Revenue": 7,
        "Gross Profit": 6,
        "Operating Income": -38,
        "EBIT": -38,
        "Net Income": -39
    },
    "2021-03-31": {
        "Diluted EPS": -0.65,
        "Total Revenue": 14,
        "Gross Profit": 14,
        "Operating Income": -26,
        "EBIT": -25,
        "Net Income": -26
    },
    "2020-12-31": {
        "Diluted EPS": -0.66,
        "Total Revenue": 17,
        "Gross Profit": 17,
        "Operating Income": -24,
        "EBIT": -24,
        "Net Income": -25
    },
    "2020-09-30": {
        "Diluted EPS": -0.31,
        "Total Revenue": 27,
        "Gross Profit": 27,
        "Operating Income": -10,
        "EBIT": -9,
        "Net Income": -12
    },
    "2020-06-30": {
        "Diluted EPS": -0.83,
        "Total Revenue": 2,
        "Gross Profit": 2,
        "Operating Income": -31,
        "EBIT": -31,
        "Net Income": -31
    },
    "2020-03-31": {
        "Diluted EPS": -0.82,
        "Total Revenue": NaN,
        "Gross Profit": NaN,
        "Operating Income": -32,
        "EBIT": -32,
        "Net Income": -31
    },
    "2019-12-31": {
        "Diluted EPS": -0.95,
        "Total Revenue": NaN,
        "Gross Profit": NaN,
        "Operating Income": -37,
        "EBIT": -36,
        "Net Income": -35
    },
    "2019-09-30": {
        "Diluted EPS": -0.86,
        "Total Revenue": NaN,
        "Gross Profit": NaN,
        "Operating Income": -34,
        "EBIT": -34,
        "Net Income": -32
    },
    "2019-06-30": {
        "Diluted EPS": -0.82,
        "Total Revenue": NaN,
        "Gross Profit": NaN,
        "Operating Income": -33,
        "EBIT": -33,
        "Net Income": -31
    },
    "2019-03-31": {
        "Diluted EPS": -0.64,
        "Total Revenue": NaN,
        "Gross Profit": NaN,
        "Operating Income": -26,
        "EBIT": -26,
        "Net Income": -24
    },
    "2018-12-31": {
        "Diluted EPS": -0.63,
        "Total Revenue": NaN,
        "Gross Profit": NaN,
        "Operating Income": -26,
        "EBIT": -26,
        "Net Income": -24
    },
    "2018-09-30": {
        "Diluted EPS": -0.59,
        "Total Revenue": NaN,
        "Gross Profit": NaN,
        "Operating Income": -21,
        "EBIT": -21,
        "Net Income": -20
    },
    "2018-06-30": {
        "Diluted EPS": -0.64,
        "Total Revenue": NaN,
        "Gross Profit": NaN,
        "Operating Income": -22,
        "EBIT": -22,
        "Net Income": -21
    },
    "2018-03-31": {
        "Diluted EPS": -0.7,
        "Total Revenue": NaN,
        "Gross Profit": NaN,
        "Operating Income": -21,
        "EBIT": -21,
        "Net Income": -20
    },
    "2017-12-31": {
        "Diluted EPS": 9.31,
        "Total Revenue": NaN,
        "Gross Profit": NaN,
        "Operating Income": -17,
        "EBIT": -17,
        "Net Income": -17
    },
    "2017-09-30": {
        "Diluted EPS": -0.55,
        "Total Revenue": NaN,
        "Gross Profit": NaN,
        "Operating Income": -16,
        "EBIT": -16,
        "Net Income": -16
    },
    "2017-06-30": {
        "Diluted EPS": -1.09,
        "Total Revenue": NaN,
        "Gross Profit": NaN,
        "Operating Income": -15,
        "EBIT": -15,
        "Net Income": -15
    },
    "2017-03-31": {
        "Diluted EPS": -11.24,
        "Total Revenue": NaN,
        "Gross Profit": NaN,
        "Operating Income": -12,
        "EBIT": -12,
        "Net Income": -17
    },
    "2016-12-31": {
        "Diluted EPS": 0.0,
        "Total Revenue": NaN,
        "Gross Profit": NaN,
        "Operating Income": NaN,
        "EBIT": NaN,
        "Net Income": NaN
    },
    "2016-09-30": {
        "Diluted EPS": -5.21,
        "Total Revenue": NaN,
        "Gross Profit": NaN,
        "Operating Income": -7,
        "EBIT": -7,
        "Net Income": -8
    },
    "2016-06-30": {
        "Diluted EPS": -5.63,
        "Total Revenue": NaN,
        "Gross Profit": NaN,
        "Operating Income": -7,
        "EBIT": -7,
        "Net Income": -8
    },
    "2015-12-31": {
        "Diluted EPS": 0.0,
        "Total Revenue": NaN,
        "Gross Profit": NaN,
        "Operating Income": NaN,
        "EBIT": NaN,
        "Net Income": NaN
    },
    "2023-09-30": {
        "Tax Effect Of Unusual Items": 0.0,
        "Tax Rate For Calcs": 0.21,
        "Normalized EBITDA": -15057000.0,
        "Net Income From Continuing Operation Net Minority Interest": -18204000.0,
        "Reconciled Depreciation": 127000.0,
        "Reconciled Cost Of Revenue": 3076000.0,
        "EBITDA": -15057000.0,
        "EBIT": -15184000.0,
        "Net Interest Income": -1530000.0,
        "Interest Expense": 2115000.0,
        "Interest Income": 585000.0,
        "Normalized Income": -18204000.0,
        "Net Income From Continuing And Discontinued Operation": -18204000.0,
        "Total Expenses": 28668000.0,
        "Total Operating Income As Reported": -16368000.0,
        "Diluted Average Shares": 51777731.0,
        "Basic Average Shares": 51777731.0,
        "Diluted EPS": -0.35,
        "Basic EPS": -0.35,
        "Diluted NI Availto Com Stockholders": -18204000.0,
        "Net Income Common Stockholders": -18204000.0,
        "Net Income": -18204000.0,
        "Net Income Including Noncontrolling Interests": -18204000.0,
        "Net Income Continuous Operations": -18204000.0,
        "Tax Provision": 905000.0,
        "Pretax Income": -17299000.0,
        "Other Income Expense": 599000.0,
        "Other Non Operating Income Expenses": 599000.0,
        "Net Non Operating Interest Income Expense": -1530000.0,
        "Interest Expense Non Operating": 2115000.0,
        "Interest Income Non Operating": 585000.0,
        "Operating Income": -16368000.0,
        "Operating Expense": 25592000.0,
        "Research And Development": 8811000.0,
        "Selling General And Administration": 16781000.0,
        "Gross Profit": 9224000.0,
        "Cost Of Revenue": 3076000.0,
        "Total Revenue": 12300000.0,
        "Operating Revenue": 12300000.0
    },
    "2023-12-31": {
        "Tax Effect Of Unusual Items": 0.0,
        "Tax Rate For Calcs": 0.21,
        "Normalized EBITDA": -7728000.0,
        "Net Income From Continuing Operation Net Minority Interest": -10878000.0,
        "Reconciled Depreciation": 124000.0,
        "Reconciled Cost Of Revenue": 1256000.0,
        "EBITDA": -7728000.0,
        "EBIT": -7852000.0,
        "Net Interest Income": -1595000.0,
        "Interest Expense": 2124000.0,
        "Interest Income": 529000.0,
        "Normalized Income": -10878000.0,
        "Net Income From Continuing And Discontinued Operation": -10878000.0,
        "Total Expenses": 23802000.0,
        "Total Operating Income As Reported": -8929000.0,
        "Diluted Average Shares": NaN,
        "Basic Average Shares": NaN,
        "Diluted EPS": NaN,
        "Basic EPS": NaN,
        "Diluted NI Availto Com Stockholders": -10878000.0,
        "Net Income Common Stockholders": -10878000.0,
        "Net Income": -10878000.0,
        "Net Income Including Noncontrolling Interests": -10878000.0,
        "Net Income Continuous Operations": -10878000.0,
        "Tax Provision": 902000.0,
        "Pretax Income": -9976000.0,
        "Other Income Expense": 548000.0,
        "Other Non Operating Income Expenses": 548000.0,
        "Net Non Operating Interest Income Expense": -1595000.0,
        "Interest Expense Non Operating": 2124000.0,
        "Interest Income Non Operating": 529000.0,
        "Operating Income": -8929000.0,
        "Operating Expense": 22546000.0,
        "Research And Development": 7380000.0,
        "Selling General And Administration": 15166000.0,
        "Gross Profit": 13617000.0,
        "Cost Of Revenue": 1256000.0,
        "Total Revenue": 14873000.0,
        "Operating Revenue": 14873000.0
    },
    "2024-03-31": {
        "Tax Effect Of Unusual Items": 0.0,
        "Tax Rate For Calcs": 0.0,
        "Normalized EBITDA": -8121000.0,
        "Net Income From Continuing Operation Net Minority Interest": -10219000.0,
        "Reconciled Depreciation": 120000.0,
        "Reconciled Cost Of Revenue": 1079000.0,
        "EBITDA": -8121000.0,
        "EBIT": -8241000.0,
        "Net Interest Income": -1697000.0,
        "Interest Expense": 1978000.0,
        "Interest Income": 281000.0,
        "Normalized Income": -10219000.0,
        "Net Income From Continuing And Discontinued Operation": -10219000.0,
        "Total Expenses": 23524000.0,
        "Total Operating Income As Reported": -9048000.0,
        "Diluted Average Shares": 52171684.0,
        "Basic Average Shares": 52171684.0,
        "Diluted EPS": -0.2,
        "Basic EPS": -0.2,
        "Diluted NI Availto Com Stockholders": -10219000.0,
        "Net Income Common Stockholders": -10219000.0,
        "Net Income": -10219000.0,
        "Net Income Including Noncontrolling Interests": -10219000.0,
        "Net Income Continuous Operations": -10219000.0,
        "Tax Provision": 0.0,
        "Pretax Income": -10219000.0,
        "Other Income Expense": 526000.0,
        "Other Non Operating Income Expenses": 526000.0,
        "Net Non Operating Interest Income Expense": -1697000.0,
        "Interest Expense Non Operating": 1978000.0,
        "Interest Income Non Operating": 281000.0,
        "Operating Income": -9048000.0,
        "Operating Expense": 22445000.0,
        "Research And Development": 7318000.0,
        "Selling General And Administration": 15127000.0,
        "Gross Profit": 13397000.0,
        "Cost Of Revenue": 1079000.0,
        "Total Revenue": 14476000.0,
        "Operating Revenue": 14476000.0
    },
    "2024-06-30": {
        "Tax Effect Of Unusual Items": 0.0,
        "Tax Rate For Calcs": 0.0,
        "Normalized EBITDA": -2622000.0,
        "Net Income From Continuing Operation Net Minority Interest": -5469000.0,
        "Reconciled Depreciation": 121000.0,
        "Reconciled Cost Of Revenue": 733000.0,
        "EBITDA": -2622000.0,
        "EBIT": -2743000.0,
        "Net Interest Income": -2501000.0,
        "Interest Expense": 2726000.0,
        "Interest Income": 225000.0,
        "Normalized Income": -5469000.0,
        "Net Income From Continuing And Discontinued Operation": -5469000.0,
        "Total Expenses": 20081000.0,
        "Total Operating Income As Reported": -3535000.0,
        "Diluted Average Shares": 52475190.0,
        "Basic Average Shares": 52475190.0,
        "Diluted EPS": -0.1,
        "Basic EPS": -0.1,
        "Diluted NI Availto Com Stockholders": -5469000.0,
        "Net Income Common Stockholders": -5469000.0,
        "Net Income": -5469000.0,
        "Net Income Including Noncontrolling Interests": -5469000.0,
        "Net Income Continuous Operations": -5469000.0,
        "Tax Provision": 0.0,
        "Pretax Income": -5469000.0,
        "Other Income Expense": 567000.0,
        "Other Non Operating Income Expenses": 567000.0,
        "Net Non Operating Interest Income Expense": -2501000.0,
        "Interest Expense Non Operating": 2726000.0,
        "Interest Income Non Operating": 225000.0,
        "Operating Income": -3535000.0,
        "Operating Expense": 19348000.0,
        "Research And Development": 5738000.0,
        "Selling General And Administration": 13610000.0,
        "Gross Profit": 15813000.0,
        "Cost Of Revenue": 733000.0,
        "Total Revenue": 16546000.0,
        "Operating Revenue": 16546000.0
    }
}