{
    "2024-12-31": {
        "Tax Effect Of Unusual Items": 0.0,
        "Tax Rate For Calcs": 0.21,
        "Normalized EBITDA": 23700000.0,
        "Total Unusual Items": 0.0,
        "Total Unusual Items Excluding Goodwill": 0.0,
        "Net Income From Continuing Operation Net Minority Interest": 14600000.0,
        "Reconciled Depreciation": 22400000.0,
        "Reconciled Cost Of Revenue": 36200000.0,
        "EBITDA": 23700000.0,
        "EBIT": 1300000.0,
        "Net Interest Income": -9800000.0,
        "Interest Expense": 9800000.0,
        "Normalized Income": 14600000.0,
        "Net Income From Continuing And Discontinued Operation": 14600000.0,
        "Total Expenses": 278200000.0,
        "Total Operating Income As Reported": 30900000.0,
        "Diluted Average Shares": 365000000.0,
        "Basic Average Shares": 365000000.0,
        "Diluted EPS": 0.04,
        "Basic EPS": 0.04,
        "Diluted NI Availto Com Stockholders": 14600000.0,
        "Net Income Common Stockholders": 14600000.0,
        "Net Income": 14600000.0,
        "Net Income Including Noncontrolling Interests": 14600000.0,
        "Net Income Continuous Operations": 14600000.0,
        "Tax Provision": -23100000.0,
        "Pretax Income": -8500000.0,
        "Other Income Expense": -29600000.0,
        "Other Non Operating Income Expenses": -29600000.0,
        "Special Income Charges": 0.0,
        "Other Special Charges": 0.0,
        "Restructuring And Mergern Acquisition": NaN,
        "Net Non Operating Interest Income Expense": -9800000.0,
        "Interest Expense Non Operating": 9800000.0,
        "Operating Income": 30900000.0,
        "Operating Expense": 225000000.0,
        "Depreciation Amortization Depletion Income Statement": 5400000.0,
        "Depreciation And Amortization In Income Statement": 5400000.0,
        "Amortization": 5400000.0,
        "Amortization Of Intangibles Income Statement": 5400000.0,
        "Research And Development": 56400000.0,
        "Selling General And Administration": 163200000.0,
        "Selling And Marketing Expense": 114900000.0,
        "General And Administrative Expense": 48300000.0,
        "Other Gand A": 48300000.0,
        "Gross Profit": 255900000.0,
        "Cost Of Revenue": 53200000.0,
        "Total Revenue": 309100000.0,
        "Operating Revenue": 308400000.0
    },
    "2024-09-30": {
        "Tax Effect Of Unusual Items": 0.0,
        "Tax Rate For Calcs": 0.317,
        "Normalized EBITDA": 66900000.0,
        "Total Unusual Items": 0.0,
        "Total Unusual Items Excluding Goodwill": 0.0,
        "Net Income From Continuing Operation Net Minority Interest": 23800000.0,
        "Reconciled Depreciation": 22400000.0,
        "Reconciled Cost Of Revenue": 30300000.0,
        "EBITDA": 66900000.0,
        "EBIT": 44500000.0,
        "Net Interest Income": -9600000.0,
        "Interest Expense": 9600000.0,
        "Normalized Income": 23800000.0,
        "Net Income From Continuing And Discontinued Operation": 23800000.0,
        "Total Expenses": 260100000.0,
        "Total Operating Income As Reported": 43500000.0,
        "Diluted Average Shares": 354940772.0,
        "Basic Average Shares": 354940772.0,
        "Diluted EPS": 0.07,
        "Basic EPS": 0.07,
        "Diluted NI Availto Com Stockholders": 23800000.0,
        "Net Income Common Stockholders": 23800000.0,
        "Net Income": 23800000.0,
        "Net Income Including Noncontrolling Interests": 23800000.0,
        "Net Income Continuous Operations": 23800000.0,
        "Tax Provision": 11100000.0,
        "Pretax Income": 34900000.0,
        "Other Income Expense": 1000000.0,
        "Other Non Operating Income Expenses": 1000000.0,
        "Special Income Charges": 0.0,
        "Other Special Charges": NaN,
        "Restructuring And Mergern Acquisition": NaN,
        "Net Non Operating Interest Income Expense": -9600000.0,
        "Interest Expense Non Operating": 9600000.0,
        "Operating Income": 43500000.0,
        "Operating Expense": 212800000.0,
        "Depreciation Amortization Depletion Income Statement": 5400000.0,
        "Depreciation And Amortization In Income Statement": 5400000.0,
        "Amortization": 5400000.0,
        "Amortization Of Intangibles Income Statement": 5400000.0,
        "Research And Development": 47700000.0,
        "Selling General And Administration": 159700000.0,
        "Selling And Marketing Expense": 99100000.0,
        "General And Administrative Expense": 60600000.0,
        "Other Gand A": 60600000.0,
        "Gross Profit": 256300000.0,
        "Cost Of Revenue": 47300000.0,
        "Total Revenue": 303600000.0,
        "Operating Revenue": 303000000.0
    },
    "2024-06-30": {
        "Tax Effect Of Unusual Items": NaN,
        "Tax Rate For Calcs": NaN,
        "Normalized EBITDA": NaN,
        "Total Unusual Items": -700000.0,
        "Total Unusual Items Excluding Goodwill": -700000.0,
        "Net Income From Continuing Operation Net Minority Interest": NaN,
        "Reconciled Depreciation": NaN,
        "Reconciled Cost Of Revenue": NaN,
        "EBITDA": NaN,
        "EBIT": NaN,
        "Net Interest Income": NaN,
        "Interest Expense": NaN,
        "Normalized Income": NaN,
        "Net Income From Continuing And Discontinued Operation": NaN,
        "Total Expenses": NaN,
        "Total Operating Income As Reported": NaN,
        "Diluted Average Shares": NaN,
        "Basic Average Shares": NaN,
        "Diluted EPS": NaN,
        "Basic EPS": NaN,
        "Diluted NI Availto Com Stockholders": NaN,
        "Net Income Common Stockholders": NaN,
        "Net Income": NaN,
        "Net Income Including Noncontrolling Interests": NaN,
        "Net Income Continuous Operations": NaN,
        "Tax Provision": NaN,
        "Pretax Income": NaN,
        "Other Income Expense": NaN,
        "Other Non Operating Income Expenses": NaN,
        "Special Income Charges": -700000.0,
        "Other Special Charges": 700000.0,
        "Restructuring And Mergern Acquisition": NaN,
        "Net Non Operating Interest Income Expense": NaN,
        "Interest Expense Non Operating": NaN,
        "Operating Income": NaN,
        "Operating Expense": NaN,
        "Depreciation Amortization Depletion Income Statement": NaN,
        "Depreciation And Amortization In Income Statement": NaN,
        "Amortization": NaN,
        "Amortization Of Intangibles Income Statement": NaN,
        "Research And Development": NaN,
        "Selling General And Administration": NaN,
        "Selling And Marketing Expense": NaN,
        "General And Administrative Expense": NaN,
        "Other Gand A": NaN,
        "Gross Profit": NaN,
        "Cost Of Revenue": NaN,
        "Total Revenue": NaN,
        "Operating Revenue": NaN
    },
    "2024-03-31": {
        "Tax Effect Of Unusual Items": NaN,
        "Tax Rate For Calcs": NaN,
        "Normalized EBITDA": NaN,
        "Total Unusual Items": NaN,
        "Total Unusual Items Excluding Goodwill": NaN,
        "Net Income From Continuing Operation Net Minority Interest": NaN,
        "Reconciled Depreciation": NaN,
        "Reconciled Cost Of Revenue": NaN,
        "EBITDA": NaN,
        "EBIT": NaN,
        "Net Interest Income": NaN,
        "Interest Expense": NaN,
        "Normalized Income": NaN,
        "Net Income From Continuing And Discontinued Operation": NaN,
        "Total Expenses": NaN,
        "Total Operating Income As Reported": NaN,
        "Diluted Average Shares": NaN,
        "Basic Average Shares": NaN,
        "Diluted EPS": NaN,
        "Basic EPS": NaN,
        "Diluted NI Availto Com Stockholders": NaN,
        "Net Income Common Stockholders": NaN,
        "Net Income": NaN,
        "Net Income Including Noncontrolling Interests": NaN,
        "Net Income Continuous Operations": NaN,
        "Tax Provision": NaN,
        "Pretax Income": NaN,
        "Other Income Expense": NaN,
        "Other Non Operating Income Expenses": NaN,
        "Special Income Charges": NaN,
        "Other Special Charges": NaN,
        "Restructuring And Mergern Acquisition": 200000.0,
        "Net Non Operating Interest Income Expense": NaN,
        "Interest Expense Non Operating": NaN,
        "Operating Income": NaN,
        "Operating Expense": NaN,
        "Depreciation Amortization Depletion Income Statement": NaN,
        "Depreciation And Amortization In Income Statement": NaN,
        "Amortization": NaN,
        "Amortization Of Intangibles Income Statement": NaN,
        "Research And Development": NaN,
        "Selling General And Administration": NaN,
        "Selling And Marketing Expense": NaN,
        "General And Administrative Expense": NaN,
        "Other Gand A": NaN,
        "Gross Profit": NaN,
        "Cost Of Revenue": NaN,
        "Total Revenue": NaN,
        "Operating Revenue": NaN
    },
    "2023-12-31": {
        "Tax Effect Of Unusual Items": NaN,
        "Tax Rate For Calcs": NaN,
        "Normalized EBITDA": NaN,
        "Total Unusual Items": NaN,
        "Total Unusual Items Excluding Goodwill": NaN,
        "Net Income From Continuing Operation Net Minority Interest": NaN,
        "Reconciled Depreciation": NaN,
        "Reconciled Cost Of Revenue": NaN,
        "EBITDA": NaN,
        "EBIT": NaN,
        "Net Interest Income": NaN,
        "Interest Expense": NaN,
        "Normalized Income": NaN,
        "Net Income From Continuing And Discontinued Operation": NaN,
        "Total Expenses": NaN,
        "Total Operating Income As Reported": NaN,
        "Diluted Average Shares": NaN,
        "Basic Average Shares": NaN,
        "Diluted EPS": NaN,
        "Basic EPS": NaN,
        "Diluted NI Availto Com Stockholders": NaN,
        "Net Income Common Stockholders": NaN,
        "Net Income": NaN,
        "Net Income Including Noncontrolling Interests": NaN,
        "Net Income Continuous Operations": NaN,
        "Tax Provision": NaN,
        "Pretax Income": NaN,
        "Other Income Expense": NaN,
        "Other Non Operating Income Expenses": NaN,
        "Special Income Charges": NaN,
        "Other Special Charges": 2100000.0,
        "Restructuring And Mergern Acquisition": 400000.0,
        "Net Non Operating Interest Income Expense": NaN,
        "Interest Expense Non Operating": NaN,
        "Operating Income": NaN,
        "Operating Expense": NaN,
        "Depreciation Amortization Depletion Income Statement": NaN,
        "Depreciation And Amortization In Income Statement": NaN,
        "Amortization": NaN,
        "Amortization Of Intangibles Income Statement": NaN,
        "Research And Development": NaN,
        "Selling General And Administration": NaN,
        "Selling And Marketing Expense": NaN,
        "General And Administrative Expense": NaN,
        "Other Gand A": NaN,
        "Gross Profit": NaN,
        "Cost Of Revenue": NaN,
        "Total Revenue": NaN,
        "Operating Revenue": NaN
    },
    "2023-09-30": {
        "Tax Effect Of Unusual Items": NaN,
        "Tax Rate For Calcs": NaN,
        "Normalized EBITDA": NaN,
        "Total Unusual Items": NaN,
        "Total Unusual Items Excluding Goodwill": NaN,
        "Net Income From Continuing Operation Net Minority Interest": NaN,
        "Reconciled Depreciation": NaN,
        "Reconciled Cost Of Revenue": NaN,
        "EBITDA": NaN,
        "EBIT": NaN,
        "Net Interest Income": NaN,
        "Interest Expense": NaN,
        "Normalized Income": NaN,
        "Net Income From Continuing And Discontinued Operation": NaN,
        "Total Expenses": NaN,
        "Total Operating Income As Reported": NaN,
        "Diluted Average Shares": NaN,
        "Basic Average Shares": NaN,
        "Diluted EPS": NaN,
        "Basic EPS": NaN,
        "Diluted NI Availto Com Stockholders": NaN,
        "Net Income Common Stockholders": NaN,
        "Net Income": NaN,
        "Net Income Including Noncontrolling Interests": NaN,
        "Net Income Continuous Operations": NaN,
        "Tax Provision": NaN,
        "Pretax Income": NaN,
        "Other Income Expense": NaN,
        "Other Non Operating Income Expenses": NaN,
        "Special Income Charges": NaN,
        "Other Special Charges": NaN,
        "Restructuring And Mergern Acquisition": 5100000.0,
        "Net Non Operating Interest Income Expense": NaN,
        "Interest Expense Non Operating": NaN,
        "Operating Income": NaN,
        "Operating Expense": NaN,
        "Depreciation Amortization Depletion Income Statement": NaN,
        "Depreciation And Amortization In Income Statement": NaN,
        "Amortization": NaN,
        "Amortization Of Intangibles Income Statement": NaN,
        "Research And Development": NaN,
        "Selling General And Administration": NaN,
        "Selling And Marketing Expense": NaN,
        "General And Administrative Expense": NaN,
        "Other Gand A": NaN,
        "Gross Profit": NaN,
        "Cost Of Revenue": NaN,
        "Total Revenue": NaN,
        "Operating Revenue": NaN
    },
    "2025-03-31": {
        "Tax Effect Of Unusual Items": 0.0,
        "Tax Rate For Calcs": 0.322,
        "Normalized EBITDA": 71500000.0,
        "Total Unusual Items": NaN,
        "Total Unusual Items Excluding Goodwill": NaN,
        "Net Income From Continuing Operation Net Minority Interest": 26800000.0,
        "Reconciled Depreciation": 22100000.0,
        "Reconciled Cost Of Revenue": 30400000.0,
        "EBITDA": 71500000.0,
        "EBIT": 49400000.0,
        "Net Interest Income": -9800000.0,
        "Interest Expense": 9800000.0,
        "Normalized Income": 26800000.0,
        "Net Income From Continuing And Discontinued Operation": 26800000.0,
        "Total Expenses": 255400000.0,
        "Total Operating Income As Reported": 50300000.0,
        "Diluted Average Shares": 335000000.0,
        "Basic Average Shares": 335000000.0,
        "Diluted EPS": 0.08,
        "Basic EPS": 0.08,
        "Diluted NI Availto Com Stockholders": 26800000.0,
        "Net Income Common Stockholders": 26800000.0,
        "Net Income": 26800000.0,
        "Net Income Including Noncontrolling Interests": 26800000.0,
        "Net Income Continuous Operations": 26800000.0,
        "Tax Provision": 12800000.0,
        "Pretax Income": 39600000.0,
        "Other Income Expense": -900000.0,
        "Other Non Operating Income Expenses": -900000.0,
        "Special Income Charges": NaN,
        "Other Special Charges": NaN,
        "Restructuring And Mergern Acquisition": NaN,
        "Net Non Operating Interest Income Expense": -9800000.0,
        "Interest Expense Non Operating": 9800000.0,
        "Operating Income": 50300000.0,
        "Operating Expense": 208100000.0,
        "Depreciation Amortization Depletion Income Statement": 5200000.0,
        "Depreciation And Amortization In Income Statement": 5200000.0,
        "Amortization": 5200000.0,
        "Amortization Of Intangibles Income Statement": 5200000.0,
        "Research And Development": 51100000.0,
        "Selling General And Administration": 151800000.0,
        "Selling And Marketing Expense": 106000000.0,
        "General And Administrative Expense": 45800000.0,
        "Other Gand A": 45800000.0,
        "Gross Profit": 258400000.0,
        "Cost Of Revenue": 47300000.0,
        "Total Revenue": 305700000.0,
        "Operating Revenue": 305100000.0
    },
    "2025-06-30": {
        "Tax Effect Of Unusual Items": 0.0,
        "Tax Rate For Calcs": 0.21,
        "Normalized EBITDA": 89000000.0,
        "Total Unusual Items": 0.0,
        "Total Unusual Items Excluding Goodwill": 0.0,
        "Net Income From Continuing Operation Net Minority Interest": 24000000.0,
        "Reconciled Depreciation": 21300000.0,
        "Reconciled Cost Of Revenue": 33500000.0,
        "EBITDA": 89000000.0,
        "EBIT": 67700000.0,
        "Net Interest Income": -10700000.0,
        "Interest Expense": 10700000.0,
        "Normalized Income": 24000000.0,
        "Net Income From Continuing And Discontinued Operation": 24000000.0,
        "Total Expenses": 253000000.0,
        "Total Operating Income As Reported": 53700000.0,
        "Diluted Average Shares": 342857143.0,
        "Basic Average Shares": 342857143.0,
        "Diluted EPS": 0.07,
        "Basic EPS": 0.07,
        "Diluted NI Availto Com Stockholders": 24000000.0,
        "Net Income Common Stockholders": 24000000.0,
        "Net Income": 24000000.0,
        "Net Income Including Noncontrolling Interests": 24000000.0,
        "Net Income Continuous Operations": 24000000.0,
        "Tax Provision": 33000000.0,
        "Pretax Income": 57000000.0,
        "Other Income Expense": 14000000.0,
        "Other Non Operating Income Expenses": 14000000.0,
        "Special Income Charges": 0.0,
        "Other Special Charges": NaN,
        "Restructuring And Mergern Acquisition": NaN,
        "Net Non Operating Interest Income Expense": -10700000.0,
        "Interest Expense Non Operating": 10700000.0,
        "Operating Income": 53700000.0,
        "Operating Expense": 203500000.0,
        "Depreciation Amortization Depletion Income Statement": 5300000.0,
        "Depreciation And Amortization In Income Statement": 5300000.0,
        "Amortization": 5300000.0,
        "Amortization Of Intangibles Income Statement": 5300000.0,
        "Research And Development": 44600000.0,
        "Selling General And Administration": 153600000.0,
        "Selling And Marketing Expense": 106300000.0,
        "General And Administrative Expense": 47300000.0,
        "Other Gand A": 47300000.0,
        "Gross Profit": 257200000.0,
        "Cost Of Revenue": 49500000.0,
        "Total Revenue": 306700000.0,
        "Operating Revenue": 305200000.0
    },
    "2025-09-30": {
        "Tax Effect Of Unusual Items": 0.0,
        "Tax Rate For Calcs": 0.315,
        "Normalized EBITDA": 90600000.0,
        "Total Unusual Items": 0.0,
        "Total Unusual Items Excluding Goodwill": 0.0,
        "Net Income From Continuing Operation Net Minority Interest": 38700000.0,
        "Reconciled Depreciation": 22700000.0,
        "Reconciled Cost Of Revenue": 34200000.0,
        "EBITDA": 90600000.0,
        "EBIT": 67900000.0,
        "Net Interest Income": -11500000.0,
        "Interest Expense": 11500000.0,
        "Normalized Income": 38700000.0,
        "Net Income From Continuing And Discontinued Operation": 38700000.0,
        "Total Expenses": 250500000.0,
        "Total Operating Income As Reported": 67500000.0,
        "Diluted Average Shares": 316966947.0,
        "Basic Average Shares": 316966947.0,
        "Diluted EPS": 0.12,
        "Basic EPS": 0.12,
        "Diluted NI Availto Com Stockholders": 38700000.0,
        "Net Income Common Stockholders": 38700000.0,
        "Net Income": 38700000.0,
        "Net Income Including Noncontrolling Interests": 38700000.0,
        "Net Income Continuous Operations": 38700000.0,
        "Tax Provision": 17700000.0,
        "Pretax Income": 56400000.0,
        "Other Income Expense": 400000.0,
        "Other Non Operating Income Expenses": 400000.0,
        "Special Income Charges": 0.0,
        "Other Special Charges": NaN,
        "Restructuring And Mergern Acquisition": NaN,
        "Net Non Operating Interest Income Expense": -11500000.0,
        "Interest Expense Non Operating": 11500000.0,
        "Operating Income": 67500000.0,
        "Operating Expense": 198800000.0,
        "Depreciation Amortization Depletion Income Statement": 5200000.0,
        "Depreciation And Amortization In Income Statement": 5200000.0,
        "Amortization": 5200000.0,
        "Amortization Of Intangibles Income Statement": 5200000.0,
        "Research And Development": 44100000.0,
        "Selling General And Administration": 149500000.0,
        "Selling And Marketing Expense": 101600000.0,
        "General And Administrative Expense": 47900000.0,
        "Other Gand A": 47900000.0,
        "Gross Profit": 266300000.0,
        "Cost Of Revenue": 51700000.0,
        "Total Revenue": 318000000.0,
        "Operating Revenue": 316100000.0
    }
}