{
    "2023-03-31": {
        "Tax Effect Of Unusual Items": NaN,
        "Tax Rate For Calcs": NaN,
        "Normalized EBITDA": NaN,
        "Total Unusual Items": NaN,
        "Total Unusual Items Excluding Goodwill": NaN,
        "Net Income From Continuing Operation Net Minority Interest": NaN,
        "Reconciled Depreciation": NaN,
        "Reconciled Cost Of Revenue": NaN,
        "EBITDA": NaN,
        "EBIT": NaN,
        "Net Interest Income": NaN,
        "Interest Income": 1252000.0,
        "Normalized Income": NaN,
        "Net Income From Continuing And Discontinued Operation": NaN,
        "Total Expenses": NaN,
        "Total Operating Income As Reported": NaN,
        "Diluted Average Shares": NaN,
        "Basic Average Shares": NaN,
        "Diluted EPS": NaN,
        "Basic EPS": NaN,
        "Diluted NI Availto Com Stockholders": NaN,
        "Net Income Common Stockholders": NaN,
        "Net Income": NaN,
        "Net Income Including Noncontrolling Interests": NaN,
        "Net Income Continuous Operations": NaN,
        "Pretax Income": NaN,
        "Other Income Expense": NaN,
        "Other Non Operating Income Expenses": NaN,
        "Gain On Sale Of Security": NaN,
        "Net Non Operating Interest Income Expense": NaN,
        "Total Other Finance Cost": -1252000.0,
        "Interest Income Non Operating": 1252000.0,
        "Operating Income": NaN,
        "Operating Expense": NaN,
        "Research And Development": NaN,
        "Selling General And Administration": NaN,
        "Selling And Marketing Expense": NaN,
        "General And Administrative Expense": NaN,
        "Other Gand A": NaN,
        "Gross Profit": NaN,
        "Cost Of Revenue": NaN,
        "Total Revenue": NaN,
        "Operating Revenue": NaN
    },
    "2022-12-31": {
        "Tax Effect Of Unusual Items": NaN,
        "Tax Rate For Calcs": NaN,
        "Normalized EBITDA": NaN,
        "Total Unusual Items": 5004000.0,
        "Total Unusual Items Excluding Goodwill": 5004000.0,
        "Net Income From Continuing Operation Net Minority Interest": NaN,
        "Reconciled Depreciation": NaN,
        "Reconciled Cost Of Revenue": NaN,
        "EBITDA": NaN,
        "EBIT": NaN,
        "Net Interest Income": NaN,
        "Interest Income": NaN,
        "Normalized Income": NaN,
        "Net Income From Continuing And Discontinued Operation": NaN,
        "Total Expenses": NaN,
        "Total Operating Income As Reported": NaN,
        "Diluted Average Shares": 153414471.0,
        "Basic Average Shares": 153414471.0,
        "Diluted EPS": -0.16,
        "Basic EPS": -0.16,
        "Diluted NI Availto Com Stockholders": NaN,
        "Net Income Common Stockholders": NaN,
        "Net Income": NaN,
        "Net Income Including Noncontrolling Interests": NaN,
        "Net Income Continuous Operations": NaN,
        "Pretax Income": NaN,
        "Other Income Expense": NaN,
        "Other Non Operating Income Expenses": NaN,
        "Gain On Sale Of Security": 5004000.0,
        "Net Non Operating Interest Income Expense": NaN,
        "Total Other Finance Cost": NaN,
        "Interest Income Non Operating": NaN,
        "Operating Income": NaN,
        "Operating Expense": NaN,
        "Research And Development": NaN,
        "Selling General And Administration": NaN,
        "Selling And Marketing Expense": NaN,
        "General And Administrative Expense": NaN,
        "Other Gand A": NaN,
        "Gross Profit": NaN,
        "Cost Of Revenue": NaN,
        "Total Revenue": NaN,
        "Operating Revenue": NaN
    },
    "2022-09-30": {
        "Tax Effect Of Unusual Items": NaN,
        "Tax Rate For Calcs": NaN,
        "Normalized EBITDA": NaN,
        "Total Unusual Items": NaN,
        "Total Unusual Items Excluding Goodwill": NaN,
        "Net Income From Continuing Operation Net Minority Interest": NaN,
        "Reconciled Depreciation": NaN,
        "Reconciled Cost Of Revenue": 0.0,
        "EBITDA": NaN,
        "EBIT": NaN,
        "Net Interest Income": NaN,
        "Interest Income": NaN,
        "Normalized Income": NaN,
        "Net Income From Continuing And Discontinued Operation": NaN,
        "Total Expenses": NaN,
        "Total Operating Income As Reported": NaN,
        "Diluted Average Shares": NaN,
        "Basic Average Shares": NaN,
        "Diluted EPS": NaN,
        "Basic EPS": NaN,
        "Diluted NI Availto Com Stockholders": NaN,
        "Net Income Common Stockholders": NaN,
        "Net Income": NaN,
        "Net Income Including Noncontrolling Interests": NaN,
        "Net Income Continuous Operations": NaN,
        "Pretax Income": NaN,
        "Other Income Expense": NaN,
        "Other Non Operating Income Expenses": NaN,
        "Special Income Charges": -234000.0,
        "Other Special Charges": 234000.0,
        "Gain On Sale Of Security": NaN,
        "Net Non Operating Interest Income Expense": NaN,
        "Total Other Finance Cost": -781000.0,
        "Interest Income Non Operating": NaN,
        "Operating Income": NaN,
        "Operating Expense": NaN,
        "Research And Development": NaN,
        "Selling General And Administration": NaN,
        "Selling And Marketing Expense": NaN,
        "General And Administrative Expense": NaN,
        "Other Gand A": NaN,
        "Gross Profit": 192000.0,
        "Cost Of Revenue": 0.0,
        "Total Revenue": NaN,
        "Operating Revenue": NaN
    },
    "2022-06-30": {
        "Tax Effect Of Unusual Items": 0.0,
        "Tax Rate For Calcs": 0.0,
        "Normalized EBITDA": -32334000.0,
        "Total Unusual Items": 8158000.0,
        "Total Unusual Items Excluding Goodwill": 8158000.0,
        "Net Income From Continuing Operation Net Minority Interest": -15588000.0,
        "Reconciled Depreciation": 267000.0,
        "EBITDA": -24176000.0,
        "EBIT": -24176000.0,
        "Net Interest Income": 247000.0,
        "Interest Income": NaN,
        "Normalized Income": -23746000.0,
        "Net Income From Continuing And Discontinued Operation": -15588000.0,
        "Total Expenses": 24862000.0,
        "Total Operating Income As Reported": -24176000.0,
        "Diluted Average Shares": 152723980.0,
        "Basic Average Shares": 152723980.0,
        "Diluted EPS": -0.1,
        "Basic EPS": -0.1,
        "Diluted NI Availto Com Stockholders": -15588000.0,
        "Net Income Common Stockholders": -15588000.0,
        "Net Income": -15588000.0,
        "Net Income Including Noncontrolling Interests": -15588000.0,
        "Net Income Continuous Operations": -15588000.0,
        "Pretax Income": -15588000.0,
        "Other Income Expense": 8341000.0,
        "Other Non Operating Income Expenses": 183000.0,
        "Special Income Charges": 438000.0,
        "Other Special Charges": -438000.0,
        "Gain On Sale Of Security": 8158000.0,
        "Net Non Operating Interest Income Expense": 247000.0,
        "Total Other Finance Cost": -247000.0,
        "Interest Income Non Operating": NaN,
        "Operating Income": -24176000.0,
        "Operating Expense": 24862000.0,
        "Research And Development": 16165000.0,
        "Selling General And Administration": 8697000.0,
        "Selling And Marketing Expense": 1900000.0,
        "General And Administrative Expense": 6797000.0,
        "Other Gand A": 6797000.0,
        "Total Revenue": 686000.0,
        "Operating Revenue": 686000.0
    },
    "2022-03-31": {
        "Diluted EPS": -0.04,
        "Total Revenue": NaN,
        "Gross Profit": NaN,
        "Operating Income": -22,
        "EBIT": -22,
        "Net Income": -6
    },
    "2021-12-31": {
        "Diluted EPS": -1.11,
        "Total Revenue": NaN,
        "Gross Profit": NaN,
        "Operating Income": -31,
        "EBIT": -31,
        "Net Income": -180
    },
    "2021-09-30": {
        "Diluted EPS": -0.76,
        "Total Revenue": NaN,
        "Gross Profit": NaN,
        "Operating Income": -11,
        "EBIT": -11,
        "Net Income": -51
    },
    "2021-06-30": {
        "Diluted EPS": -1.35,
        "Total Revenue": NaN,
        "Gross Profit": NaN,
        "Operating Income": -10,
        "EBIT": -10,
        "Net Income": -90
    },
    "2021-03-31": {
        "Diluted EPS": -2.51,
        "Total Revenue": NaN,
        "Gross Profit": NaN,
        "Operating Income": -8,
        "EBIT": -8,
        "Net Income": -155
    },
    "2020-12-31": {
        "Diluted EPS": 0.0,
        "Total Revenue": NaN,
        "Gross Profit": NaN,
        "Operating Income": NaN,
        "EBIT": NaN,
        "Net Income": NaN
    },
    "2020-09-30": {
        "Diluted EPS": -0.08,
        "Total Revenue": NaN,
        "Gross Profit": NaN,
        "Operating Income": 0,
        "EBIT": 0,
        "Net Income": -1
    },
    "2023-06-30": {
        "Tax Effect Of Unusual Items": NaN,
        "Tax Rate For Calcs": NaN,
        "Normalized EBITDA": NaN,
        "Total Unusual Items": -115000.0,
        "Total Unusual Items Excluding Goodwill": -115000.0,
        "Net Income From Continuing Operation Net Minority Interest": NaN,
        "Reconciled Depreciation": NaN,
        "Reconciled Cost Of Revenue": NaN,
        "EBITDA": NaN,
        "EBIT": NaN,
        "Net Interest Income": NaN,
        "Interest Income": 1330000.0,
        "Normalized Income": NaN,
        "Net Income From Continuing And Discontinued Operation": NaN,
        "Total Expenses": NaN,
        "Total Operating Income As Reported": NaN,
        "Diluted Average Shares": 10326688.0,
        "Basic Average Shares": 10326688.0,
        "Diluted EPS": -2.25,
        "Basic EPS": -2.25,
        "Diluted NI Availto Com Stockholders": NaN,
        "Net Income Common Stockholders": NaN,
        "Net Income": NaN,
        "Net Income Including Noncontrolling Interests": NaN,
        "Net Income Continuous Operations": NaN,
        "Pretax Income": NaN,
        "Other Income Expense": NaN,
        "Other Non Operating Income Expenses": NaN,
        "Gain On Sale Of Security": -115000.0,
        "Net Non Operating Interest Income Expense": NaN,
        "Total Other Finance Cost": -1330000.0,
        "Interest Income Non Operating": 1330000.0,
        "Operating Income": NaN,
        "Operating Expense": NaN,
        "Research And Development": NaN,
        "Selling General And Administration": NaN,
        "Selling And Marketing Expense": NaN,
        "General And Administrative Expense": NaN,
        "Other Gand A": NaN,
        "Gross Profit": NaN,
        "Cost Of Revenue": NaN,
        "Total Revenue": NaN,
        "Operating Revenue": NaN
    },
    "2023-09-30": {
        "Tax Effect Of Unusual Items": NaN,
        "Tax Rate For Calcs": NaN,
        "Normalized EBITDA": NaN,
        "Total Unusual Items": NaN,
        "Total Unusual Items Excluding Goodwill": NaN,
        "Net Income From Continuing Operation Net Minority Interest": NaN,
        "Reconciled Depreciation": NaN,
        "Reconciled Cost Of Revenue": NaN,
        "EBITDA": NaN,
        "EBIT": NaN,
        "Net Interest Income": NaN,
        "Interest Income": NaN,
        "Normalized Income": NaN,
        "Net Income From Continuing And Discontinued Operation": NaN,
        "Total Expenses": NaN,
        "Total Operating Income As Reported": NaN,
        "Diluted Average Shares": NaN,
        "Basic Average Shares": NaN,
        "Diluted EPS": NaN,
        "Basic EPS": NaN,
        "Diluted NI Availto Com Stockholders": NaN,
        "Net Income Common Stockholders": NaN,
        "Net Income": NaN,
        "Net Income Including Noncontrolling Interests": NaN,
        "Net Income Continuous Operations": NaN,
        "Pretax Income": NaN,
        "Other Income Expense": NaN,
        "Other Non Operating Income Expenses": NaN,
        "Gain On Sale Of Security": NaN,
        "Net Non Operating Interest Income Expense": NaN,
        "Total Other Finance Cost": -1155000.0,
        "Interest Income Non Operating": NaN,
        "Operating Income": NaN,
        "Operating Expense": NaN,
        "Research And Development": NaN,
        "Selling General And Administration": NaN,
        "Selling And Marketing Expense": NaN,
        "General And Administrative Expense": NaN,
        "Other Gand A": NaN,
        "Gross Profit": NaN,
        "Cost Of Revenue": NaN,
        "Total Revenue": NaN,
        "Operating Revenue": NaN
    },
    "2023-12-31": {
        "Tax Effect Of Unusual Items": NaN,
        "Tax Rate For Calcs": NaN,
        "Normalized EBITDA": NaN,
        "Total Unusual Items": 1375000.0,
        "Total Unusual Items Excluding Goodwill": 1375000.0,
        "Net Income From Continuing Operation Net Minority Interest": NaN,
        "Reconciled Depreciation": NaN,
        "Reconciled Cost Of Revenue": NaN,
        "EBITDA": NaN,
        "EBIT": NaN,
        "Net Interest Income": NaN,
        "Interest Income": NaN,
        "Normalized Income": NaN,
        "Net Income From Continuing And Discontinued Operation": NaN,
        "Total Expenses": NaN,
        "Total Operating Income As Reported": NaN,
        "Diluted Average Shares": NaN,
        "Basic Average Shares": NaN,
        "Diluted EPS": NaN,
        "Basic EPS": NaN,
        "Diluted NI Availto Com Stockholders": NaN,
        "Net Income Common Stockholders": NaN,
        "Net Income": NaN,
        "Net Income Including Noncontrolling Interests": NaN,
        "Net Income Continuous Operations": NaN,
        "Pretax Income": NaN,
        "Other Income Expense": NaN,
        "Other Non Operating Income Expenses": NaN,
        "Gain On Sale Of Security": 1375000.0,
        "Net Non Operating Interest Income Expense": NaN,
        "Total Other Finance Cost": NaN,
        "Interest Income Non Operating": NaN,
        "Operating Income": NaN,
        "Operating Expense": NaN,
        "Research And Development": NaN,
        "Selling General And Administration": NaN,
        "Selling And Marketing Expense": NaN,
        "General And Administrative Expense": NaN,
        "Other Gand A": NaN,
        "Gross Profit": NaN,
        "Cost Of Revenue": NaN,
        "Total Revenue": NaN,
        "Operating Revenue": NaN
    },
    "2024-03-31": {
        "Tax Effect Of Unusual Items": 0.0,
        "Tax Rate For Calcs": 0.0,
        "Normalized EBITDA": -18275000.0,
        "Total Unusual Items": NaN,
        "Total Unusual Items Excluding Goodwill": NaN,
        "Net Income From Continuing Operation Net Minority Interest": -18310000.0,
        "Reconciled Depreciation": 1219000.0,
        "Reconciled Cost Of Revenue": 11126000.0,
        "EBITDA": -18275000.0,
        "EBIT": -19494000.0,
        "Net Interest Income": 1239000.0,
        "Interest Income": 1239000.0,
        "Normalized Income": -18310000.0,
        "Net Income From Continuing And Discontinued Operation": -18310000.0,
        "Total Expenses": 22232000.0,
        "Total Operating Income As Reported": -19494000.0,
        "Diluted Average Shares": 11634302.0,
        "Basic Average Shares": 11634302.0,
        "Diluted EPS": -1.57,
        "Basic EPS": -1.57,
        "Diluted NI Availto Com Stockholders": -18310000.0,
        "Net Income Common Stockholders": -18310000.0,
        "Net Income": -18310000.0,
        "Net Income Including Noncontrolling Interests": -18310000.0,
        "Net Income Continuous Operations": -18310000.0,
        "Pretax Income": -18310000.0,
        "Other Income Expense": -55000.0,
        "Other Non Operating Income Expenses": -55000.0,
        "Gain On Sale Of Security": NaN,
        "Net Non Operating Interest Income Expense": 1239000.0,
        "Total Other Finance Cost": NaN,
        "Interest Income Non Operating": 1239000.0,
        "Operating Income": -19494000.0,
        "Operating Expense": 11106000.0,
        "Research And Development": 3546000.0,
        "Selling General And Administration": 7560000.0,
        "Selling And Marketing Expense": 2034000.0,
        "General And Administrative Expense": 5526000.0,
        "Other Gand A": 5526000.0,
        "Gross Profit": -8388000.0,
        "Cost Of Revenue": 11126000.0,
        "Total Revenue": 2738000.0,
        "Operating Revenue": 2738000.0
    },
    "2024-06-30": {
        "Tax Effect Of Unusual Items": 0.0,
        "Tax Rate For Calcs": 0.0,
        "Normalized EBITDA": -21938000.0,
        "Total Unusual Items": 115000.0,
        "Total Unusual Items Excluding Goodwill": 115000.0,
        "Net Income From Continuing Operation Net Minority Interest": -21940000.0,
        "Reconciled Depreciation": 1302000.0,
        "Reconciled Cost Of Revenue": 11748000.0,
        "EBITDA": -21823000.0,
        "EBIT": -23125000.0,
        "Net Interest Income": 1052000.0,
        "Interest Income": 1052000.0,
        "Normalized Income": -22055000.0,
        "Net Income From Continuing And Discontinued Operation": -21940000.0,
        "Total Expenses": 23473000.0,
        "Total Operating Income As Reported": -23125000.0,
        "Diluted Average Shares": 11717238.0,
        "Basic Average Shares": 11717238.0,
        "Diluted EPS": -1.8,
        "Basic EPS": -1.8,
        "Diluted NI Availto Com Stockholders": -21940000.0,
        "Net Income Common Stockholders": -21940000.0,
        "Net Income": -21940000.0,
        "Net Income Including Noncontrolling Interests": -21940000.0,
        "Net Income Continuous Operations": -21940000.0,
        "Pretax Income": -21940000.0,
        "Other Income Expense": 133000.0,
        "Other Non Operating Income Expenses": 18000.0,
        "Gain On Sale Of Security": 115000.0,
        "Net Non Operating Interest Income Expense": 1052000.0,
        "Total Other Finance Cost": NaN,
        "Interest Income Non Operating": 1052000.0,
        "Operating Income": -23125000.0,
        "Operating Expense": 11725000.0,
        "Research And Development": 2836000.0,
        "Selling General And Administration": 8889000.0,
        "Selling And Marketing Expense": 2711000.0,
        "General And Administrative Expense": 6178000.0,
        "Other Gand A": 6178000.0,
        "Gross Profit": -11400000.0,
        "Cost Of Revenue": 11748000.0,
        "Total Revenue": 348000.0,
        "Operating Revenue": 348000.0
    },
    "2024-09-30": {
        "Tax Effect Of Unusual Items": 0.0,
        "Tax Rate For Calcs": 0.0,
        "Normalized EBITDA": -23244000.0,
        "Total Unusual Items": 343000.0,
        "Total Unusual Items Excluding Goodwill": 343000.0,
        "Net Income From Continuing Operation Net Minority Interest": -22493000.0,
        "Reconciled Depreciation": 781000.0,
        "Reconciled Cost Of Revenue": 12741000.0,
        "EBITDA": -22901000.0,
        "EBIT": -23682000.0,
        "Net Interest Income": 807000.0,
        "Interest Income": NaN,
        "Normalized Income": -22836000.0,
        "Net Income From Continuing And Discontinued Operation": -22493000.0,
        "Total Expenses": 24041000.0,
        "Total Operating Income As Reported": -23682000.0,
        "Diluted Average Shares": 11814580.0,
        "Basic Average Shares": 11814580.0,
        "Diluted EPS": -1.9,
        "Basic EPS": -1.9,
        "Diluted NI Availto Com Stockholders": -22493000.0,
        "Net Income Common Stockholders": -22493000.0,
        "Net Income": -22493000.0,
        "Net Income Including Noncontrolling Interests": -22493000.0,
        "Net Income Continuous Operations": -22493000.0,
        "Pretax Income": -22493000.0,
        "Other Income Expense": 382000.0,
        "Other Non Operating Income Expenses": 39000.0,
        "Gain On Sale Of Security": 343000.0,
        "Net Non Operating Interest Income Expense": 807000.0,
        "Total Other Finance Cost": -807000.0,
        "Interest Income Non Operating": NaN,
        "Operating Income": -23682000.0,
        "Operating Expense": 11300000.0,
        "Research And Development": 2684000.0,
        "Selling General And Administration": 8616000.0,
        "Selling And Marketing Expense": 2529000.0,
        "General And Administrative Expense": 6087000.0,
        "Other Gand A": 6087000.0,
        "Gross Profit": -12382000.0,
        "Cost Of Revenue": 12741000.0,
        "Total Revenue": 359000.0,
        "Operating Revenue": 359000.0
    },
    "2024-12-31": {
        "Tax Effect Of Unusual Items": 0.0,
        "Tax Rate For Calcs": 0.0,
        "Normalized EBITDA": -21731000.0,
        "Total Unusual Items": -344000.0,
        "Total Unusual Items Excluding Goodwill": -344000.0,
        "Net Income From Continuing Operation Net Minority Interest": -23479000.0,
        "Reconciled Depreciation": 1422000.0,
        "Reconciled Cost Of Revenue": 16038000.0,
        "EBITDA": -22075000.0,
        "EBIT": -23497000.0,
        "Net Interest Income": 477000.0,
        "Interest Income": NaN,
        "Normalized Income": -23135000.0,
        "Net Income From Continuing And Discontinued Operation": -23479000.0,
        "Total Expenses": 26347000.0,
        "Total Operating Income As Reported": -23497000.0,
        "Diluted Average Shares": 11926137.0,
        "Basic Average Shares": 11926137.0,
        "Diluted EPS": -1.97,
        "Basic EPS": -1.97,
        "Diluted NI Availto Com Stockholders": -23479000.0,
        "Net Income Common Stockholders": -23479000.0,
        "Net Income": -23479000.0,
        "Net Income Including Noncontrolling Interests": -23479000.0,
        "Net Income Continuous Operations": -23479000.0,
        "Pretax Income": -23479000.0,
        "Other Income Expense": -459000.0,
        "Other Non Operating Income Expenses": -115000.0,
        "Gain On Sale Of Security": -344000.0,
        "Net Non Operating Interest Income Expense": 477000.0,
        "Total Other Finance Cost": NaN,
        "Interest Income Non Operating": NaN,
        "Operating Income": -23497000.0,
        "Operating Expense": 10309000.0,
        "Research And Development": 2706000.0,
        "Selling General And Administration": 7603000.0,
        "Selling And Marketing Expense": 1887000.0,
        "General And Administrative Expense": 5716000.0,
        "Other Gand A": 5716000.0,
        "Gross Profit": -13188000.0,
        "Cost Of Revenue": 16038000.0,
        "Total Revenue": 2850000.0,
        "Operating Revenue": 2850000.0
    },
    "2025-03-31": {
        "Tax Effect Of Unusual Items": 0.0,
        "Tax Rate For Calcs": 0.0,
        "Normalized EBITDA": -16491000.0,
        "Total Unusual Items": -115000.0,
        "Total Unusual Items Excluding Goodwill": -115000.0,
        "Net Income From Continuing Operation Net Minority Interest": -18026000.0,
        "Reconciled Depreciation": 1540000.0,
        "Reconciled Cost Of Revenue": 8746000.0,
        "EBITDA": -16606000.0,
        "EBIT": -18146000.0,
        "Net Interest Income": 216000.0,
        "Interest Income": 216000.0,
        "Normalized Income": -17911000.0,
        "Net Income From Continuing And Discontinued Operation": -18026000.0,
        "Total Expenses": 18745000.0,
        "Total Operating Income As Reported": -18146000.0,
        "Diluted Average Shares": 12033442.0,
        "Basic Average Shares": 12033442.0,
        "Diluted EPS": -1.5,
        "Basic EPS": -1.5,
        "Diluted NI Availto Com Stockholders": -18026000.0,
        "Net Income Common Stockholders": -18026000.0,
        "Net Income": -18026000.0,
        "Net Income Including Noncontrolling Interests": -18026000.0,
        "Net Income Continuous Operations": -18026000.0,
        "Pretax Income": -18026000.0,
        "Other Income Expense": -96000.0,
        "Other Non Operating Income Expenses": 19000.0,
        "Gain On Sale Of Security": -115000.0,
        "Net Non Operating Interest Income Expense": 216000.0,
        "Total Other Finance Cost": NaN,
        "Interest Income Non Operating": 216000.0,
        "Operating Income": -18146000.0,
        "Operating Expense": 9999000.0,
        "Research And Development": 2478000.0,
        "Selling General And Administration": 7521000.0,
        "Selling And Marketing Expense": 1950000.0,
        "General And Administrative Expense": 5571000.0,
        "Other Gand A": 5571000.0,
        "Gross Profit": -8147000.0,
        "Cost Of Revenue": 8746000.0,
        "Total Revenue": 599000.0,
        "Operating Revenue": 599000.0
    }
}