{
    "2023-03-31": {
        "Tax Effect Of Unusual Items": NaN,
        "Tax Rate For Calcs": NaN,
        "Normalized EBITDA": NaN,
        "Total Unusual Items": NaN,
        "Total Unusual Items Excluding Goodwill": NaN,
        "Net Income From Continuing Operation Net Minority Interest": NaN,
        "Reconciled Depreciation": NaN,
        "Reconciled Cost Of Revenue": NaN,
        "EBITDA": NaN,
        "EBIT": NaN,
        "Net Interest Income": NaN,
        "Interest Expense": NaN,
        "Interest Income": NaN,
        "Normalized Income": NaN,
        "Net Income From Continuing And Discontinued Operation": NaN,
        "Total Expenses": NaN,
        "Total Operating Income As Reported": NaN,
        "Diluted Average Shares": NaN,
        "Basic Average Shares": NaN,
        "Diluted EPS": NaN,
        "Basic EPS": NaN,
        "Diluted NI Availto Com Stockholders": NaN,
        "Net Income Common Stockholders": NaN,
        "Net Income": NaN,
        "Net Income Including Noncontrolling Interests": NaN,
        "Net Income Continuous Operations": NaN,
        "Tax Provision": NaN,
        "Pretax Income": NaN,
        "Other Income Expense": NaN,
        "Other Non Operating Income Expenses": NaN,
        "Special Income Charges": NaN,
        "Other Special Charges": NaN,
        "Net Non Operating Interest Income Expense": NaN,
        "Interest Expense Non Operating": NaN,
        "Interest Income Non Operating": NaN,
        "Operating Income": NaN,
        "Operating Expense": NaN,
        "Other Operating Expenses": -299000.0,
        "Depreciation Amortization Depletion Income Statement": NaN,
        "Depreciation And Amortization In Income Statement": NaN,
        "Selling General And Administration": NaN,
        "General And Administrative Expense": NaN,
        "Other Gand A": NaN,
        "Gross Profit": NaN,
        "Cost Of Revenue": NaN,
        "Total Revenue": NaN,
        "Operating Revenue": NaN
    },
    "2022-12-31": {
        "Tax Effect Of Unusual Items": NaN,
        "Tax Rate For Calcs": NaN,
        "Normalized EBITDA": NaN,
        "Total Unusual Items": NaN,
        "Total Unusual Items Excluding Goodwill": NaN,
        "Net Income From Continuing Operation Net Minority Interest": NaN,
        "Reconciled Depreciation": NaN,
        "Reconciled Cost Of Revenue": NaN,
        "EBITDA": NaN,
        "EBIT": NaN,
        "Net Interest Income": NaN,
        "Interest Expense": NaN,
        "Interest Income": 40000.0,
        "Normalized Income": NaN,
        "Net Income From Continuing And Discontinued Operation": NaN,
        "Total Expenses": NaN,
        "Total Operating Income As Reported": NaN,
        "Diluted Average Shares": NaN,
        "Basic Average Shares": NaN,
        "Diluted EPS": NaN,
        "Basic EPS": NaN,
        "Diluted NI Availto Com Stockholders": NaN,
        "Net Income Common Stockholders": NaN,
        "Net Income": NaN,
        "Net Income Including Noncontrolling Interests": NaN,
        "Net Income Continuous Operations": NaN,
        "Tax Provision": NaN,
        "Pretax Income": NaN,
        "Other Income Expense": NaN,
        "Other Non Operating Income Expenses": NaN,
        "Special Income Charges": NaN,
        "Other Special Charges": NaN,
        "Net Non Operating Interest Income Expense": NaN,
        "Interest Expense Non Operating": NaN,
        "Interest Income Non Operating": 40000.0,
        "Operating Income": NaN,
        "Operating Expense": NaN,
        "Other Operating Expenses": NaN,
        "Depreciation Amortization Depletion Income Statement": NaN,
        "Depreciation And Amortization In Income Statement": NaN,
        "Selling General And Administration": NaN,
        "General And Administrative Expense": NaN,
        "Other Gand A": NaN,
        "Gross Profit": NaN,
        "Cost Of Revenue": NaN,
        "Total Revenue": NaN,
        "Operating Revenue": NaN
    },
    "2022-09-30": {
        "Tax Effect Of Unusual Items": NaN,
        "Tax Rate For Calcs": NaN,
        "Normalized EBITDA": NaN,
        "Total Unusual Items": NaN,
        "Total Unusual Items Excluding Goodwill": NaN,
        "Net Income From Continuing Operation Net Minority Interest": NaN,
        "Reconciled Depreciation": NaN,
        "Reconciled Cost Of Revenue": NaN,
        "EBITDA": NaN,
        "EBIT": NaN,
        "Net Interest Income": NaN,
        "Interest Expense": NaN,
        "Interest Income": 21000.0,
        "Normalized Income": NaN,
        "Net Income From Continuing And Discontinued Operation": NaN,
        "Total Expenses": NaN,
        "Total Operating Income As Reported": NaN,
        "Diluted Average Shares": NaN,
        "Basic Average Shares": NaN,
        "Diluted EPS": NaN,
        "Basic EPS": NaN,
        "Diluted NI Availto Com Stockholders": NaN,
        "Net Income Common Stockholders": NaN,
        "Net Income": NaN,
        "Net Income Including Noncontrolling Interests": NaN,
        "Net Income Continuous Operations": NaN,
        "Tax Provision": NaN,
        "Pretax Income": NaN,
        "Other Income Expense": NaN,
        "Other Non Operating Income Expenses": NaN,
        "Special Income Charges": NaN,
        "Other Special Charges": NaN,
        "Net Non Operating Interest Income Expense": NaN,
        "Interest Expense Non Operating": NaN,
        "Interest Income Non Operating": 21000.0,
        "Operating Income": NaN,
        "Operating Expense": NaN,
        "Other Operating Expenses": NaN,
        "Depreciation Amortization Depletion Income Statement": NaN,
        "Depreciation And Amortization In Income Statement": NaN,
        "Selling General And Administration": NaN,
        "General And Administrative Expense": NaN,
        "Other Gand A": NaN,
        "Gross Profit": NaN,
        "Cost Of Revenue": NaN,
        "Total Revenue": NaN,
        "Operating Revenue": NaN
    },
    "2022-06-30": {
        "Tax Effect Of Unusual Items": 0.0,
        "Tax Rate For Calcs": 0.4,
        "Normalized EBITDA": 5467000.0,
        "Total Unusual Items": NaN,
        "Total Unusual Items Excluding Goodwill": NaN,
        "Net Income From Continuing Operation Net Minority Interest": 2107000.0,
        "Reconciled Depreciation": 2453000.0,
        "Reconciled Cost Of Revenue": 2916000.0,
        "EBITDA": 5467000.0,
        "EBIT": 3014000.0,
        "Net Interest Income": -1055000.0,
        "Interest Expense": 1057000.0,
        "Interest Income": 2000.0,
        "Normalized Income": 2107000.0,
        "Net Income From Continuing And Discontinued Operation": 2107000.0,
        "Total Expenses": 9245000.0,
        "Total Operating Income As Reported": 2462000.0,
        "Diluted Average Shares": 22867290.0,
        "Basic Average Shares": 22686559.0,
        "Diluted EPS": 0.09,
        "Basic EPS": 0.09,
        "Diluted NI Availto Com Stockholders": 2107000.0,
        "Net Income Common Stockholders": 2107000.0,
        "Net Income": 2107000.0,
        "Net Income Including Noncontrolling Interests": 2107000.0,
        "Net Income Continuous Operations": 2107000.0,
        "Tax Provision": -150000.0,
        "Pretax Income": 1957000.0,
        "Other Income Expense": 550000.0,
        "Other Non Operating Income Expenses": 550000.0,
        "Special Income Charges": NaN,
        "Other Special Charges": NaN,
        "Net Non Operating Interest Income Expense": -1055000.0,
        "Interest Expense Non Operating": 1057000.0,
        "Interest Income Non Operating": 2000.0,
        "Operating Income": 2462000.0,
        "Operating Expense": 6303000.0,
        "Other Operating Expenses": NaN,
        "Depreciation Amortization Depletion Income Statement": 2427000.0,
        "Depreciation And Amortization In Income Statement": 2427000.0,
        "Selling General And Administration": 3876000.0,
        "General And Administrative Expense": 3876000.0,
        "Other Gand A": 3876000.0,
        "Gross Profit": 8765000.0,
        "Cost Of Revenue": 2942000.0,
        "Total Revenue": 11707000.0,
        "Operating Revenue": 11707000.0
    },
    "2022-03-31": {
        "Diluted EPS": 0.04,
        "Total Revenue": 10,
        "Gross Profit": 7,
        "Operating Income": 1,
        "EBIT": 4,
        "Net Income": 1
    },
    "2021-12-31": {
        "Diluted EPS": 0.01,
        "Total Revenue": 10,
        "Gross Profit": 8,
        "Operating Income": 1,
        "EBIT": 4,
        "Net Income": 0
    },
    "2021-09-30": {
        "Diluted EPS": 0.07,
        "Total Revenue": 11,
        "Gross Profit": 9,
        "Operating Income": 2,
        "EBIT": 5,
        "Net Income": 1
    },
    "2021-06-30": {
        "Diluted EPS": 0.09,
        "Total Revenue": 11,
        "Gross Profit": 8,
        "Operating Income": 2,
        "EBIT": 5,
        "Net Income": 2
    },
    "2021-03-31": {
        "Diluted EPS": -0.01,
        "Total Revenue": 9,
        "Gross Profit": 7,
        "Operating Income": 1,
        "EBIT": 3,
        "Net Income": 0
    },
    "2020-12-31": {
        "Diluted EPS": -0.01,
        "Total Revenue": 10,
        "Gross Profit": 7,
        "Operating Income": 1,
        "EBIT": 3,
        "Net Income": 0
    },
    "2020-09-30": {
        "Diluted EPS": 0.05,
        "Total Revenue": 11,
        "Gross Profit": 8,
        "Operating Income": 3,
        "EBIT": 5,
        "Net Income": 1
    },
    "2020-06-30": {
        "Diluted EPS": -0.01,
        "Total Revenue": 10,
        "Gross Profit": 8,
        "Operating Income": 2,
        "EBIT": 4,
        "Net Income": 0
    },
    "2020-03-31": {
        "Diluted EPS": 0.02,
        "Total Revenue": 8,
        "Gross Profit": 6,
        "Operating Income": 2,
        "EBIT": 4,
        "Net Income": 0
    },
    "2019-12-31": {
        "Diluted EPS": -0.02,
        "Total Revenue": 9,
        "Gross Profit": 6,
        "Operating Income": 1,
        "EBIT": 3,
        "Net Income": 0
    },
    "2019-09-30": {
        "Diluted EPS": 0.05,
        "Total Revenue": 10,
        "Gross Profit": 8,
        "Operating Income": 3,
        "EBIT": 5,
        "Net Income": 1
    },
    "2019-06-30": {
        "Diluted EPS": 0.04,
        "Total Revenue": 9,
        "Gross Profit": 7,
        "Operating Income": 2,
        "EBIT": 4,
        "Net Income": 1
    },
    "2019-03-31": {
        "Diluted EPS": 0.03,
        "Total Revenue": 8,
        "Gross Profit": 6,
        "Operating Income": 1,
        "EBIT": 3,
        "Net Income": 1
    },
    "2018-12-31": {
        "Diluted EPS": -0.01,
        "Total Revenue": 8,
        "Gross Profit": 6,
        "Operating Income": 2,
        "EBIT": 4,
        "Net Income": 0
    },
    "2018-09-30": {
        "Diluted EPS": 0.03,
        "Total Revenue": 9,
        "Gross Profit": 7,
        "Operating Income": 2,
        "EBIT": 4,
        "Net Income": 1
    },
    "2018-06-30": {
        "Diluted EPS": 0.11,
        "Total Revenue": 11,
        "Gross Profit": 9,
        "Operating Income": 4,
        "EBIT": 6,
        "Net Income": 2
    },
    "2018-03-31": {
        "Diluted EPS": 0.02,
        "Total Revenue": 7,
        "Gross Profit": 6,
        "Operating Income": 1,
        "EBIT": 3,
        "Net Income": 0
    },
    "2017-12-31": {
        "Diluted EPS": 0.14,
        "Total Revenue": 8,
        "Gross Profit": 6,
        "Operating Income": 2,
        "EBIT": 3,
        "Net Income": 3
    },
    "2017-09-30": {
        "Diluted EPS": 0.06,
        "Total Revenue": 8,
        "Gross Profit": 7,
        "Operating Income": 3,
        "EBIT": 5,
        "Net Income": 1
    },
    "2017-06-30": {
        "Diluted EPS": 0.02,
        "Total Revenue": 8,
        "Gross Profit": 6,
        "Operating Income": 2,
        "EBIT": 4,
        "Net Income": 0
    },
    "2017-03-31": {
        "Diluted EPS": 0.01,
        "Total Revenue": 7,
        "Gross Profit": 5,
        "Operating Income": 1,
        "EBIT": 3,
        "Net Income": 0
    },
    "2016-12-31": {
        "Diluted EPS": 0.0,
        "Total Revenue": 7,
        "Gross Profit": 5,
        "Operating Income": 1,
        "EBIT": 2,
        "Net Income": 0
    },
    "2016-09-30": {
        "Diluted EPS": 0.07,
        "Total Revenue": 8,
        "Gross Profit": 6,
        "Operating Income": 3,
        "EBIT": 4,
        "Net Income": 1
    },
    "2016-06-30": {
        "Diluted EPS": -0.18,
        "Total Revenue": 8,
        "Gross Profit": 6,
        "Operating Income": 1,
        "EBIT": 3,
        "Net Income": -4
    },
    "2016-03-31": {
        "Diluted EPS": -0.02,
        "Total Revenue": 7,
        "Gross Profit": 5,
        "Operating Income": 1,
        "EBIT": 3,
        "Net Income": 0
    },
    "2015-12-31": {
        "Diluted EPS": 0.0,
        "Total Revenue": 7,
        "Gross Profit": 5,
        "Operating Income": 1,
        "EBIT": 3,
        "Net Income": 0
    },
    "2015-09-30": {
        "Diluted EPS": 1.2,
        "Total Revenue": 8,
        "Gross Profit": 6,
        "Operating Income": 2,
        "EBIT": 4,
        "Net Income": 22
    },
    "2015-06-30": {
        "Diluted EPS": 0.02,
        "Total Revenue": 9,
        "Gross Profit": 6,
        "Operating Income": 2,
        "EBIT": 5,
        "Net Income": 0
    },
    "2015-03-31": {
        "Diluted EPS": -0.05,
        "Total Revenue": 8,
        "Gross Profit": 5,
        "Operating Income": 1,
        "EBIT": 3,
        "Net Income": -1
    },
    "2014-12-31": {
        "Diluted EPS": 0.0,
        "Total Revenue": NaN,
        "Gross Profit": NaN,
        "Operating Income": NaN,
        "EBIT": NaN,
        "Net Income": NaN
    },
    "2023-06-30": {
        "Tax Effect Of Unusual Items": NaN,
        "Tax Rate For Calcs": NaN,
        "Normalized EBITDA": NaN,
        "Total Unusual Items": NaN,
        "Total Unusual Items Excluding Goodwill": NaN,
        "Net Income From Continuing Operation Net Minority Interest": NaN,
        "Reconciled Depreciation": NaN,
        "Reconciled Cost Of Revenue": NaN,
        "EBITDA": NaN,
        "EBIT": NaN,
        "Net Interest Income": NaN,
        "Interest Expense": NaN,
        "Interest Income": NaN,
        "Normalized Income": NaN,
        "Net Income From Continuing And Discontinued Operation": NaN,
        "Total Expenses": NaN,
        "Total Operating Income As Reported": NaN,
        "Diluted Average Shares": 24038902.0,
        "Basic Average Shares": 23958205.0,
        "Diluted EPS": 0.07,
        "Basic EPS": 0.07,
        "Diluted NI Availto Com Stockholders": NaN,
        "Net Income Common Stockholders": NaN,
        "Net Income": NaN,
        "Net Income Including Noncontrolling Interests": NaN,
        "Net Income Continuous Operations": NaN,
        "Tax Provision": NaN,
        "Pretax Income": NaN,
        "Other Income Expense": NaN,
        "Other Non Operating Income Expenses": NaN,
        "Special Income Charges": NaN,
        "Other Special Charges": NaN,
        "Net Non Operating Interest Income Expense": NaN,
        "Interest Expense Non Operating": NaN,
        "Interest Income Non Operating": NaN,
        "Operating Income": NaN,
        "Operating Expense": NaN,
        "Other Operating Expenses": -216000.0,
        "Depreciation Amortization Depletion Income Statement": NaN,
        "Depreciation And Amortization In Income Statement": NaN,
        "Selling General And Administration": NaN,
        "General And Administrative Expense": NaN,
        "Other Gand A": NaN,
        "Gross Profit": NaN,
        "Cost Of Revenue": NaN,
        "Total Revenue": NaN,
        "Operating Revenue": NaN
    },
    "2023-09-30": {
        "Tax Effect Of Unusual Items": NaN,
        "Tax Rate For Calcs": NaN,
        "Normalized EBITDA": NaN,
        "Total Unusual Items": NaN,
        "Total Unusual Items Excluding Goodwill": NaN,
        "Net Income From Continuing Operation Net Minority Interest": NaN,
        "Reconciled Depreciation": NaN,
        "Reconciled Cost Of Revenue": NaN,
        "EBITDA": NaN,
        "EBIT": NaN,
        "Net Interest Income": NaN,
        "Interest Expense": NaN,
        "Interest Income": NaN,
        "Normalized Income": NaN,
        "Net Income From Continuing And Discontinued Operation": NaN,
        "Total Expenses": NaN,
        "Total Operating Income As Reported": NaN,
        "Diluted Average Shares": 24231801.0,
        "Basic Average Shares": 24171228.0,
        "Diluted EPS": 0.11,
        "Basic EPS": 0.11,
        "Diluted NI Availto Com Stockholders": NaN,
        "Net Income Common Stockholders": NaN,
        "Net Income": NaN,
        "Net Income Including Noncontrolling Interests": NaN,
        "Net Income Continuous Operations": NaN,
        "Tax Provision": NaN,
        "Pretax Income": NaN,
        "Other Income Expense": NaN,
        "Other Non Operating Income Expenses": NaN,
        "Special Income Charges": NaN,
        "Other Special Charges": NaN,
        "Net Non Operating Interest Income Expense": NaN,
        "Interest Expense Non Operating": NaN,
        "Interest Income Non Operating": NaN,
        "Operating Income": NaN,
        "Operating Expense": NaN,
        "Depreciation Amortization Depletion Income Statement": NaN,
        "Depreciation And Amortization In Income Statement": NaN,
        "Selling General And Administration": NaN,
        "General And Administrative Expense": NaN,
        "Other Gand A": NaN,
        "Gross Profit": NaN,
        "Cost Of Revenue": NaN,
        "Total Revenue": NaN,
        "Operating Revenue": NaN
    },
    "2023-12-31": {
        "Tax Effect Of Unusual Items": 51446.113651,
        "Tax Rate For Calcs": 0.253429,
        "Normalized EBITDA": 5477000.0,
        "Total Unusual Items": 203000.0,
        "Total Unusual Items Excluding Goodwill": 203000.0,
        "Net Income From Continuing Operation Net Minority Interest": 1143000.0,
        "Reconciled Depreciation": 2976000.0,
        "Reconciled Cost Of Revenue": 3028000.0,
        "EBITDA": 5680000.0,
        "EBIT": 2704000.0,
        "Net Interest Income": -1121000.0,
        "Interest Expense": 1173000.0,
        "Interest Income": NaN,
        "Normalized Income": 991446.113651,
        "Net Income From Continuing And Discontinued Operation": 1143000.0,
        "Total Expenses": 10706000.0,
        "Total Operating Income As Reported": 1662000.0,
        "Diluted Average Shares": NaN,
        "Basic Average Shares": NaN,
        "Diluted EPS": NaN,
        "Basic EPS": NaN,
        "Diluted NI Availto Com Stockholders": 1143000.0,
        "Net Income Common Stockholders": 1143000.0,
        "Net Income": 1143000.0,
        "Net Income Including Noncontrolling Interests": 1143000.0,
        "Net Income Continuous Operations": 1143000.0,
        "Tax Provision": 388000.0,
        "Pretax Income": 1531000.0,
        "Other Income Expense": 990000.0,
        "Other Non Operating Income Expenses": 787000.0,
        "Special Income Charges": 203000.0,
        "Other Special Charges": -203000.0,
        "Net Non Operating Interest Income Expense": -1121000.0,
        "Interest Expense Non Operating": 1173000.0,
        "Interest Income Non Operating": NaN,
        "Operating Income": 1662000.0,
        "Operating Expense": 7594000.0,
        "Depreciation Amortization Depletion Income Statement": 2892000.0,
        "Depreciation And Amortization In Income Statement": 2892000.0,
        "Selling General And Administration": 4702000.0,
        "General And Administrative Expense": 4702000.0,
        "Other Gand A": 4702000.0,
        "Gross Profit": 9256000.0,
        "Cost Of Revenue": 3112000.0,
        "Total Revenue": 12368000.0,
        "Operating Revenue": 12368000.0
    },
    "2024-03-31": {
        "Tax Effect Of Unusual Items": NaN,
        "Tax Rate For Calcs": NaN,
        "Normalized EBITDA": NaN,
        "Total Unusual Items": NaN,
        "Total Unusual Items Excluding Goodwill": NaN,
        "Net Income From Continuing Operation Net Minority Interest": NaN,
        "Reconciled Depreciation": NaN,
        "Reconciled Cost Of Revenue": NaN,
        "EBITDA": NaN,
        "EBIT": NaN,
        "Net Interest Income": NaN,
        "Interest Expense": NaN,
        "Interest Income": NaN,
        "Normalized Income": NaN,
        "Net Income From Continuing And Discontinued Operation": NaN,
        "Total Expenses": NaN,
        "Total Operating Income As Reported": NaN,
        "Diluted Average Shares": 24295067.0,
        "Basic Average Shares": 24175699.0,
        "Diluted EPS": 0.03,
        "Basic EPS": 0.03,
        "Diluted NI Availto Com Stockholders": NaN,
        "Net Income Common Stockholders": NaN,
        "Net Income": NaN,
        "Net Income Including Noncontrolling Interests": NaN,
        "Net Income Continuous Operations": NaN,
        "Tax Provision": NaN,
        "Pretax Income": NaN,
        "Other Income Expense": NaN,
        "Other Non Operating Income Expenses": NaN,
        "Special Income Charges": NaN,
        "Other Special Charges": NaN,
        "Net Non Operating Interest Income Expense": NaN,
        "Interest Expense Non Operating": NaN,
        "Interest Income Non Operating": NaN,
        "Operating Income": NaN,
        "Operating Expense": NaN,
        "Depreciation Amortization Depletion Income Statement": NaN,
        "Depreciation And Amortization In Income Statement": NaN,
        "Selling General And Administration": NaN,
        "General And Administrative Expense": NaN,
        "Other Gand A": NaN,
        "Gross Profit": NaN,
        "Cost Of Revenue": NaN,
        "Total Revenue": NaN,
        "Operating Revenue": NaN
    },
    "2024-06-30": {
        "Tax Effect Of Unusual Items": 60878.865979,
        "Tax Rate For Calcs": 0.256873,
        "Normalized EBITDA": 6594000.0,
        "Total Unusual Items": 237000.0,
        "Total Unusual Items Excluding Goodwill": 237000.0,
        "Net Income From Continuing Operation Net Minority Interest": 1730000.0,
        "Reconciled Depreciation": 2996000.0,
        "Reconciled Cost Of Revenue": 3485000.0,
        "EBITDA": 6831000.0,
        "EBIT": 3835000.0,
        "Net Interest Income": -1241000.0,
        "Interest Expense": 1507000.0,
        "Interest Income": 266000.0,
        "Normalized Income": 1553878.865979,
        "Net Income From Continuing And Discontinued Operation": 1730000.0,
        "Total Expenses": 10713000.0,
        "Total Operating Income As Reported": 2797000.0,
        "Diluted Average Shares": 24308524.0,
        "Basic Average Shares": 24199472.0,
        "Diluted EPS": 0.07,
        "Basic EPS": 0.07,
        "Diluted NI Availto Com Stockholders": 1730000.0,
        "Net Income Common Stockholders": 1730000.0,
        "Net Income": 1730000.0,
        "Net Income Including Noncontrolling Interests": 1730000.0,
        "Net Income Continuous Operations": 1730000.0,
        "Tax Provision": 598000.0,
        "Pretax Income": 2328000.0,
        "Other Income Expense": 772000.0,
        "Other Non Operating Income Expenses": 535000.0,
        "Special Income Charges": 237000.0,
        "Other Special Charges": -237000.0,
        "Net Non Operating Interest Income Expense": -1241000.0,
        "Interest Expense Non Operating": 1507000.0,
        "Interest Income Non Operating": 266000.0,
        "Operating Income": 2797000.0,
        "Operating Expense": 7228000.0,
        "Depreciation Amortization Depletion Income Statement": 2996000.0,
        "Depreciation And Amortization In Income Statement": 2996000.0,
        "Selling General And Administration": 4232000.0,
        "General And Administrative Expense": 4232000.0,
        "Other Gand A": 4232000.0,
        "Gross Profit": 10025000.0,
        "Cost Of Revenue": 3485000.0,
        "Total Revenue": 13510000.0,
        "Operating Revenue": 13510000.0
    },
    "2024-09-30": {
        "Tax Effect Of Unusual Items": 63308.0,
        "Tax Rate For Calcs": 0.266,
        "Normalized EBITDA": 8483000.0,
        "Total Unusual Items": 238000.0,
        "Total Unusual Items Excluding Goodwill": 238000.0,
        "Net Income From Continuing Operation Net Minority Interest": 2925000.0,
        "Reconciled Depreciation": 3231000.0,
        "Reconciled Cost Of Revenue": 3146000.0,
        "EBITDA": 8721000.0,
        "EBIT": 5490000.0,
        "Net Interest Income": -1264000.0,
        "Interest Expense": 1504000.0,
        "Interest Income": 240000.0,
        "Normalized Income": 2750308.0,
        "Net Income From Continuing And Discontinued Operation": 2925000.0,
        "Total Expenses": 10337000.0,
        "Total Operating Income As Reported": 3984000.0,
        "Diluted Average Shares": 24302521.0,
        "Basic Average Shares": 24219564.0,
        "Diluted EPS": 0.12,
        "Basic EPS": 0.12,
        "Diluted NI Availto Com Stockholders": 2925000.0,
        "Net Income Common Stockholders": 2925000.0,
        "Net Income": 2925000.0,
        "Net Income Including Noncontrolling Interests": 2925000.0,
        "Net Income Continuous Operations": 2925000.0,
        "Tax Provision": 1061000.0,
        "Pretax Income": 3986000.0,
        "Other Income Expense": 1266000.0,
        "Other Non Operating Income Expenses": 1028000.0,
        "Special Income Charges": 238000.0,
        "Other Special Charges": -238000.0,
        "Net Non Operating Interest Income Expense": -1264000.0,
        "Interest Expense Non Operating": 1504000.0,
        "Interest Income Non Operating": 240000.0,
        "Operating Income": 3984000.0,
        "Operating Expense": 6893000.0,
        "Depreciation Amortization Depletion Income Statement": 2933000.0,
        "Depreciation And Amortization In Income Statement": 2933000.0,
        "Selling General And Administration": 3960000.0,
        "General And Administrative Expense": 3960000.0,
        "Other Gand A": 3960000.0,
        "Gross Profit": 10877000.0,
        "Cost Of Revenue": 3444000.0,
        "Total Revenue": 14321000.0,
        "Operating Revenue": 14321000.0
    },
    "2024-12-31": {
        "Tax Effect Of Unusual Items": -26747.940692,
        "Tax Rate For Calcs": 0.270181,
        "Normalized EBITDA": 6170000.0,
        "Total Unusual Items": -99000.0,
        "Total Unusual Items Excluding Goodwill": -99000.0,
        "Net Income From Continuing Operation Net Minority Interest": 443000.0,
        "Reconciled Depreciation": 3943000.0,
        "Reconciled Cost Of Revenue": 3427000.0,
        "EBITDA": 6071000.0,
        "EBIT": 2128000.0,
        "Net Interest Income": -1319000.0,
        "Interest Expense": 1521000.0,
        "Interest Income": 202000.0,
        "Normalized Income": 515252.059308,
        "Net Income From Continuing And Discontinued Operation": 443000.0,
        "Total Expenses": 11935000.0,
        "Total Operating Income As Reported": 1316000.0,
        "Diluted Average Shares": NaN,
        "Basic Average Shares": NaN,
        "Diluted EPS": NaN,
        "Basic EPS": NaN,
        "Diluted NI Availto Com Stockholders": 443000.0,
        "Net Income Common Stockholders": 443000.0,
        "Net Income": 443000.0,
        "Net Income Including Noncontrolling Interests": 443000.0,
        "Net Income Continuous Operations": 443000.0,
        "Tax Provision": 164000.0,
        "Pretax Income": 607000.0,
        "Other Income Expense": 610000.0,
        "Other Non Operating Income Expenses": 709000.0,
        "Special Income Charges": -99000.0,
        "Other Special Charges": -210000.0,
        "Net Non Operating Interest Income Expense": -1319000.0,
        "Interest Expense Non Operating": 1521000.0,
        "Interest Income Non Operating": 202000.0,
        "Operating Income": 1316000.0,
        "Operating Expense": 8422000.0,
        "Depreciation Amortization Depletion Income Statement": 3857000.0,
        "Depreciation And Amortization In Income Statement": 3857000.0,
        "Selling General And Administration": 4565000.0,
        "General And Administrative Expense": 4565000.0,
        "Other Gand A": 4565000.0,
        "Gross Profit": 9738000.0,
        "Cost Of Revenue": 3513000.0,
        "Total Revenue": 13251000.0,
        "Operating Revenue": 13251000.0
    },
    "2025-03-31": {
        "Tax Effect Of Unusual Items": 65844.0,
        "Tax Rate For Calcs": 0.236,
        "Normalized EBITDA": 5301000.0,
        "Total Unusual Items": 279000.0,
        "Total Unusual Items Excluding Goodwill": 279000.0,
        "Net Income From Continuing Operation Net Minority Interest": 591000.0,
        "Reconciled Depreciation": 3328000.0,
        "Reconciled Cost Of Revenue": 3687000.0,
        "EBITDA": 5580000.0,
        "EBIT": 2252000.0,
        "Net Interest Income": -1379000.0,
        "Interest Expense": 1478000.0,
        "Interest Income": 99000.0,
        "Normalized Income": 377844.0,
        "Net Income From Continuing And Discontinued Operation": 591000.0,
        "Total Expenses": 11202000.0,
        "Total Operating Income As Reported": 1255000.0,
        "Diluted Average Shares": 24434283.0,
        "Basic Average Shares": 24370052.0,
        "Diluted EPS": 0.02,
        "Basic EPS": 0.02,
        "Diluted NI Availto Com Stockholders": 591000.0,
        "Net Income Common Stockholders": 591000.0,
        "Net Income": 591000.0,
        "Net Income Including Noncontrolling Interests": 591000.0,
        "Net Income Continuous Operations": 591000.0,
        "Tax Provision": 183000.0,
        "Pretax Income": 774000.0,
        "Other Income Expense": 898000.0,
        "Other Non Operating Income Expenses": 619000.0,
        "Special Income Charges": 279000.0,
        "Other Special Charges": -279000.0,
        "Net Non Operating Interest Income Expense": -1379000.0,
        "Interest Expense Non Operating": 1478000.0,
        "Interest Income Non Operating": 99000.0,
        "Operating Income": 1255000.0,
        "Operating Expense": 7515000.0,
        "Depreciation Amortization Depletion Income Statement": 3328000.0,
        "Depreciation And Amortization In Income Statement": 3328000.0,
        "Selling General And Administration": 4187000.0,
        "General And Administrative Expense": 4187000.0,
        "Other Gand A": 4187000.0,
        "Gross Profit": 8770000.0,
        "Cost Of Revenue": 3687000.0,
        "Total Revenue": 12457000.0,
        "Operating Revenue": 12457000.0
    },
    "2025-06-30": {
        "Tax Effect Of Unusual Items": 76675.190668,
        "Tax Rate For Calcs": 0.276806,
        "Normalized EBITDA": 6765000.0,
        "Total Unusual Items": 277000.0,
        "Total Unusual Items Excluding Goodwill": 277000.0,
        "Net Income From Continuing Operation Net Minority Interest": 1612000.0,
        "Reconciled Depreciation": 3317000.0,
        "Reconciled Cost Of Revenue": 3917000.0,
        "EBITDA": 7042000.0,
        "EBIT": 3725000.0,
        "Net Interest Income": -1280000.0,
        "Interest Expense": 1496000.0,
        "Interest Income": 216000.0,
        "Normalized Income": 1411675.190668,
        "Net Income From Continuing And Discontinued Operation": 1612000.0,
        "Total Expenses": 11621000.0,
        "Total Operating Income As Reported": 2620000.0,
        "Diluted Average Shares": 27504578.0,
        "Basic Average Shares": 27463169.0,
        "Diluted EPS": 0.06,
        "Basic EPS": 0.06,
        "Diluted NI Availto Com Stockholders": 1612000.0,
        "Net Income Common Stockholders": 1612000.0,
        "Net Income": 1612000.0,
        "Net Income Including Noncontrolling Interests": 1612000.0,
        "Net Income Continuous Operations": 1612000.0,
        "Tax Provision": 617000.0,
        "Pretax Income": 2229000.0,
        "Other Income Expense": 889000.0,
        "Other Non Operating Income Expenses": 612000.0,
        "Special Income Charges": 277000.0,
        "Other Special Charges": -277000.0,
        "Net Non Operating Interest Income Expense": -1280000.0,
        "Interest Expense Non Operating": 1496000.0,
        "Interest Income Non Operating": 216000.0,
        "Operating Income": 2620000.0,
        "Operating Expense": 7704000.0,
        "Depreciation Amortization Depletion Income Statement": 3317000.0,
        "Depreciation And Amortization In Income Statement": 3317000.0,
        "Selling General And Administration": 4387000.0,
        "General And Administrative Expense": 4387000.0,
        "Other Gand A": 4387000.0,
        "Gross Profit": 10324000.0,
        "Cost Of Revenue": 3917000.0,
        "Total Revenue": 14241000.0,
        "Operating Revenue": 14241000.0
    }
}