{
    "2023-06-30": {
        "Tax Effect Of Unusual Items": 0.0,
        "Tax Rate For Calcs": 0.24,
        "Normalized EBITDA": 725000000.0,
        "Net Income From Continuing Operation Net Minority Interest": 470000000.0,
        "Reconciled Depreciation": 56000000.0,
        "Reconciled Cost Of Revenue": 2538000000.0,
        "EBITDA": 725000000.0,
        "EBIT": 669000000.0,
        "Net Interest Income": -24000000.0,
        "Interest Expense": 24000000.0,
        "Normalized Income": 470000000.0,
        "Net Income From Continuing And Discontinued Operation": 470000000.0,
        "Total Expenses": 3521000000.0,
        "Total Operating Income As Reported": 661000000.0,
        "Diluted Average Shares": 50300000.0,
        "Basic Average Shares": 50100000.0,
        "Diluted EPS": 9.28,
        "Basic EPS": 9.32,
        "Diluted NI Availto Com Stockholders": 470000000.0,
        "Net Income Common Stockholders": 470000000.0,
        "Net Income": 470000000.0,
        "Minority Interests": -20000000.0,
        "Net Income Including Noncontrolling Interests": 490000000.0,
        "Net Income Continuous Operations": 490000000.0,
        "Tax Provision": 155000000.0,
        "Pretax Income": 645000000.0,
        "Other Income Expense": 8000000.0,
        "Other Non Operating Income Expenses": 8000000.0,
        "Net Non Operating Interest Income Expense": -24000000.0,
        "Interest Expense Non Operating": 24000000.0,
        "Operating Income": 661000000.0,
        "Operating Expense": 983000000.0,
        "Selling General And Administration": 983000000.0,
        "Gross Profit": 1644000000.0,
        "Cost Of Revenue": 2538000000.0,
        "Total Revenue": 4182000000.0,
        "Operating Revenue": 4182000000.0
    },
    "2023-03-31": {
        "Tax Effect Of Unusual Items": 0.0,
        "Tax Rate For Calcs": 0.233,
        "Normalized EBITDA": 736000000.0,
        "Net Income From Continuing Operation Net Minority Interest": 488000000.0,
        "Reconciled Depreciation": 50000000.0,
        "Reconciled Cost Of Revenue": 2457000000.0,
        "EBITDA": 736000000.0,
        "EBIT": 686000000.0,
        "Net Interest Income": -24000000.0,
        "Interest Expense": 24000000.0,
        "Normalized Income": 488000000.0,
        "Net Income From Continuing And Discontinued Operation": 488000000.0,
        "Total Expenses": 3411000000.0,
        "Total Operating Income As Reported": 680000000.0,
        "Diluted Average Shares": 50500000.0,
        "Basic Average Shares": 50200000.0,
        "Diluted EPS": 9.61,
        "Basic EPS": 9.66,
        "Diluted NI Availto Com Stockholders": 488000000.0,
        "Net Income Common Stockholders": 488000000.0,
        "Net Income": 488000000.0,
        "Minority Interests": -20000000.0,
        "Net Income Including Noncontrolling Interests": 508000000.0,
        "Net Income Continuous Operations": 508000000.0,
        "Tax Provision": 154000000.0,
        "Pretax Income": 662000000.0,
        "Other Income Expense": 6000000.0,
        "Other Non Operating Income Expenses": 6000000.0,
        "Net Non Operating Interest Income Expense": -24000000.0,
        "Interest Expense Non Operating": 24000000.0,
        "Operating Income": 680000000.0,
        "Operating Expense": 954000000.0,
        "Selling General And Administration": 954000000.0,
        "Gross Profit": 1634000000.0,
        "Cost Of Revenue": 2457000000.0,
        "Total Revenue": 4091000000.0,
        "Operating Revenue": 4091000000.0
    },
    "2022-12-31": {
        "Tax Effect Of Unusual Items": 0.0,
        "Tax Rate For Calcs": 0.24381,
        "Normalized EBITDA": 606000000.0,
        "Net Income From Continuing Operation Net Minority Interest": 384000000.0,
        "Reconciled Depreciation": 58000000.0,
        "Reconciled Cost Of Revenue": 2296000000.0,
        "EBITDA": 606000000.0,
        "EBIT": 548000000.0,
        "Net Interest Income": -23000000.0,
        "Interest Expense": 23000000.0,
        "Normalized Income": 384000000.0,
        "Net Income From Continuing And Discontinued Operation": 384000000.0,
        "Total Expenses": 3258000000.0,
        "Total Operating Income As Reported": 544000000.0,
        "Diluted Average Shares": 50700000.0,
        "Basic Average Shares": 50400000.0,
        "Diluted EPS": 7.54,
        "Basic EPS": 7.58,
        "Diluted NI Availto Com Stockholders": 384000000.0,
        "Net Income Common Stockholders": 384000000.0,
        "Net Income": 384000000.0,
        "Minority Interests": -13000000.0,
        "Net Income Including Noncontrolling Interests": 397000000.0,
        "Net Income Continuous Operations": 397000000.0,
        "Tax Provision": 128000000.0,
        "Pretax Income": 525000000.0,
        "Other Income Expense": 4000000.0,
        "Other Non Operating Income Expenses": 4000000.0,
        "Net Non Operating Interest Income Expense": -23000000.0,
        "Interest Expense Non Operating": 23000000.0,
        "Operating Income": 544000000.0,
        "Operating Expense": 962000000.0,
        "Selling General And Administration": 962000000.0,
        "Gross Profit": 1506000000.0,
        "Cost Of Revenue": 2296000000.0,
        "Total Revenue": 3802000000.0,
        "Operating Revenue": 3802000000.0
    },
    "2022-09-30": {
        "Tax Effect Of Unusual Items": 0.0,
        "Tax Rate For Calcs": 0.247,
        "Normalized EBITDA": 664000000.0,
        "Net Income From Continuing Operation Net Minority Interest": 426000000.0,
        "Reconciled Depreciation": 52000000.0,
        "Reconciled Cost Of Revenue": 2423000000.0,
        "EBITDA": 664000000.0,
        "EBIT": 612000000.0,
        "Net Interest Income": -25000000.0,
        "Interest Expense": 25000000.0,
        "Normalized Income": 426000000.0,
        "Net Income From Continuing And Discontinued Operation": 426000000.0,
        "Total Expenses": 3339000000.0,
        "Total Operating Income As Reported": 603000000.0,
        "Diluted Average Shares": 51100000.0,
        "Basic Average Shares": 50800000.0,
        "Diluted EPS": 8.27,
        "Basic EPS": 8.31,
        "Diluted NI Availto Com Stockholders": 426000000.0,
        "Net Income Common Stockholders": 426000000.0,
        "Otherunder Preferred Stock Dividend": NaN,
        "Net Income": 426000000.0,
        "Minority Interests": -16000000.0,
        "Net Income Including Noncontrolling Interests": 442000000.0,
        "Net Income Continuous Operations": 442000000.0,
        "Tax Provision": 145000000.0,
        "Pretax Income": 587000000.0,
        "Other Income Expense": 9000000.0,
        "Other Non Operating Income Expenses": 9000000.0,
        "Net Non Operating Interest Income Expense": -25000000.0,
        "Interest Expense Non Operating": 25000000.0,
        "Operating Income": 603000000.0,
        "Operating Expense": 916000000.0,
        "Selling General And Administration": 916000000.0,
        "Gross Profit": 1519000000.0,
        "Cost Of Revenue": 2423000000.0,
        "Total Revenue": 3942000000.0,
        "Operating Revenue": 3942000000.0
    },
    "2022-06-30": {
        "Tax Effect Of Unusual Items": 0.0,
        "Tax Rate For Calcs": 0.248,
        "Normalized EBITDA": 594000000.0,
        "Net Income From Continuing Operation Net Minority Interest": 371000000.0,
        "Reconciled Depreciation": 55000000.0,
        "Reconciled Cost Of Revenue": 2396000000.0,
        "EBITDA": 594000000.0,
        "EBIT": 539000000.0,
        "Net Interest Income": -22000000.0,
        "Interest Expense": 22000000.0,
        "Normalized Income": 371000000.0,
        "Net Income From Continuing And Discontinued Operation": 371000000.0,
        "Total Expenses": 3303000000.0,
        "Total Operating Income As Reported": 534000000.0,
        "Diluted Average Shares": 51300000.0,
        "Basic Average Shares": 51000000.0,
        "Diluted EPS": 7.19,
        "Basic EPS": 7.22,
        "Diluted NI Availto Com Stockholders": 371000000.0,
        "Net Income Common Stockholders": 371000000.0,
        "Otherunder Preferred Stock Dividend": NaN,
        "Net Income": 371000000.0,
        "Minority Interests": -18000000.0,
        "Net Income Including Noncontrolling Interests": 389000000.0,
        "Net Income Continuous Operations": 389000000.0,
        "Tax Provision": 128000000.0,
        "Pretax Income": 517000000.0,
        "Other Income Expense": 5000000.0,
        "Other Non Operating Income Expenses": 5000000.0,
        "Net Non Operating Interest Income Expense": -22000000.0,
        "Interest Expense Non Operating": 22000000.0,
        "Operating Income": 534000000.0,
        "Operating Expense": 907000000.0,
        "Selling General And Administration": 907000000.0,
        "Gross Profit": 1441000000.0,
        "Cost Of Revenue": 2396000000.0,
        "Total Revenue": 3837000000.0,
        "Operating Revenue": 3837000000.0
    },
    "2022-03-31": {
        "Diluted EPS": 7.07,
        "Total Revenue": NaN,
        "Gross Profit": NaN,
        "Operating Income": 534,
        "EBIT": 586,
        "Net Income": 366
    },
    "2021-12-31": {
        "Diluted EPS": 5.44,
        "Total Revenue": NaN,
        "Gross Profit": NaN,
        "Operating Income": 417,
        "EBIT": 465,
        "Net Income": 283
    },
    "2021-09-30": {
        "Diluted EPS": 5.65,
        "Total Revenue": NaN,
        "Gross Profit": NaN,
        "Operating Income": 438,
        "EBIT": 483,
        "Net Income": 297
    },
    "2021-06-30": {
        "Diluted EPS": 4.27,
        "Total Revenue": NaN,
        "Gross Profit": NaN,
        "Operating Income": 334,
        "EBIT": 383,
        "Net Income": 225
    },
    "2021-03-31": {
        "Diluted EPS": 4.48,
        "Total Revenue": NaN,
        "Gross Profit": NaN,
        "Operating Income": 358,
        "EBIT": 401,
        "Net Income": 238
    },
    "2020-12-31": {
        "Diluted EPS": 3.12,
        "Total Revenue": NaN,
        "Gross Profit": NaN,
        "Operating Income": 275,
        "EBIT": 330,
        "Net Income": 168
    },
    "2020-09-30": {
        "Diluted EPS": 4.41,
        "Total Revenue": NaN,
        "Gross Profit": NaN,
        "Operating Income": 380,
        "EBIT": 422,
        "Net Income": 240
    },
    "2020-06-30": {
        "Diluted EPS": 2.1,
        "Total Revenue": NaN,
        "Gross Profit": NaN,
        "Operating Income": 205,
        "EBIT": 255,
        "Net Income": 114
    },
    "2020-03-31": {
        "Diluted EPS": 3.19,
        "Total Revenue": NaN,
        "Gross Profit": NaN,
        "Operating Income": 159,
        "EBIT": 381,
        "Net Income": 173
    },
    "2019-12-31": {
        "Diluted EPS": 1.92,
        "Total Revenue": NaN,
        "Gross Profit": NaN,
        "Operating Income": 181,
        "EBIT": 239,
        "Net Income": 103
    },
    "2019-09-30": {
        "Diluted EPS": 4.25,
        "Total Revenue": NaN,
        "Gross Profit": NaN,
        "Operating Income": 338,
        "EBIT": 396,
        "Net Income": 233
    },
    "2019-06-30": {
        "Diluted EPS": 4.67,
        "Total Revenue": NaN,
        "Gross Profit": NaN,
        "Operating Income": 380,
        "EBIT": 436,
        "Net Income": 260
    },
    "2019-03-31": {
        "Diluted EPS": 4.48,
        "Total Revenue": NaN,
        "Gross Profit": NaN,
        "Operating Income": 363,
        "EBIT": 420,
        "Net Income": 253
    },
    "2018-12-31": {
        "Diluted EPS": 3.68,
        "Total Revenue": NaN,
        "Gross Profit": NaN,
        "Operating Income": 290,
        "EBIT": 355,
        "Net Income": 209
    },
    "2018-09-30": {
        "Diluted EPS": 1.82,
        "Total Revenue": NaN,
        "Gross Profit": NaN,
        "Operating Income": 189,
        "EBIT": 253,
        "Net Income": 104
    },
    "2018-06-30": {
        "Diluted EPS": 4.16,
        "Total Revenue": NaN,
        "Gross Profit": NaN,
        "Operating Income": 344,
        "EBIT": 408,
        "Net Income": 237
    },
    "2018-03-31": {
        "Diluted EPS": 4.07,
        "Total Revenue": NaN,
        "Gross Profit": NaN,
        "Operating Income": 335,
        "EBIT": 399,
        "Net Income": 232
    },
    "2017-12-31": {
        "Diluted EPS": 2.63,
        "Total Revenue": NaN,
        "Gross Profit": NaN,
        "Operating Income": 236,
        "EBIT": 305,
        "Net Income": 155
    },
    "2017-09-30": {
        "Diluted EPS": 2.79,
        "Total Revenue": NaN,
        "Gross Profit": NaN,
        "Operating Income": 278,
        "EBIT": 344,
        "Net Income": 161
    },
    "2017-06-30": {
        "Diluted EPS": 1.67,
        "Total Revenue": NaN,
        "Gross Profit": NaN,
        "Operating Income": 229,
        "EBIT": 295,
        "Net Income": 97
    },
    "2017-03-31": {
        "Diluted EPS": 2.93,
        "Total Revenue": NaN,
        "Gross Profit": NaN,
        "Operating Income": 293,
        "EBIT": 355,
        "Net Income": 173
    },
    "2016-12-31": {
        "Diluted EPS": 1.05,
        "Total Revenue": NaN,
        "Gross Profit": 990,
        "Operating Income": 168,
        "EBIT": 239,
        "Net Income": 59
    },
    "2016-09-30": {
        "Diluted EPS": 3.05,
        "Total Revenue": NaN,
        "Gross Profit": NaN,
        "Operating Income": 323,
        "EBIT": 386,
        "Net Income": 184
    },
    "2016-06-30": {
        "Diluted EPS": 2.79,
        "Total Revenue": NaN,
        "Gross Profit": NaN,
        "Operating Income": 306,
        "EBIT": 363,
        "Net Income": 173
    },
    "2016-03-31": {
        "Diluted EPS": 2.98,
        "Total Revenue": NaN,
        "Gross Profit": NaN,
        "Operating Income": 317,
        "EBIT": 373,
        "Net Income": 185
    },
    "2015-12-31": {
        "Diluted EPS": 2.34,
        "Total Revenue": NaN,
        "Gross Profit": NaN,
        "Operating Income": 252,
        "EBIT": 315,
        "Net Income": 151
    },
    "2015-09-30": {
        "Diluted EPS": 2.92,
        "Total Revenue": NaN,
        "Gross Profit": NaN,
        "Operating Income": 341,
        "EBIT": 398,
        "Net Income": 190
    },
    "2015-06-30": {
        "Diluted EPS": 3.25,
        "Total Revenue": NaN,
        "Gross Profit": NaN,
        "Operating Income": 357,
        "EBIT": 411,
        "Net Income": 218
    },
    "2015-03-31": {
        "Diluted EPS": 3.07,
        "Total Revenue": NaN,
        "Gross Profit": NaN,
        "Operating Income": 351,
        "EBIT": 404,
        "Net Income": 209
    },
    "2014-12-31": {
        "Diluted EPS": 2.14,
        "Total Revenue": NaN,
        "Gross Profit": NaN,
        "Operating Income": 267,
        "EBIT": 327,
        "Net Income": 145
    },
    "2014-09-30": {
        "Diluted EPS": 3.3,
        "Total Revenue": NaN,
        "Gross Profit": NaN,
        "Operating Income": 386,
        "EBIT": 439,
        "Net Income": 228
    },
    "2014-06-30": {
        "Diluted EPS": 2.94,
        "Total Revenue": NaN,
        "Gross Profit": NaN,
        "Operating Income": 341,
        "EBIT": 389,
        "Net Income": 206
    },
    "2014-03-31": {
        "Diluted EPS": 3.07,
        "Total Revenue": NaN,
        "Gross Profit": NaN,
        "Operating Income": 354,
        "EBIT": 400,
        "Net Income": 214
    },
    "2013-12-31": {
        "Diluted EPS": 2.21,
        "Total Revenue": NaN,
        "Gross Profit": NaN,
        "Operating Income": 257,
        "EBIT": 311,
        "Net Income": 152
    },
    "2013-09-30": {
        "Diluted EPS": 2.95,
        "Total Revenue": NaN,
        "Gross Profit": NaN,
        "Operating Income": 347,
        "EBIT": 392,
        "Net Income": 208
    },
    "2013-06-30": {
        "Diluted EPS": 3.03,
        "Total Revenue": NaN,
        "Gross Profit": NaN,
        "Operating Income": 350,
        "EBIT": 392,
        "Net Income": 218
    },
    "2013-03-31": {
        "Diluted EPS": 2.94,
        "Total Revenue": NaN,
        "Gross Profit": NaN,
        "Operating Income": 343,
        "EBIT": 382,
        "Net Income": 208
    },
    "2012-12-31": {
        "Diluted EPS": 2.17,
        "Total Revenue": NaN,
        "Gross Profit": 970,
        "Operating Income": 258,
        "EBIT": 304,
        "Net Income": 154
    },
    "2012-09-30": {
        "Diluted EPS": 2.15,
        "Total Revenue": NaN,
        "Gross Profit": 994,
        "Operating Income": 254,
        "EBIT": 294,
        "Net Income": 153
    },
    "2012-06-30": {
        "Diluted EPS": 2.63,
        "Total Revenue": NaN,
        "Gross Profit": 978,
        "Operating Income": 314,
        "EBIT": 351,
        "Net Income": 187
    },
    "2012-03-31": {
        "Diluted EPS": 2.57,
        "Total Revenue": NaN,
        "Gross Profit": 974,
        "Operating Income": 304,
        "EBIT": 341,
        "Net Income": 184
    },
    "2011-12-31": {
        "Diluted EPS": 2.04,
        "Total Revenue": NaN,
        "Gross Profit": 906,
        "Operating Income": 221,
        "EBIT": 267,
        "Net Income": 146
    },
    "2011-09-30": {
        "Diluted EPS": 2.51,
        "Total Revenue": NaN,
        "Gross Profit": 913,
        "Operating Income": 303,
        "EBIT": 341,
        "Net Income": 179
    },
    "2011-06-30": {
        "Diluted EPS": 2.34,
        "Total Revenue": NaN,
        "Gross Profit": 862,
        "Operating Income": 265,
        "EBIT": 299,
        "Net Income": 167
    },
    "2011-03-31": {
        "Diluted EPS": 2.18,
        "Total Revenue": NaN,
        "Gross Profit": 830,
        "Operating Income": 263,
        "EBIT": 295,
        "Net Income": 154
    },
    "2010-12-31": {
        "Diluted EPS": 1.83,
        "Total Revenue": NaN,
        "Gross Profit": 763,
        "Operating Income": 211,
        "EBIT": 252,
        "Net Income": 129
    },
    "2010-09-30": {
        "Diluted EPS": 2.06,
        "Total Revenue": NaN,
        "Gross Profit": 790,
        "Operating Income": 251,
        "EBIT": 289,
        "Net Income": 147
    },
    "2010-06-30": {
        "Diluted EPS": 1.73,
        "Total Revenue": NaN,
        "Gross Profit": 747,
        "Operating Income": 215,
        "EBIT": 251,
        "Net Income": 126
    },
    "2010-03-31": {
        "Diluted EPS": 1.31,
        "Total Revenue": NaN,
        "Gross Profit": 706,
        "Operating Income": 183,
        "EBIT": 219,
        "Net Income": 97
    },
    "2009-12-31": {
        "Diluted EPS": 1.28,
        "Total Revenue": NaN,
        "Gross Profit": 684,
        "Operating Income": 165,
        "EBIT": 209,
        "Net Income": 95
    },
    "2009-09-30": {
        "Diluted EPS": 1.88,
        "Total Revenue": NaN,
        "Gross Profit": 660,
        "Operating Income": 187,
        "EBIT": 222,
        "Net Income": 141
    },
    "2009-06-30": {
        "Diluted EPS": 1.21,
        "Total Revenue": NaN,
        "Gross Profit": 625,
        "Operating Income": 154,
        "EBIT": 189,
        "Net Income": 90
    },
    "2009-03-31": {
        "Diluted EPS": 1.25,
        "Total Revenue": NaN,
        "Gross Profit": 629,
        "Operating Income": 159,
        "EBIT": 193,
        "Net Income": 94
    },
    "2023-09-30": {
        "Tax Effect Of Unusual Items": NaN,
        "Tax Rate For Calcs": NaN,
        "Normalized EBITDA": NaN,
        "Net Income From Continuing Operation Net Minority Interest": NaN,
        "Reconciled Depreciation": NaN,
        "Reconciled Cost Of Revenue": NaN,
        "EBITDA": NaN,
        "EBIT": NaN,
        "Net Interest Income": NaN,
        "Interest Expense": NaN,
        "Normalized Income": NaN,
        "Net Income From Continuing And Discontinued Operation": NaN,
        "Total Expenses": NaN,
        "Total Operating Income As Reported": NaN,
        "Diluted Average Shares": 50100000.0,
        "Basic Average Shares": 49900000.0,
        "Diluted EPS": 9.43,
        "Basic EPS": 9.47,
        "Diluted NI Availto Com Stockholders": NaN,
        "Net Income Common Stockholders": NaN,
        "Net Income": NaN,
        "Minority Interests": NaN,
        "Net Income Including Noncontrolling Interests": NaN,
        "Net Income Continuous Operations": NaN,
        "Tax Provision": NaN,
        "Pretax Income": NaN,
        "Other Income Expense": NaN,
        "Other Non Operating Income Expenses": NaN,
        "Net Non Operating Interest Income Expense": NaN,
        "Interest Expense Non Operating": NaN,
        "Operating Income": NaN,
        "Operating Expense": NaN,
        "Selling General And Administration": NaN,
        "Gross Profit": NaN,
        "Cost Of Revenue": NaN,
        "Total Revenue": NaN,
        "Operating Revenue": NaN
    },
    "2023-12-31": {
        "Tax Effect Of Unusual Items": 0.0,
        "Tax Rate For Calcs": 0.238447,
        "Normalized EBITDA": 616000000.0,
        "Net Income From Continuing Operation Net Minority Interest": 395000000.0,
        "Reconciled Depreciation": 52000000.0,
        "Reconciled Cost Of Revenue": 2434000000.0,
        "EBITDA": 616000000.0,
        "EBIT": 564000000.0,
        "Net Interest Income": -23000000.0,
        "Interest Expense": 23000000.0,
        "Normalized Income": 395000000.0,
        "Net Income From Continuing And Discontinued Operation": 395000000.0,
        "Total Expenses": 3440000000.0,
        "Total Operating Income As Reported": 557000000.0,
        "Diluted Average Shares": 49700000.0,
        "Basic Average Shares": 49500000.0,
        "Diluted EPS": 7.89,
        "Basic EPS": 7.93,
        "Diluted NI Availto Com Stockholders": 395000000.0,
        "Net Income Common Stockholders": 395000000.0,
        "Net Income": 395000000.0,
        "Minority Interests": -17000000.0,
        "Net Income Including Noncontrolling Interests": 412000000.0,
        "Net Income Continuous Operations": 412000000.0,
        "Tax Provision": 129000000.0,
        "Pretax Income": 541000000.0,
        "Other Income Expense": 7000000.0,
        "Other Non Operating Income Expenses": 7000000.0,
        "Net Non Operating Interest Income Expense": -23000000.0,
        "Interest Expense Non Operating": 23000000.0,
        "Operating Income": 557000000.0,
        "Operating Expense": 1006000000.0,
        "Selling General And Administration": 1006000000.0,
        "Gross Profit": 1563000000.0,
        "Cost Of Revenue": 2434000000.0,
        "Total Revenue": 3997000000.0,
        "Operating Revenue": 3997000000.0
    },
    "2024-03-31": {
        "Tax Effect Of Unusual Items": NaN,
        "Tax Rate For Calcs": NaN,
        "Normalized EBITDA": NaN,
        "Net Income From Continuing Operation Net Minority Interest": NaN,
        "Reconciled Depreciation": NaN,
        "Reconciled Cost Of Revenue": NaN,
        "EBITDA": NaN,
        "EBIT": NaN,
        "Net Interest Income": NaN,
        "Interest Expense": NaN,
        "Normalized Income": NaN,
        "Net Income From Continuing And Discontinued Operation": NaN,
        "Total Expenses": NaN,
        "Total Operating Income As Reported": NaN,
        "Diluted Average Shares": 49400000.0,
        "Basic Average Shares": 49200000.0,
        "Diluted EPS": 9.62,
        "Basic EPS": 9.65,
        "Diluted NI Availto Com Stockholders": NaN,
        "Net Income Common Stockholders": NaN,
        "Net Income": NaN,
        "Minority Interests": NaN,
        "Net Income Including Noncontrolling Interests": NaN,
        "Net Income Continuous Operations": NaN,
        "Tax Provision": NaN,
        "Pretax Income": NaN,
        "Other Income Expense": NaN,
        "Other Non Operating Income Expenses": NaN,
        "Net Non Operating Interest Income Expense": NaN,
        "Interest Expense Non Operating": NaN,
        "Operating Income": NaN,
        "Operating Expense": NaN,
        "Selling General And Administration": NaN,
        "Gross Profit": NaN,
        "Cost Of Revenue": NaN,
        "Total Revenue": NaN,
        "Operating Revenue": NaN
    },
    "2024-06-30": {
        "Tax Effect Of Unusual Items": 0.0,
        "Tax Rate For Calcs": 0.229,
        "Normalized EBITDA": 716000000.0,
        "Net Income From Continuing Operation Net Minority Interest": 470000000.0,
        "Reconciled Depreciation": 60000000.0,
        "Reconciled Cost Of Revenue": 2618000000.0,
        "EBITDA": 716000000.0,
        "EBIT": 656000000.0,
        "Net Interest Income": -20000000.0,
        "Interest Expense": 20000000.0,
        "Normalized Income": 470000000.0,
        "Net Income From Continuing And Discontinued Operation": 470000000.0,
        "Total Expenses": 3663000000.0,
        "Total Operating Income As Reported": 649000000.0,
        "Diluted Average Shares": 49200000.0,
        "Basic Average Shares": 49000000.0,
        "Diluted EPS": 9.51,
        "Basic EPS": 9.54,
        "Diluted NI Availto Com Stockholders": 470000000.0,
        "Net Income Common Stockholders": 470000000.0,
        "Net Income": 470000000.0,
        "Minority Interests": -20000000.0,
        "Net Income Including Noncontrolling Interests": 490000000.0,
        "Net Income Continuous Operations": 490000000.0,
        "Tax Provision": 146000000.0,
        "Pretax Income": 636000000.0,
        "Other Income Expense": 7000000.0,
        "Other Non Operating Income Expenses": 7000000.0,
        "Net Non Operating Interest Income Expense": -20000000.0,
        "Interest Expense Non Operating": 20000000.0,
        "Operating Income": 649000000.0,
        "Operating Expense": 1045000000.0,
        "Selling General And Administration": 1045000000.0,
        "Gross Profit": 1694000000.0,
        "Cost Of Revenue": 2618000000.0,
        "Total Revenue": 4312000000.0,
        "Operating Revenue": 4312000000.0
    },
    "2024-09-30": {
        "Tax Effect Of Unusual Items": 0.0,
        "Tax Rate For Calcs": 0.248,
        "Normalized EBITDA": 749000000.0,
        "Net Income From Continuing Operation Net Minority Interest": 486000000.0,
        "Reconciled Depreciation": 59000000.0,
        "Reconciled Cost Of Revenue": 2668000000.0,
        "EBITDA": 749000000.0,
        "EBIT": 690000000.0,
        "Net Interest Income": -19000000.0,
        "Interest Expense": 19000000.0,
        "Normalized Income": 486000000.0,
        "Net Income From Continuing And Discontinued Operation": 486000000.0,
        "Total Expenses": 3702000000.0,
        "Total Operating Income As Reported": 686000000.0,
        "Diluted Average Shares": 48900000.0,
        "Basic Average Shares": 48800000.0,
        "Diluted EPS": 9.87,
        "Basic EPS": 9.9,
        "Diluted NI Availto Com Stockholders": 486000000.0,
        "Net Income Common Stockholders": 486000000.0,
        "Net Income": 486000000.0,
        "Minority Interests": -19000000.0,
        "Net Income Including Noncontrolling Interests": 505000000.0,
        "Net Income Continuous Operations": 505000000.0,
        "Tax Provision": 166000000.0,
        "Pretax Income": 671000000.0,
        "Other Income Expense": 4000000.0,
        "Other Non Operating Income Expenses": 4000000.0,
        "Net Non Operating Interest Income Expense": -19000000.0,
        "Interest Expense Non Operating": 19000000.0,
        "Operating Income": 686000000.0,
        "Operating Expense": 1034000000.0,
        "Selling General And Administration": 1034000000.0,
        "Gross Profit": 1720000000.0,
        "Cost Of Revenue": 2668000000.0,
        "Total Revenue": 4388000000.0,
        "Operating Revenue": 4388000000.0
    },
    "2024-12-31": {
        "Tax Effect Of Unusual Items": 0.0,
        "Tax Rate For Calcs": 0.200965,
        "Normalized EBITDA": 701000000.0,
        "Net Income From Continuing Operation Net Minority Interest": 475000000.0,
        "Reconciled Depreciation": 62000000.0,
        "Reconciled Cost Of Revenue": 2557000000.0,
        "EBITDA": 701000000.0,
        "EBIT": 639000000.0,
        "Net Interest Income": -17000000.0,
        "Interest Expense": 17000000.0,
        "Normalized Income": 475000000.0,
        "Net Income From Continuing And Discontinued Operation": 475000000.0,
        "Total Expenses": 3600000000.0,
        "Total Operating Income As Reported": 633000000.0,
        "Diluted Average Shares": 48700000.0,
        "Basic Average Shares": 48600000.0,
        "Diluted EPS": 9.71,
        "Basic EPS": 9.74,
        "Diluted NI Availto Com Stockholders": 475000000.0,
        "Net Income Common Stockholders": 475000000.0,
        "Net Income": 475000000.0,
        "Minority Interests": -22000000.0,
        "Net Income Including Noncontrolling Interests": 497000000.0,
        "Net Income Continuous Operations": 497000000.0,
        "Tax Provision": 125000000.0,
        "Pretax Income": 622000000.0,
        "Other Income Expense": 6000000.0,
        "Other Non Operating Income Expenses": 6000000.0,
        "Net Non Operating Interest Income Expense": -17000000.0,
        "Interest Expense Non Operating": 17000000.0,
        "Operating Income": 633000000.0,
        "Operating Expense": 1043000000.0,
        "Selling General And Administration": 1043000000.0,
        "Gross Profit": 1676000000.0,
        "Cost Of Revenue": 2557000000.0,
        "Total Revenue": 4233000000.0,
        "Operating Revenue": 4233000000.0
    },
    "2025-03-31": {
        "Tax Effect Of Unusual Items": 0.0,
        "Tax Rate For Calcs": 0.239,
        "Normalized EBITDA": 739000000.0,
        "Net Income From Continuing Operation Net Minority Interest": 479000000.0,
        "Reconciled Depreciation": 61000000.0,
        "Reconciled Cost Of Revenue": 2596000000.0,
        "EBITDA": 739000000.0,
        "EBIT": 678000000.0,
        "Net Interest Income": -21000000.0,
        "Interest Expense": 21000000.0,
        "Normalized Income": 479000000.0,
        "Net Income From Continuing And Discontinued Operation": 479000000.0,
        "Total Expenses": 3634000000.0,
        "Total Operating Income As Reported": 672000000.0,
        "Diluted Average Shares": 48300000.0,
        "Basic Average Shares": 48200000.0,
        "Diluted EPS": 9.86,
        "Basic EPS": 9.88,
        "Diluted NI Availto Com Stockholders": 479000000.0,
        "Net Income Common Stockholders": 479000000.0,
        "Net Income": 479000000.0,
        "Minority Interests": -21000000.0,
        "Net Income Including Noncontrolling Interests": 500000000.0,
        "Net Income Continuous Operations": 500000000.0,
        "Tax Provision": 157000000.0,
        "Pretax Income": 657000000.0,
        "Other Income Expense": 6000000.0,
        "Other Non Operating Income Expenses": 6000000.0,
        "Net Non Operating Interest Income Expense": -21000000.0,
        "Interest Expense Non Operating": 21000000.0,
        "Operating Income": 672000000.0,
        "Operating Expense": 1038000000.0,
        "Selling General And Administration": 1038000000.0,
        "Gross Profit": 1710000000.0,
        "Cost Of Revenue": 2596000000.0,
        "Total Revenue": 4306000000.0,
        "Operating Revenue": 4306000000.0
    },
    "2025-06-30": {
        "Tax Effect Of Unusual Items": 0.0,
        "Tax Rate For Calcs": 0.232,
        "Normalized EBITDA": 745000000.0,
        "Net Income From Continuing Operation Net Minority Interest": 482000000.0,
        "Reconciled Depreciation": 64000000.0,
        "Reconciled Cost Of Revenue": 2799000000.0,
        "EBITDA": 745000000.0,
        "EBIT": 681000000.0,
        "Net Interest Income": -20000000.0,
        "Interest Expense": 20000000.0,
        "Normalized Income": 482000000.0,
        "Net Income From Continuing And Discontinued Operation": 482000000.0,
        "Total Expenses": 3876000000.0,
        "Total Operating Income As Reported": 678000000.0,
        "Diluted Average Shares": 48100000.0,
        "Basic Average Shares": 48000000.0,
        "Diluted EPS": 9.97,
        "Basic EPS": 9.99,
        "Diluted NI Availto Com Stockholders": 482000000.0,
        "Net Income Common Stockholders": 482000000.0,
        "Net Income": 482000000.0,
        "Minority Interests": -26000000.0,
        "Net Income Including Noncontrolling Interests": 508000000.0,
        "Net Income Continuous Operations": 508000000.0,
        "Tax Provision": 153000000.0,
        "Pretax Income": 661000000.0,
        "Other Income Expense": 3000000.0,
        "Other Non Operating Income Expenses": 3000000.0,
        "Net Non Operating Interest Income Expense": -20000000.0,
        "Interest Expense Non Operating": 20000000.0,
        "Operating Income": 678000000.0,
        "Operating Expense": 1077000000.0,
        "Selling General And Administration": 1077000000.0,
        "Gross Profit": 1755000000.0,
        "Cost Of Revenue": 2799000000.0,
        "Total Revenue": 4554000000.0,
        "Operating Revenue": 4554000000.0
    },
    "2025-09-30": {
        "Tax Effect Of Unusual Items": 0.0,
        "Tax Rate For Calcs": 0.347,
        "Normalized EBITDA": 577000000.0,
        "Net Income From Continuing Operation Net Minority Interest": 294000000.0,
        "Reconciled Depreciation": 65000000.0,
        "Reconciled Cost Of Revenue": 2859000000.0,
        "EBITDA": 577000000.0,
        "EBIT": 512000000.0,
        "Net Interest Income": -20000000.0,
        "Interest Expense": 20000000.0,
        "Normalized Income": 294000000.0,
        "Net Income From Continuing And Discontinued Operation": 294000000.0,
        "Total Expenses": 4146000000.0,
        "Total Operating Income As Reported": 511000000.0,
        "Diluted Average Shares": 47900000.0,
        "Basic Average Shares": 47800000.0,
        "Diluted EPS": 6.12,
        "Basic EPS": 6.13,
        "Diluted NI Availto Com Stockholders": 294000000.0,
        "Net Income Common Stockholders": 294000000.0,
        "Net Income": 294000000.0,
        "Minority Interests": -27000000.0,
        "Net Income Including Noncontrolling Interests": 321000000.0,
        "Net Income Continuous Operations": 321000000.0,
        "Tax Provision": 171000000.0,
        "Pretax Income": 492000000.0,
        "Other Income Expense": 1000000.0,
        "Other Non Operating Income Expenses": 1000000.0,
        "Net Non Operating Interest Income Expense": -20000000.0,
        "Interest Expense Non Operating": 20000000.0,
        "Operating Income": 511000000.0,
        "Operating Expense": 1287000000.0,
        "Selling General And Administration": 1287000000.0,
        "Gross Profit": 1798000000.0,
        "Cost Of Revenue": 2859000000.0,
        "Total Revenue": 4657000000.0,
        "Operating Revenue": 4657000000.0
    }
}