{
    "2023-03-31": {
        "Tax Effect Of Unusual Items": NaN,
        "Tax Rate For Calcs": NaN,
        "Normalized EBITDA": NaN,
        "Total Unusual Items": NaN,
        "Total Unusual Items Excluding Goodwill": NaN,
        "Net Income From Continuing Operation Net Minority Interest": NaN,
        "Reconciled Depreciation": NaN,
        "Reconciled Cost Of Revenue": NaN,
        "EBITDA": NaN,
        "EBIT": NaN,
        "Net Interest Income": NaN,
        "Interest Expense": 7556.052834,
        "Interest Income": 184000.0,
        "Normalized Income": NaN,
        "Net Income From Continuing And Discontinued Operation": NaN,
        "Total Expenses": NaN,
        "Total Operating Income As Reported": NaN,
        "Diluted Average Shares": NaN,
        "Basic Average Shares": NaN,
        "Diluted EPS": NaN,
        "Basic EPS": NaN,
        "Diluted NI Availto Com Stockholders": NaN,
        "Net Income Common Stockholders": NaN,
        "Net Income": NaN,
        "Minority Interests": NaN,
        "Net Income Including Noncontrolling Interests": NaN,
        "Net Income Continuous Operations": NaN,
        "Tax Provision": NaN,
        "Pretax Income": NaN,
        "Other Income Expense": NaN,
        "Other Non Operating Income Expenses": NaN,
        "Special Income Charges": NaN,
        "Gain On Sale Of Ppe": NaN,
        "Gain On Sale Of Security": NaN,
        "Net Non Operating Interest Income Expense": NaN,
        "Total Other Finance Cost": NaN,
        "Interest Expense Non Operating": 7556.052834,
        "Interest Income Non Operating": 184000.0,
        "Operating Income": NaN,
        "Operating Expense": NaN,
        "Research And Development": NaN,
        "Selling General And Administration": NaN,
        "Selling And Marketing Expense": NaN,
        "General And Administrative Expense": NaN,
        "Other Gand A": NaN,
        "Gross Profit": NaN,
        "Cost Of Revenue": NaN,
        "Total Revenue": NaN,
        "Operating Revenue": NaN
    },
    "2024-03-31": {
        "Tax Effect Of Unusual Items": NaN,
        "Tax Rate For Calcs": NaN,
        "Normalized EBITDA": NaN,
        "Total Unusual Items": NaN,
        "Total Unusual Items Excluding Goodwill": NaN,
        "Net Income From Continuing Operation Net Minority Interest": NaN,
        "Reconciled Depreciation": NaN,
        "Reconciled Cost Of Revenue": NaN,
        "EBITDA": NaN,
        "EBIT": NaN,
        "Net Interest Income": 328000.0,
        "Interest Income": 328000.0,
        "Normalized Income": NaN,
        "Net Income From Continuing And Discontinued Operation": NaN,
        "Total Expenses": NaN,
        "Total Operating Income As Reported": NaN,
        "Diluted Average Shares": NaN,
        "Basic Average Shares": NaN,
        "Diluted EPS": NaN,
        "Basic EPS": NaN,
        "Diluted NI Availto Com Stockholders": NaN,
        "Average Dilution Earnings": -4288000.0,
        "Net Income Common Stockholders": NaN,
        "Net Income": NaN,
        "Minority Interests": NaN,
        "Net Income Including Noncontrolling Interests": NaN,
        "Net Income Continuous Operations": NaN,
        "Tax Provision": NaN,
        "Pretax Income": NaN,
        "Other Income Expense": NaN,
        "Other Non Operating Income Expenses": NaN,
        "Special Income Charges": NaN,
        "Gain On Sale Of Ppe": NaN,
        "Gain On Sale Of Security": NaN,
        "Net Non Operating Interest Income Expense": 328000.0,
        "Total Other Finance Cost": NaN,
        "Interest Income Non Operating": 328000.0,
        "Operating Income": NaN,
        "Operating Expense": NaN,
        "Research And Development": NaN,
        "Selling General And Administration": NaN,
        "Selling And Marketing Expense": NaN,
        "General And Administrative Expense": NaN,
        "Other Gand A": NaN,
        "Gross Profit": NaN,
        "Cost Of Revenue": NaN,
        "Total Revenue": NaN,
        "Operating Revenue": NaN
    },
    "2024-06-30": {
        "Tax Effect Of Unusual Items": NaN,
        "Tax Rate For Calcs": NaN,
        "Normalized EBITDA": NaN,
        "Total Unusual Items": NaN,
        "Total Unusual Items Excluding Goodwill": NaN,
        "Net Income From Continuing Operation Net Minority Interest": NaN,
        "Reconciled Depreciation": NaN,
        "Reconciled Cost Of Revenue": NaN,
        "EBITDA": NaN,
        "EBIT": NaN,
        "Net Interest Income": 350000.0,
        "Interest Income": NaN,
        "Normalized Income": NaN,
        "Net Income From Continuing And Discontinued Operation": NaN,
        "Total Expenses": NaN,
        "Total Operating Income As Reported": NaN,
        "Diluted Average Shares": NaN,
        "Basic Average Shares": NaN,
        "Diluted EPS": NaN,
        "Basic EPS": NaN,
        "Diluted NI Availto Com Stockholders": NaN,
        "Average Dilution Earnings": NaN,
        "Net Income Common Stockholders": NaN,
        "Net Income": NaN,
        "Minority Interests": NaN,
        "Net Income Including Noncontrolling Interests": NaN,
        "Net Income Continuous Operations": NaN,
        "Tax Provision": NaN,
        "Pretax Income": NaN,
        "Other Income Expense": NaN,
        "Other Non Operating Income Expenses": NaN,
        "Special Income Charges": -68000.0,
        "Gain On Sale Of Ppe": -68000.0,
        "Gain On Sale Of Security": NaN,
        "Net Non Operating Interest Income Expense": 350000.0,
        "Total Other Finance Cost": -350000.0,
        "Interest Income Non Operating": NaN,
        "Operating Income": NaN,
        "Operating Expense": NaN,
        "Research And Development": NaN,
        "Selling General And Administration": NaN,
        "Selling And Marketing Expense": NaN,
        "General And Administrative Expense": NaN,
        "Other Gand A": NaN,
        "Gross Profit": NaN,
        "Cost Of Revenue": NaN,
        "Total Revenue": NaN,
        "Operating Revenue": NaN
    },
    "2023-06-30": {
        "Tax Effect Of Unusual Items": NaN,
        "Tax Rate For Calcs": NaN,
        "Normalized EBITDA": NaN,
        "Total Unusual Items": NaN,
        "Total Unusual Items Excluding Goodwill": NaN,
        "Net Income From Continuing Operation Net Minority Interest": NaN,
        "Reconciled Depreciation": NaN,
        "Reconciled Cost Of Revenue": NaN,
        "EBITDA": NaN,
        "EBIT": NaN,
        "Net Interest Income": NaN,
        "Interest Income": NaN,
        "Normalized Income": NaN,
        "Net Income From Continuing And Discontinued Operation": NaN,
        "Total Expenses": NaN,
        "Total Operating Income As Reported": NaN,
        "Diluted Average Shares": NaN,
        "Basic Average Shares": NaN,
        "Diluted EPS": NaN,
        "Basic EPS": NaN,
        "Diluted NI Availto Com Stockholders": NaN,
        "Net Income Common Stockholders": NaN,
        "Net Income": NaN,
        "Minority Interests": NaN,
        "Net Income Including Noncontrolling Interests": NaN,
        "Net Income Continuous Operations": NaN,
        "Tax Provision": NaN,
        "Pretax Income": NaN,
        "Other Income Expense": NaN,
        "Other Non Operating Income Expenses": NaN,
        "Special Income Charges": NaN,
        "Gain On Sale Of Ppe": NaN,
        "Gain On Sale Of Security": NaN,
        "Net Non Operating Interest Income Expense": NaN,
        "Total Other Finance Cost": -251000.0,
        "Interest Income Non Operating": NaN,
        "Operating Income": NaN,
        "Operating Expense": NaN,
        "Research And Development": NaN,
        "Selling General And Administration": NaN,
        "Selling And Marketing Expense": NaN,
        "General And Administrative Expense": NaN,
        "Other Gand A": NaN,
        "Gross Profit": NaN,
        "Cost Of Revenue": NaN,
        "Total Revenue": NaN,
        "Operating Revenue": NaN
    },
    "2024-09-30": {
        "Tax Effect Of Unusual Items": -62308.396947,
        "Tax Rate For Calcs": 0.273282,
        "Normalized EBITDA": 4906000.0,
        "Total Unusual Items": -228000.0,
        "Total Unusual Items Excluding Goodwill": -228000.0,
        "Net Income From Continuing Operation Net Minority Interest": 1124000.0,
        "Reconciled Depreciation": 445000.0,
        "Reconciled Cost Of Revenue": 958000.0,
        "EBITDA": 4678000.0,
        "EBIT": 4233000.0,
        "Net Interest Income": 523000.0,
        "Interest Income": 523000.0,
        "Normalized Income": 1289691.603053,
        "Net Income From Continuing And Discontinued Operation": 1124000.0,
        "Total Expenses": 21255000.0,
        "Total Operating Income As Reported": 4233000.0,
        "Diluted Average Shares": 85769526.0,
        "Basic Average Shares": 85769526.0,
        "Diluted EPS": 0.01,
        "Basic EPS": 0.01,
        "Diluted NI Availto Com Stockholders": 1124000.0,
        "Average Dilution Earnings": NaN,
        "Net Income Common Stockholders": 1124000.0,
        "Net Income": 1124000.0,
        "Minority Interests": -1732000.0,
        "Net Income Including Noncontrolling Interests": 2856000.0,
        "Net Income Continuous Operations": 2856000.0,
        "Tax Provision": 1074000.0,
        "Pretax Income": 3930000.0,
        "Other Income Expense": -303000.0,
        "Other Non Operating Income Expenses": -75000.0,
        "Special Income Charges": 0.0,
        "Gain On Sale Of Ppe": 0.0,
        "Gain On Sale Of Security": -228000.0,
        "Net Non Operating Interest Income Expense": 523000.0,
        "Total Other Finance Cost": NaN,
        "Interest Income Non Operating": 523000.0,
        "Operating Income": 4233000.0,
        "Operating Expense": 20297000.0,
        "Research And Development": 2775000.0,
        "Selling General And Administration": 17522000.0,
        "Selling And Marketing Expense": 13699000.0,
        "General And Administrative Expense": 3823000.0,
        "Other Gand A": 3823000.0,
        "Gross Profit": 24530000.0,
        "Cost Of Revenue": 958000.0,
        "Total Revenue": 25488000.0,
        "Operating Revenue": 25488000.0
    },
    "2023-12-31": {
        "Tax Effect Of Unusual Items": NaN,
        "Tax Rate For Calcs": NaN,
        "Normalized EBITDA": NaN,
        "Total Unusual Items": NaN,
        "Total Unusual Items Excluding Goodwill": NaN,
        "Net Income From Continuing Operation Net Minority Interest": NaN,
        "Reconciled Depreciation": NaN,
        "Reconciled Cost Of Revenue": NaN,
        "EBITDA": NaN,
        "EBIT": NaN,
        "Net Interest Income": 326000.0,
        "Interest Income": NaN,
        "Normalized Income": NaN,
        "Net Income From Continuing And Discontinued Operation": NaN,
        "Total Expenses": NaN,
        "Total Operating Income As Reported": NaN,
        "Diluted Average Shares": NaN,
        "Basic Average Shares": NaN,
        "Diluted EPS": NaN,
        "Basic EPS": NaN,
        "Diluted NI Availto Com Stockholders": NaN,
        "Average Dilution Earnings": NaN,
        "Net Income Common Stockholders": NaN,
        "Net Income": NaN,
        "Minority Interests": NaN,
        "Net Income Including Noncontrolling Interests": NaN,
        "Net Income Continuous Operations": NaN,
        "Tax Provision": NaN,
        "Pretax Income": NaN,
        "Other Income Expense": NaN,
        "Other Non Operating Income Expenses": NaN,
        "Special Income Charges": -85917000.0,
        "Gain On Sale Of Ppe": -102000.0,
        "Gain On Sale Of Security": NaN,
        "Net Non Operating Interest Income Expense": 326000.0,
        "Total Other Finance Cost": NaN,
        "Interest Income Non Operating": NaN,
        "Operating Income": NaN,
        "Operating Expense": NaN,
        "Research And Development": NaN,
        "Selling General And Administration": NaN,
        "Selling And Marketing Expense": NaN,
        "General And Administrative Expense": NaN,
        "Other Gand A": NaN,
        "Gross Profit": NaN,
        "Cost Of Revenue": NaN,
        "Total Revenue": NaN,
        "Operating Revenue": NaN
    },
    "2023-09-30": {
        "Tax Effect Of Unusual Items": NaN,
        "Tax Rate For Calcs": NaN,
        "Normalized EBITDA": NaN,
        "Total Unusual Items": NaN,
        "Total Unusual Items Excluding Goodwill": NaN,
        "Net Income From Continuing Operation Net Minority Interest": NaN,
        "Reconciled Depreciation": NaN,
        "Reconciled Cost Of Revenue": NaN,
        "EBITDA": NaN,
        "EBIT": NaN,
        "Net Interest Income": NaN,
        "Interest Income": 283000.0,
        "Normalized Income": NaN,
        "Net Income From Continuing And Discontinued Operation": NaN,
        "Total Expenses": NaN,
        "Total Operating Income As Reported": NaN,
        "Diluted Average Shares": NaN,
        "Basic Average Shares": NaN,
        "Diluted EPS": NaN,
        "Basic EPS": NaN,
        "Diluted NI Availto Com Stockholders": NaN,
        "Average Dilution Earnings": NaN,
        "Net Income Common Stockholders": NaN,
        "Net Income": NaN,
        "Minority Interests": NaN,
        "Net Income Including Noncontrolling Interests": NaN,
        "Net Income Continuous Operations": NaN,
        "Tax Provision": NaN,
        "Pretax Income": NaN,
        "Other Income Expense": NaN,
        "Other Non Operating Income Expenses": NaN,
        "Special Income Charges": -526000.0,
        "Gain On Sale Of Ppe": -526000.0,
        "Gain On Sale Of Security": NaN,
        "Net Non Operating Interest Income Expense": NaN,
        "Total Other Finance Cost": NaN,
        "Interest Income Non Operating": 283000.0,
        "Operating Income": NaN,
        "Operating Expense": NaN,
        "Research And Development": NaN,
        "Selling General And Administration": NaN,
        "Selling And Marketing Expense": NaN,
        "General And Administrative Expense": NaN,
        "Other Gand A": NaN,
        "Gross Profit": NaN,
        "Cost Of Revenue": NaN,
        "Total Revenue": NaN,
        "Operating Revenue": NaN
    },
    "2024-12-31": {
        "Tax Effect Of Unusual Items": 51538.860104,
        "Tax Rate For Calcs": 0.262953,
        "Normalized EBITDA": 938000.0,
        "Total Unusual Items": 196000.0,
        "Total Unusual Items Excluding Goodwill": 196000.0,
        "Net Income From Continuing Operation Net Minority Interest": -99000.0,
        "Reconciled Depreciation": 471000.0,
        "Reconciled Cost Of Revenue": 1177000.0,
        "EBITDA": 1134000.0,
        "EBIT": 663000.0,
        "Net Interest Income": 346000.0,
        "Interest Income": 346000.0,
        "Normalized Income": -243461.139896,
        "Net Income From Continuing And Discontinued Operation": -99000.0,
        "Total Expenses": 27209000.0,
        "Total Operating Income As Reported": 597000.0,
        "Diluted Average Shares": 85952413.0,
        "Basic Average Shares": 85952413.0,
        "Diluted EPS": 0.0,
        "Basic EPS": 0.0,
        "Diluted NI Availto Com Stockholders": -99000.0,
        "Average Dilution Earnings": NaN,
        "Net Income Common Stockholders": -99000.0,
        "Net Income": -99000.0,
        "Minority Interests": -668000.0,
        "Net Income Including Noncontrolling Interests": 569000.0,
        "Net Income Continuous Operations": 569000.0,
        "Tax Provision": 203000.0,
        "Pretax Income": 772000.0,
        "Other Income Expense": -237000.0,
        "Other Non Operating Income Expenses": -433000.0,
        "Special Income Charges": 2000.0,
        "Gain On Sale Of Ppe": 2000.0,
        "Gain On Sale Of Security": 194000.0,
        "Net Non Operating Interest Income Expense": 346000.0,
        "Total Other Finance Cost": NaN,
        "Interest Income Non Operating": 346000.0,
        "Operating Income": 663000.0,
        "Operating Expense": 26032000.0,
        "Research And Development": 3712000.0,
        "Selling General And Administration": 22320000.0,
        "Selling And Marketing Expense": 16856000.0,
        "General And Administrative Expense": 5464000.0,
        "Other Gand A": 5464000.0,
        "Gross Profit": 26695000.0,
        "Cost Of Revenue": 1177000.0,
        "Total Revenue": 27872000.0,
        "Operating Revenue": 27872000.0
    },
    "2025-03-31": {
        "Tax Effect Of Unusual Items": 438372.0,
        "Tax Rate For Calcs": 0.1944,
        "Normalized EBITDA": 553000.0,
        "Total Unusual Items": 2255000.0,
        "Total Unusual Items Excluding Goodwill": 2255000.0,
        "Net Income From Continuing Operation Net Minority Interest": 2698000.0,
        "Reconciled Depreciation": 535000.0,
        "Reconciled Cost Of Revenue": 894000.0,
        "EBITDA": 2808000.0,
        "EBIT": 2273000.0,
        "Net Interest Income": NaN,
        "Interest Income": NaN,
        "Normalized Income": 881372.0,
        "Net Income From Continuing And Discontinued Operation": 2698000.0,
        "Total Expenses": 19785000.0,
        "Total Operating Income As Reported": 2273000.0,
        "Diluted Average Shares": 101970672.0,
        "Basic Average Shares": 86420530.0,
        "Diluted EPS": 0.0,
        "Basic EPS": 0.03,
        "Diluted NI Availto Com Stockholders": 443000.0,
        "Average Dilution Earnings": -2255000.0,
        "Net Income Common Stockholders": 2698000.0,
        "Net Income": 2698000.0,
        "Minority Interests": -1036000.0,
        "Net Income Including Noncontrolling Interests": 3734000.0,
        "Net Income Continuous Operations": 3734000.0,
        "Tax Provision": 901000.0,
        "Pretax Income": 4635000.0,
        "Other Income Expense": 2362000.0,
        "Other Non Operating Income Expenses": 107000.0,
        "Special Income Charges": NaN,
        "Gain On Sale Of Ppe": NaN,
        "Gain On Sale Of Security": 2255000.0,
        "Net Non Operating Interest Income Expense": NaN,
        "Total Other Finance Cost": NaN,
        "Interest Income Non Operating": NaN,
        "Operating Income": 2273000.0,
        "Operating Expense": 18891000.0,
        "Research And Development": 3095000.0,
        "Selling General And Administration": 15796000.0,
        "Selling And Marketing Expense": 10841000.0,
        "General And Administrative Expense": 4955000.0,
        "Other Gand A": 4955000.0,
        "Gross Profit": 21164000.0,
        "Cost Of Revenue": 894000.0,
        "Total Revenue": 22058000.0,
        "Operating Revenue": 22058000.0
    },
    "2025-06-30": {
        "Tax Effect Of Unusual Items": 62413.762288,
        "Tax Rate For Calcs": 0.2958,
        "Normalized EBITDA": 2602000.0,
        "Total Unusual Items": 211000.0,
        "Total Unusual Items Excluding Goodwill": 211000.0,
        "Net Income From Continuing Operation Net Minority Interest": 442000.0,
        "Reconciled Depreciation": 641000.0,
        "Reconciled Cost Of Revenue": 1151000.0,
        "EBITDA": 2813000.0,
        "EBIT": 2172000.0,
        "Net Interest Income": NaN,
        "Interest Income": NaN,
        "Normalized Income": 293413.762288,
        "Net Income From Continuing And Discontinued Operation": 442000.0,
        "Total Expenses": 24599000.0,
        "Total Operating Income As Reported": 2171000.0,
        "Diluted Average Shares": 102701707.0,
        "Basic Average Shares": 89119344.0,
        "Diluted EPS": 0.0,
        "Basic EPS": 0.0,
        "Diluted NI Availto Com Stockholders": 442000.0,
        "Average Dilution Earnings": NaN,
        "Net Income Common Stockholders": 442000.0,
        "Net Income": 442000.0,
        "Minority Interests": -1134000.0,
        "Net Income Including Noncontrolling Interests": 1576000.0,
        "Net Income Continuous Operations": 1576000.0,
        "Tax Provision": 662000.0,
        "Pretax Income": 2238000.0,
        "Other Income Expense": 66000.0,
        "Other Non Operating Income Expenses": -145000.0,
        "Special Income Charges": -1000.0,
        "Gain On Sale Of Ppe": -1000.0,
        "Gain On Sale Of Security": 212000.0,
        "Net Non Operating Interest Income Expense": NaN,
        "Total Other Finance Cost": NaN,
        "Interest Income Non Operating": NaN,
        "Operating Income": 2172000.0,
        "Operating Expense": 23448000.0,
        "Research And Development": 3425000.0,
        "Selling General And Administration": 20023000.0,
        "Selling And Marketing Expense": 15194000.0,
        "General And Administrative Expense": 4829000.0,
        "Other Gand A": 4829000.0,
        "Gross Profit": 25620000.0,
        "Cost Of Revenue": 1151000.0,
        "Total Revenue": 26771000.0,
        "Operating Revenue": 26771000.0
    },
    "2025-09-30": {
        "Tax Effect Of Unusual Items": -5325.992922,
        "Tax Rate For Calcs": 0.221916,
        "Normalized EBITDA": 7599000.0,
        "Total Unusual Items": -24000.0,
        "Total Unusual Items Excluding Goodwill": -24000.0,
        "Net Income From Continuing Operation Net Minority Interest": 3610000.0,
        "Reconciled Depreciation": 649000.0,
        "Reconciled Cost Of Revenue": 1628000.0,
        "EBITDA": 7575000.0,
        "EBIT": 6926000.0,
        "Net Interest Income": NaN,
        "Interest Income": NaN,
        "Normalized Income": 3628674.007078,
        "Net Income From Continuing And Discontinued Operation": 3610000.0,
        "Total Expenses": 23638000.0,
        "Total Operating Income As Reported": 6925000.0,
        "Diluted Average Shares": 103971546.0,
        "Basic Average Shares": 90850040.0,
        "Diluted EPS": 0.03,
        "Basic EPS": 0.04,
        "Diluted NI Availto Com Stockholders": 3610000.0,
        "Average Dilution Earnings": NaN,
        "Net Income Common Stockholders": 3610000.0,
        "Net Income": 3610000.0,
        "Minority Interests": -2326000.0,
        "Net Income Including Noncontrolling Interests": 5936000.0,
        "Net Income Continuous Operations": 5936000.0,
        "Tax Provision": 1693000.0,
        "Pretax Income": 7629000.0,
        "Other Income Expense": 703000.0,
        "Other Non Operating Income Expenses": 727000.0,
        "Special Income Charges": -1000.0,
        "Gain On Sale Of Ppe": -1000.0,
        "Gain On Sale Of Security": -23000.0,
        "Net Non Operating Interest Income Expense": NaN,
        "Total Other Finance Cost": NaN,
        "Interest Income Non Operating": NaN,
        "Operating Income": 6926000.0,
        "Operating Expense": 22010000.0,
        "Research And Development": 2363000.0,
        "Selling General And Administration": 19647000.0,
        "Selling And Marketing Expense": 15328000.0,
        "General And Administrative Expense": 4319000.0,
        "Other Gand A": 4319000.0,
        "Gross Profit": 28936000.0,
        "Cost Of Revenue": 1628000.0,
        "Total Revenue": 30564000.0,
        "Operating Revenue": 30564000.0
    }
}