{
    "2023-03-31": {
        "Tax Effect Of Unusual Items": NaN,
        "Tax Rate For Calcs": NaN,
        "Normalized EBITDA": NaN,
        "Total Unusual Items": NaN,
        "Total Unusual Items Excluding Goodwill": NaN,
        "Net Income From Continuing Operation Net Minority Interest": NaN,
        "Reconciled Depreciation": NaN,
        "Reconciled Cost Of Revenue": NaN,
        "EBITDA": NaN,
        "EBIT": NaN,
        "Net Interest Income": NaN,
        "Interest Expense": NaN,
        "Interest Income": NaN,
        "Normalized Income": NaN,
        "Net Income From Continuing And Discontinued Operation": NaN,
        "Total Expenses": NaN,
        "Diluted Average Shares": NaN,
        "Basic Average Shares": NaN,
        "Diluted EPS": NaN,
        "Basic EPS": NaN,
        "Diluted NI Availto Com Stockholders": NaN,
        "Net Income Common Stockholders": NaN,
        "Net Income": NaN,
        "Minority Interests": NaN,
        "Net Income Including Noncontrolling Interests": NaN,
        "Net Income Continuous Operations": NaN,
        "Tax Provision": NaN,
        "Pretax Income": NaN,
        "Other Income Expense": NaN,
        "Other Non Operating Income Expenses": NaN,
        "Special Income Charges": NaN,
        "Other Special Charges": NaN,
        "Impairment Of Capital Assets": NaN,
        "Restructuring And Mergern Acquisition": NaN,
        "Earnings From Equity Interest": NaN,
        "Gain On Sale Of Security": NaN,
        "Net Non Operating Interest Income Expense": NaN,
        "Interest Expense Non Operating": NaN,
        "Interest Income Non Operating": NaN,
        "Operating Income": NaN,
        "Operating Expense": NaN,
        "Provision For Doubtful Accounts": NaN,
        "Depreciation Amortization Depletion Income Statement": NaN,
        "Depreciation And Amortization In Income Statement": NaN,
        "Selling General And Administration": NaN,
        "General And Administrative Expense": 157000000.0,
        "Other Gand A": 157000000.0,
        "Gross Profit": NaN,
        "Cost Of Revenue": NaN,
        "Total Revenue": NaN,
        "Operating Revenue": NaN
    },
    "2022-12-31": {
        "Tax Effect Of Unusual Items": NaN,
        "Tax Rate For Calcs": NaN,
        "Normalized EBITDA": NaN,
        "Total Unusual Items": NaN,
        "Total Unusual Items Excluding Goodwill": NaN,
        "Net Income From Continuing Operation Net Minority Interest": NaN,
        "Reconciled Depreciation": NaN,
        "Reconciled Cost Of Revenue": NaN,
        "EBITDA": NaN,
        "EBIT": NaN,
        "Net Interest Income": NaN,
        "Interest Expense": NaN,
        "Interest Income": NaN,
        "Normalized Income": NaN,
        "Net Income From Continuing And Discontinued Operation": NaN,
        "Total Expenses": NaN,
        "Diluted Average Shares": NaN,
        "Basic Average Shares": NaN,
        "Diluted EPS": NaN,
        "Basic EPS": NaN,
        "Diluted NI Availto Com Stockholders": NaN,
        "Net Income Common Stockholders": NaN,
        "Net Income": NaN,
        "Minority Interests": NaN,
        "Net Income Including Noncontrolling Interests": NaN,
        "Net Income Continuous Operations": NaN,
        "Tax Provision": NaN,
        "Pretax Income": NaN,
        "Other Income Expense": NaN,
        "Other Non Operating Income Expenses": NaN,
        "Special Income Charges": NaN,
        "Other Special Charges": NaN,
        "Write Off": 1000000.0,
        "Impairment Of Capital Assets": NaN,
        "Restructuring And Mergern Acquisition": NaN,
        "Earnings From Equity Interest": NaN,
        "Gain On Sale Of Security": NaN,
        "Net Non Operating Interest Income Expense": NaN,
        "Interest Expense Non Operating": NaN,
        "Interest Income Non Operating": NaN,
        "Operating Income": NaN,
        "Operating Expense": NaN,
        "Provision For Doubtful Accounts": NaN,
        "Depreciation Amortization Depletion Income Statement": NaN,
        "Depreciation And Amortization In Income Statement": NaN,
        "Selling General And Administration": NaN,
        "General And Administrative Expense": NaN,
        "Other Gand A": NaN,
        "Gross Profit": NaN,
        "Cost Of Revenue": NaN,
        "Total Revenue": NaN,
        "Operating Revenue": NaN
    },
    "2022-09-30": {
        "Tax Effect Of Unusual Items": NaN,
        "Tax Rate For Calcs": NaN,
        "Normalized EBITDA": NaN,
        "Total Unusual Items": NaN,
        "Total Unusual Items Excluding Goodwill": NaN,
        "Net Income From Continuing Operation Net Minority Interest": NaN,
        "Reconciled Depreciation": NaN,
        "Reconciled Cost Of Revenue": NaN,
        "EBITDA": NaN,
        "EBIT": NaN,
        "Net Interest Income": NaN,
        "Interest Expense": NaN,
        "Interest Income": NaN,
        "Normalized Income": NaN,
        "Net Income From Continuing And Discontinued Operation": NaN,
        "Total Expenses": NaN,
        "Diluted Average Shares": NaN,
        "Basic Average Shares": NaN,
        "Diluted EPS": NaN,
        "Basic EPS": NaN,
        "Diluted NI Availto Com Stockholders": NaN,
        "Net Income Common Stockholders": NaN,
        "Net Income": NaN,
        "Minority Interests": NaN,
        "Net Income Including Noncontrolling Interests": NaN,
        "Net Income Continuous Operations": NaN,
        "Tax Provision": NaN,
        "Pretax Income": NaN,
        "Other Income Expense": NaN,
        "Other Non Operating Income Expenses": NaN,
        "Special Income Charges": NaN,
        "Other Special Charges": NaN,
        "Write Off": -12000000.0,
        "Impairment Of Capital Assets": NaN,
        "Restructuring And Mergern Acquisition": NaN,
        "Earnings From Equity Interest": NaN,
        "Gain On Sale Of Security": NaN,
        "Net Non Operating Interest Income Expense": NaN,
        "Interest Expense Non Operating": NaN,
        "Interest Income Non Operating": NaN,
        "Operating Income": NaN,
        "Operating Expense": NaN,
        "Provision For Doubtful Accounts": -12000000.0,
        "Depreciation Amortization Depletion Income Statement": NaN,
        "Depreciation And Amortization In Income Statement": NaN,
        "Selling General And Administration": NaN,
        "General And Administrative Expense": NaN,
        "Other Gand A": NaN,
        "Gross Profit": NaN,
        "Cost Of Revenue": NaN,
        "Total Revenue": NaN,
        "Operating Revenue": NaN
    },
    "2022-06-30": {
        "Tax Effect Of Unusual Items": 52909000.0,
        "Tax Rate For Calcs": 0.337,
        "Normalized EBITDA": 306000000.0,
        "Total Unusual Items": 157000000.0,
        "Total Unusual Items Excluding Goodwill": 157000000.0,
        "Net Income From Continuing Operation Net Minority Interest": 206000000.0,
        "Reconciled Depreciation": 113000000.0,
        "Reconciled Cost Of Revenue": 1124000000.0,
        "EBITDA": 463000000.0,
        "EBIT": 350000000.0,
        "Net Interest Income": -29000000.0,
        "Interest Expense": 38000000.0,
        "Interest Income": 9000000.0,
        "Normalized Income": 101909000.0,
        "Net Income From Continuing And Discontinued Operation": 206000000.0,
        "Total Expenses": 1307000000.0,
        "Diluted Average Shares": 111926862.0,
        "Basic Average Shares": 109953302.0,
        "Diluted EPS": 1.85,
        "Basic EPS": 1.88,
        "Diluted NI Availto Com Stockholders": 206000000.0,
        "Net Income Common Stockholders": 206000000.0,
        "Net Income": 206000000.0,
        "Minority Interests": 0.0,
        "Net Income Including Noncontrolling Interests": 206000000.0,
        "Net Income Continuous Operations": 206000000.0,
        "Tax Provision": 106000000.0,
        "Pretax Income": 312000000.0,
        "Other Income Expense": 165000000.0,
        "Other Non Operating Income Expenses": 7000000.0,
        "Special Income Charges": -11000000.0,
        "Other Special Charges": 4000000.0,
        "Write Off": NaN,
        "Impairment Of Capital Assets": 7000000.0,
        "Restructuring And Mergern Acquisition": NaN,
        "Earnings From Equity Interest": 1000000.0,
        "Gain On Sale Of Security": 168000000.0,
        "Net Non Operating Interest Income Expense": -29000000.0,
        "Interest Expense Non Operating": 38000000.0,
        "Interest Income Non Operating": 9000000.0,
        "Operating Income": 176000000.0,
        "Operating Expense": 175000000.0,
        "Provision For Doubtful Accounts": -6000000.0,
        "Depreciation Amortization Depletion Income Statement": 105000000.0,
        "Depreciation And Amortization In Income Statement": 105000000.0,
        "Selling General And Administration": 76000000.0,
        "Gross Profit": 351000000.0,
        "Cost Of Revenue": 1132000000.0,
        "Total Revenue": 1483000000.0,
        "Operating Revenue": 791000000.0
    },
    "2023-06-30": {
        "Tax Effect Of Unusual Items": NaN,
        "Tax Rate For Calcs": NaN,
        "Normalized EBITDA": NaN,
        "Total Unusual Items": NaN,
        "Total Unusual Items Excluding Goodwill": NaN,
        "Net Income From Continuing Operation Net Minority Interest": NaN,
        "Reconciled Depreciation": NaN,
        "Reconciled Cost Of Revenue": NaN,
        "EBITDA": NaN,
        "EBIT": NaN,
        "Net Interest Income": NaN,
        "Interest Expense": NaN,
        "Interest Income": NaN,
        "Normalized Income": NaN,
        "Net Income From Continuing And Discontinued Operation": NaN,
        "Total Expenses": NaN,
        "Diluted Average Shares": NaN,
        "Basic Average Shares": NaN,
        "Diluted EPS": NaN,
        "Basic EPS": NaN,
        "Diluted NI Availto Com Stockholders": NaN,
        "Net Income Common Stockholders": NaN,
        "Net Income": NaN,
        "Minority Interests": NaN,
        "Net Income Including Noncontrolling Interests": NaN,
        "Net Income Continuous Operations": NaN,
        "Tax Provision": NaN,
        "Pretax Income": NaN,
        "Other Income Expense": NaN,
        "Other Non Operating Income Expenses": NaN,
        "Special Income Charges": NaN,
        "Other Special Charges": NaN,
        "Impairment Of Capital Assets": NaN,
        "Restructuring And Mergern Acquisition": NaN,
        "Earnings From Equity Interest": NaN,
        "Gain On Sale Of Security": NaN,
        "Net Non Operating Interest Income Expense": NaN,
        "Interest Expense Non Operating": NaN,
        "Interest Income Non Operating": NaN,
        "Operating Income": NaN,
        "Operating Expense": NaN,
        "Provision For Doubtful Accounts": 0.0,
        "Depreciation Amortization Depletion Income Statement": NaN,
        "Depreciation And Amortization In Income Statement": NaN,
        "Selling General And Administration": NaN,
        "General And Administrative Expense": NaN,
        "Other Gand A": NaN,
        "Gross Profit": NaN,
        "Cost Of Revenue": NaN,
        "Total Revenue": NaN,
        "Operating Revenue": NaN
    },
    "2023-09-30": {
        "Tax Effect Of Unusual Items": NaN,
        "Tax Rate For Calcs": NaN,
        "Normalized EBITDA": NaN,
        "Total Unusual Items": NaN,
        "Total Unusual Items Excluding Goodwill": NaN,
        "Net Income From Continuing Operation Net Minority Interest": NaN,
        "Reconciled Depreciation": NaN,
        "Reconciled Cost Of Revenue": NaN,
        "EBITDA": NaN,
        "EBIT": NaN,
        "Net Interest Income": NaN,
        "Interest Expense": NaN,
        "Interest Income": NaN,
        "Normalized Income": NaN,
        "Net Income From Continuing And Discontinued Operation": NaN,
        "Total Expenses": NaN,
        "Diluted Average Shares": NaN,
        "Basic Average Shares": NaN,
        "Diluted EPS": NaN,
        "Basic EPS": NaN,
        "Diluted NI Availto Com Stockholders": NaN,
        "Net Income Common Stockholders": NaN,
        "Net Income": NaN,
        "Minority Interests": NaN,
        "Net Income Including Noncontrolling Interests": NaN,
        "Net Income Continuous Operations": NaN,
        "Tax Provision": NaN,
        "Pretax Income": NaN,
        "Other Income Expense": NaN,
        "Other Non Operating Income Expenses": NaN,
        "Special Income Charges": NaN,
        "Other Special Charges": NaN,
        "Impairment Of Capital Assets": NaN,
        "Restructuring And Mergern Acquisition": NaN,
        "Earnings From Equity Interest": NaN,
        "Gain On Sale Of Security": NaN,
        "Net Non Operating Interest Income Expense": NaN,
        "Interest Expense Non Operating": NaN,
        "Interest Income Non Operating": NaN,
        "Operating Income": NaN,
        "Operating Expense": NaN,
        "Provision For Doubtful Accounts": -17000000.0,
        "Depreciation Amortization Depletion Income Statement": NaN,
        "Depreciation And Amortization In Income Statement": NaN,
        "Selling General And Administration": NaN,
        "General And Administrative Expense": NaN,
        "Other Gand A": NaN,
        "Gross Profit": NaN,
        "Cost Of Revenue": NaN,
        "Total Revenue": NaN,
        "Operating Revenue": NaN
    },
    "2023-12-31": {
        "Tax Effect Of Unusual Items": NaN,
        "Tax Rate For Calcs": NaN,
        "Normalized EBITDA": NaN,
        "Total Unusual Items": NaN,
        "Total Unusual Items Excluding Goodwill": NaN,
        "Net Income From Continuing Operation Net Minority Interest": NaN,
        "Reconciled Depreciation": NaN,
        "Reconciled Cost Of Revenue": NaN,
        "EBITDA": NaN,
        "EBIT": NaN,
        "Net Interest Income": NaN,
        "Interest Expense": NaN,
        "Interest Income": NaN,
        "Normalized Income": NaN,
        "Net Income From Continuing And Discontinued Operation": NaN,
        "Total Expenses": NaN,
        "Diluted Average Shares": NaN,
        "Basic Average Shares": NaN,
        "Diluted EPS": NaN,
        "Basic EPS": NaN,
        "Diluted NI Availto Com Stockholders": NaN,
        "Net Income Common Stockholders": NaN,
        "Net Income": NaN,
        "Minority Interests": NaN,
        "Net Income Including Noncontrolling Interests": NaN,
        "Net Income Continuous Operations": NaN,
        "Tax Provision": NaN,
        "Pretax Income": NaN,
        "Other Income Expense": NaN,
        "Other Non Operating Income Expenses": NaN,
        "Special Income Charges": NaN,
        "Other Special Charges": -6000000.0,
        "Write Off": 0.0,
        "Impairment Of Capital Assets": NaN,
        "Restructuring And Mergern Acquisition": NaN,
        "Earnings From Equity Interest": NaN,
        "Gain On Sale Of Security": NaN,
        "Net Non Operating Interest Income Expense": NaN,
        "Interest Expense Non Operating": NaN,
        "Interest Income Non Operating": NaN,
        "Operating Income": NaN,
        "Operating Expense": NaN,
        "Provision For Doubtful Accounts": NaN,
        "Depreciation Amortization Depletion Income Statement": NaN,
        "Depreciation And Amortization In Income Statement": NaN,
        "Selling General And Administration": NaN,
        "General And Administrative Expense": NaN,
        "Other Gand A": NaN,
        "Gross Profit": NaN,
        "Cost Of Revenue": NaN,
        "Total Revenue": NaN,
        "Operating Revenue": NaN
    },
    "2024-03-31": {
        "Tax Effect Of Unusual Items": NaN,
        "Tax Rate For Calcs": NaN,
        "Normalized EBITDA": NaN,
        "Total Unusual Items": NaN,
        "Total Unusual Items Excluding Goodwill": NaN,
        "Net Income From Continuing Operation Net Minority Interest": NaN,
        "Reconciled Depreciation": NaN,
        "Reconciled Cost Of Revenue": NaN,
        "EBITDA": NaN,
        "EBIT": NaN,
        "Net Interest Income": NaN,
        "Interest Expense": NaN,
        "Interest Income": NaN,
        "Normalized Income": NaN,
        "Net Income From Continuing And Discontinued Operation": NaN,
        "Total Expenses": NaN,
        "Diluted Average Shares": NaN,
        "Basic Average Shares": NaN,
        "Diluted EPS": NaN,
        "Basic EPS": NaN,
        "Diluted NI Availto Com Stockholders": NaN,
        "Net Income Common Stockholders": NaN,
        "Net Income": NaN,
        "Minority Interests": NaN,
        "Net Income Including Noncontrolling Interests": NaN,
        "Net Income Continuous Operations": NaN,
        "Tax Provision": NaN,
        "Pretax Income": NaN,
        "Other Income Expense": NaN,
        "Other Non Operating Income Expenses": NaN,
        "Special Income Charges": NaN,
        "Other Special Charges": -6000000.0,
        "Write Off": NaN,
        "Impairment Of Capital Assets": NaN,
        "Restructuring And Mergern Acquisition": NaN,
        "Earnings From Equity Interest": NaN,
        "Gain On Sale Of Security": 441000000.0,
        "Net Non Operating Interest Income Expense": NaN,
        "Interest Expense Non Operating": NaN,
        "Interest Income Non Operating": NaN,
        "Operating Income": NaN,
        "Operating Expense": NaN,
        "Provision For Doubtful Accounts": 0.0,
        "Depreciation Amortization Depletion Income Statement": NaN,
        "Depreciation And Amortization In Income Statement": NaN,
        "Selling General And Administration": NaN,
        "General And Administrative Expense": NaN,
        "Other Gand A": NaN,
        "Gross Profit": NaN,
        "Cost Of Revenue": NaN,
        "Total Revenue": NaN,
        "Operating Revenue": NaN
    },
    "2024-06-30": {
        "Tax Effect Of Unusual Items": 75264000.0,
        "Tax Rate For Calcs": 0.224,
        "Normalized EBITDA": 259000000.0,
        "Total Unusual Items": 336000000.0,
        "Total Unusual Items Excluding Goodwill": 336000000.0,
        "Net Income From Continuing Operation Net Minority Interest": 359000000.0,
        "Reconciled Depreciation": 93000000.0,
        "Reconciled Cost Of Revenue": 1333000000.0,
        "EBITDA": 595000000.0,
        "EBIT": 502000000.0,
        "Net Interest Income": -16000000.0,
        "Interest Expense": 40000000.0,
        "Interest Income": 24000000.0,
        "Normalized Income": 98264000.0,
        "Net Income From Continuing And Discontinued Operation": 359000000.0,
        "Total Expenses": 1541000000.0,
        "Diluted Average Shares": 103700000.0,
        "Basic Average Shares": 101100000.0,
        "Diluted EPS": 3.46,
        "Basic EPS": 3.55,
        "Diluted NI Availto Com Stockholders": 359000000.0,
        "Net Income Common Stockholders": 359000000.0,
        "Net Income": 359000000.0,
        "Minority Interests": 0.0,
        "Net Income Including Noncontrolling Interests": 359000000.0,
        "Net Income Continuous Operations": 359000000.0,
        "Tax Provision": 103000000.0,
        "Pretax Income": 462000000.0,
        "Other Income Expense": 316000000.0,
        "Other Non Operating Income Expenses": 10000000.0,
        "Special Income Charges": -3000000.0,
        "Other Special Charges": -6000000.0,
        "Write Off": NaN,
        "Impairment Of Capital Assets": 0.0,
        "Restructuring And Mergern Acquisition": 3000000.0,
        "Earnings From Equity Interest": -30000000.0,
        "Gain On Sale Of Security": 339000000.0,
        "Net Non Operating Interest Income Expense": -16000000.0,
        "Interest Expense Non Operating": 40000000.0,
        "Interest Income Non Operating": 24000000.0,
        "Operating Income": 162000000.0,
        "Operating Expense": 199000000.0,
        "Provision For Doubtful Accounts": -2000000.0,
        "Depreciation Amortization Depletion Income Statement": 84000000.0,
        "Depreciation And Amortization In Income Statement": 84000000.0,
        "Selling General And Administration": 117000000.0,
        "General And Administrative Expense": 117000000.0,
        "Other Gand A": 117000000.0,
        "Gross Profit": 361000000.0,
        "Cost Of Revenue": 1342000000.0,
        "Total Revenue": 1703000000.0,
        "Operating Revenue": 867000000.0
    },
    "2024-09-30": {
        "Tax Effect Of Unusual Items": 117294000.0,
        "Tax Rate For Calcs": 0.226,
        "Normalized EBITDA": 229000000.0,
        "Total Unusual Items": 519000000.0,
        "Total Unusual Items Excluding Goodwill": 519000000.0,
        "Net Income From Continuing Operation Net Minority Interest": 471000000.0,
        "Reconciled Depreciation": 90000000.0,
        "Reconciled Cost Of Revenue": 1301000000.0,
        "EBITDA": 748000000.0,
        "EBIT": 658000000.0,
        "Net Interest Income": -11000000.0,
        "Interest Expense": 50000000.0,
        "Interest Income": 39000000.0,
        "Normalized Income": 69294000.0,
        "Net Income From Continuing And Discontinued Operation": 471000000.0,
        "Total Expenses": 1517000000.0,
        "Diluted Average Shares": 101700000.0,
        "Basic Average Shares": 99100000.0,
        "Diluted EPS": 4.63,
        "Basic EPS": 4.75,
        "Diluted NI Availto Com Stockholders": 471000000.0,
        "Net Income Common Stockholders": 471000000.0,
        "Net Income": 471000000.0,
        "Minority Interests": 0.0,
        "Net Income Including Noncontrolling Interests": 471000000.0,
        "Net Income Continuous Operations": 471000000.0,
        "Tax Provision": 137000000.0,
        "Pretax Income": 608000000.0,
        "Other Income Expense": 507000000.0,
        "Other Non Operating Income Expenses": 1000000.0,
        "Special Income Charges": -29000000.0,
        "Other Special Charges": -6000000.0,
        "Write Off": 1000000.0,
        "Impairment Of Capital Assets": 35000000.0,
        "Restructuring And Mergern Acquisition": -1000000.0,
        "Earnings From Equity Interest": -13000000.0,
        "Gain On Sale Of Security": 548000000.0,
        "Net Non Operating Interest Income Expense": -11000000.0,
        "Interest Expense Non Operating": 50000000.0,
        "Interest Income Non Operating": 39000000.0,
        "Operating Income": 112000000.0,
        "Operating Expense": 207000000.0,
        "Provision For Doubtful Accounts": 1000000.0,
        "Depreciation Amortization Depletion Income Statement": 81000000.0,
        "Depreciation And Amortization In Income Statement": 81000000.0,
        "Selling General And Administration": 126000000.0,
        "General And Administrative Expense": 126000000.0,
        "Other Gand A": 126000000.0,
        "Gross Profit": 319000000.0,
        "Cost Of Revenue": 1310000000.0,
        "Total Revenue": 1629000000.0,
        "Operating Revenue": 776000000.0
    },
    "2024-12-31": {
        "Tax Effect Of Unusual Items": -28560000.0,
        "Tax Rate For Calcs": 0.21,
        "Normalized EBITDA": 224000000.0,
        "Total Unusual Items": -136000000.0,
        "Total Unusual Items Excluding Goodwill": -136000000.0,
        "Net Income From Continuing Operation Net Minority Interest": -56000000.0,
        "Reconciled Depreciation": 84000000.0,
        "Reconciled Cost Of Revenue": 1286000000.0,
        "EBITDA": 88000000.0,
        "EBIT": 4000000.0,
        "Net Interest Income": -14000000.0,
        "Interest Expense": 52000000.0,
        "Interest Income": 38000000.0,
        "Normalized Income": 51440000.0,
        "Net Income From Continuing And Discontinued Operation": -56000000.0,
        "Total Expenses": 1506000000.0,
        "Diluted Average Shares": 96200000.0,
        "Basic Average Shares": 96200000.0,
        "Diluted EPS": -0.58,
        "Basic EPS": -0.58,
        "Diluted NI Availto Com Stockholders": -56000000.0,
        "Net Income Common Stockholders": -56000000.0,
        "Net Income": -56000000.0,
        "Minority Interests": 0.0,
        "Net Income Including Noncontrolling Interests": -56000000.0,
        "Net Income Continuous Operations": -56000000.0,
        "Tax Provision": 8000000.0,
        "Pretax Income": -48000000.0,
        "Other Income Expense": -130000000.0,
        "Other Non Operating Income Expenses": 7000000.0,
        "Special Income Charges": -163000000.0,
        "Other Special Charges": -5000000.0,
        "Write Off": 5000000.0,
        "Impairment Of Capital Assets": 161000000.0,
        "Restructuring And Mergern Acquisition": 2000000.0,
        "Earnings From Equity Interest": -1000000.0,
        "Gain On Sale Of Security": 27000000.0,
        "Net Non Operating Interest Income Expense": -14000000.0,
        "Interest Expense Non Operating": 52000000.0,
        "Interest Income Non Operating": 38000000.0,
        "Operating Income": 96000000.0,
        "Operating Expense": 212000000.0,
        "Provision For Doubtful Accounts": NaN,
        "Depreciation Amortization Depletion Income Statement": 76000000.0,
        "Depreciation And Amortization In Income Statement": 76000000.0,
        "Selling General And Administration": 136000000.0,
        "General And Administrative Expense": 136000000.0,
        "Other Gand A": 136000000.0,
        "Gross Profit": 308000000.0,
        "Cost Of Revenue": 1294000000.0,
        "Total Revenue": 1602000000.0,
        "Operating Revenue": 763000000.0
    },
    "2025-03-31": {
        "Tax Effect Of Unusual Items": -4620000.0,
        "Tax Rate For Calcs": 0.21,
        "Normalized EBITDA": 228000000.0,
        "Total Unusual Items": -22000000.0,
        "Total Unusual Items Excluding Goodwill": -22000000.0,
        "Net Income From Continuing Operation Net Minority Interest": 20000000.0,
        "Reconciled Depreciation": 88000000.0,
        "Reconciled Cost Of Revenue": 1378000000.0,
        "EBITDA": 206000000.0,
        "EBIT": 118000000.0,
        "Net Interest Income": -31000000.0,
        "Interest Expense": 66000000.0,
        "Interest Income": 35000000.0,
        "Normalized Income": 37380000.0,
        "Net Income From Continuing And Discontinued Operation": 20000000.0,
        "Total Expenses": 1602000000.0,
        "Diluted Average Shares": 98100000.0,
        "Basic Average Shares": 96000000.0,
        "Diluted EPS": 0.19,
        "Basic EPS": 0.2,
        "Diluted NI Availto Com Stockholders": 20000000.0,
        "Net Income Common Stockholders": 20000000.0,
        "Net Income": 20000000.0,
        "Minority Interests": -4000000.0,
        "Net Income Including Noncontrolling Interests": 24000000.0,
        "Net Income Continuous Operations": 24000000.0,
        "Tax Provision": 28000000.0,
        "Pretax Income": 52000000.0,
        "Other Income Expense": -33000000.0,
        "Other Non Operating Income Expenses": 1000000.0,
        "Special Income Charges": -22000000.0,
        "Other Special Charges": NaN,
        "Write Off": NaN,
        "Impairment Of Capital Assets": 4000000.0,
        "Restructuring And Mergern Acquisition": 18000000.0,
        "Earnings From Equity Interest": -12000000.0,
        "Gain On Sale Of Security": NaN,
        "Net Non Operating Interest Income Expense": -31000000.0,
        "Interest Expense Non Operating": 66000000.0,
        "Interest Income Non Operating": 35000000.0,
        "Operating Income": 116000000.0,
        "Operating Expense": 216000000.0,
        "Provision For Doubtful Accounts": 10000000.0,
        "Depreciation Amortization Depletion Income Statement": 80000000.0,
        "Depreciation And Amortization In Income Statement": 80000000.0,
        "Selling General And Administration": 126000000.0,
        "General And Administrative Expense": 126000000.0,
        "Other Gand A": 126000000.0,
        "Gross Profit": 332000000.0,
        "Cost Of Revenue": 1386000000.0,
        "Total Revenue": 1718000000.0,
        "Operating Revenue": 841000000.0
    },
    "2025-06-30": {
        "Tax Effect Of Unusual Items": -15120000.0,
        "Tax Rate For Calcs": 0.21,
        "Normalized EBITDA": 275000000.0,
        "Total Unusual Items": -72000000.0,
        "Total Unusual Items Excluding Goodwill": -72000000.0,
        "Net Income From Continuing Operation Net Minority Interest": -3000000.0,
        "Reconciled Depreciation": 91000000.0,
        "Reconciled Cost Of Revenue": 1425000000.0,
        "EBITDA": 203000000.0,
        "EBIT": 112000000.0,
        "Net Interest Income": -36000000.0,
        "Interest Expense": 74000000.0,
        "Interest Income": 38000000.0,
        "Normalized Income": 53880000.0,
        "Net Income From Continuing And Discontinued Operation": -3000000.0,
        "Total Expenses": 1693000000.0,
        "Diluted Average Shares": 97400000.0,
        "Basic Average Shares": 95600000.0,
        "Diluted EPS": -0.03,
        "Basic EPS": -0.03,
        "Diluted NI Availto Com Stockholders": -3000000.0,
        "Net Income Common Stockholders": -3000000.0,
        "Net Income": -3000000.0,
        "Minority Interests": 1000000.0,
        "Net Income Including Noncontrolling Interests": -4000000.0,
        "Net Income Continuous Operations": -4000000.0,
        "Tax Provision": 42000000.0,
        "Pretax Income": 38000000.0,
        "Other Income Expense": -41000000.0,
        "Other Non Operating Income Expenses": 25000000.0,
        "Special Income Charges": -99000000.0,
        "Other Special Charges": NaN,
        "Write Off": NaN,
        "Impairment Of Capital Assets": 10000000.0,
        "Restructuring And Mergern Acquisition": 89000000.0,
        "Earnings From Equity Interest": 6000000.0,
        "Gain On Sale Of Security": 27000000.0,
        "Net Non Operating Interest Income Expense": -36000000.0,
        "Interest Expense Non Operating": 74000000.0,
        "Interest Income Non Operating": 38000000.0,
        "Operating Income": 115000000.0,
        "Operating Expense": 259000000.0,
        "Provision For Doubtful Accounts": 25000000.0,
        "Depreciation Amortization Depletion Income Statement": 82000000.0,
        "Depreciation And Amortization In Income Statement": 82000000.0,
        "Selling General And Administration": 152000000.0,
        "General And Administrative Expense": 152000000.0,
        "Other Gand A": 152000000.0,
        "Gross Profit": 374000000.0,
        "Cost Of Revenue": 1434000000.0,
        "Total Revenue": 1808000000.0,
        "Operating Revenue": 867000000.0
    }
}