{
    "2023-06-30": {
        "Tax Effect Of Unusual Items": -1059545.121361,
        "Tax Rate For Calcs": 0.147016,
        "Normalized EBITDA": 13506000.0,
        "Total Unusual Items": -7207000.0,
        "Total Unusual Items Excluding Goodwill": -7207000.0,
        "Net Income From Continuing Operation Net Minority Interest": -12335000.0,
        "Reconciled Cost Of Revenue": 639018000.0,
        "EBITDA": 6299000.0,
        "EBIT": 6299000.0,
        "Net Interest Income": -7221000.0,
        "Interest Expense": 20760000.0,
        "Interest Income": 13539000.0,
        "Normalized Income": -6187545.121361,
        "Net Income From Continuing And Discontinued Operation": -12335000.0,
        "Total Expenses": 716508000.0,
        "Rent Expense Supplemental": 67646000.0,
        "Total Operating Income As Reported": -9580000.0,
        "Diluted Average Shares": 51587000.0,
        "Basic Average Shares": 51587000.0,
        "Diluted EPS": -0.24,
        "Basic EPS": -0.24,
        "Diluted NI Availto Com Stockholders": -12335000.0,
        "Net Income Common Stockholders": -12335000.0,
        "Net Income": -12335000.0,
        "Net Income Including Noncontrolling Interests": -12335000.0,
        "Net Income Continuous Operations": -12335000.0,
        "Tax Provision": -2126000.0,
        "Pretax Income": -14461000.0,
        "Other Income Expense": 2340000.0,
        "Other Non Operating Income Expenses": 9547000.0,
        "Special Income Charges": 0.0,
        "Other Special Charges": NaN,
        "Gain On Sale Of Security": -7207000.0,
        "Net Non Operating Interest Income Expense": -7221000.0,
        "Interest Expense Non Operating": 20760000.0,
        "Interest Income Non Operating": 13539000.0,
        "Operating Income": -9580000.0,
        "Operating Expense": 77490000.0,
        "Other Operating Expenses": 49099000.0,
        "Selling General And Administration": 28391000.0,
        "Selling And Marketing Expense": 28391000.0,
        "Gross Profit": 67910000.0,
        "Cost Of Revenue": 639018000.0,
        "Total Revenue": 706928000.0,
        "Operating Revenue": 644992000.0
    },
    "2023-03-31": {
        "Tax Effect Of Unusual Items": -957182.506695,
        "Tax Rate For Calcs": 0.219135,
        "Normalized EBITDA": -100041000.0,
        "Total Unusual Items": -4368000.0,
        "Total Unusual Items Excluding Goodwill": -4368000.0,
        "Net Income From Continuing Operation Net Minority Interest": -98257000.0,
        "Reconciled Cost Of Revenue": 667007000.0,
        "EBITDA": -104409000.0,
        "EBIT": -104409000.0,
        "Net Interest Income": -4957000.0,
        "Interest Expense": 21422000.0,
        "Interest Income": 16465000.0,
        "Normalized Income": -94846182.506695,
        "Net Income From Continuing And Discontinued Operation": -98257000.0,
        "Total Expenses": 730030000.0,
        "Rent Expense Supplemental": 66891000.0,
        "Total Operating Income As Reported": -117427000.0,
        "Diluted Average Shares": 51507000.0,
        "Basic Average Shares": 51507000.0,
        "Diluted EPS": -1.91,
        "Basic EPS": -1.91,
        "Diluted NI Availto Com Stockholders": -98257000.0,
        "Net Income Common Stockholders": -98257000.0,
        "Net Income": -98257000.0,
        "Net Income Including Noncontrolling Interests": -98257000.0,
        "Net Income Continuous Operations": -98257000.0,
        "Tax Provision": -27574000.0,
        "Pretax Income": -125831000.0,
        "Other Income Expense": -3447000.0,
        "Other Non Operating Income Expenses": 921000.0,
        "Special Income Charges": 0.0,
        "Other Special Charges": NaN,
        "Gain On Sale Of Security": -4368000.0,
        "Net Non Operating Interest Income Expense": -4957000.0,
        "Interest Expense Non Operating": 21422000.0,
        "Interest Income Non Operating": 16465000.0,
        "Operating Income": -117427000.0,
        "Operating Expense": 63023000.0,
        "Other Operating Expenses": 34785000.0,
        "Selling General And Administration": 28238000.0,
        "Selling And Marketing Expense": 28238000.0,
        "Gross Profit": -54404000.0,
        "Cost Of Revenue": 667007000.0,
        "Total Revenue": 612603000.0,
        "Operating Revenue": 548526000.0
    },
    "2022-12-31": {
        "Tax Effect Of Unusual Items": NaN,
        "Tax Rate For Calcs": NaN,
        "Normalized EBITDA": NaN,
        "Total Unusual Items": NaN,
        "Total Unusual Items Excluding Goodwill": NaN,
        "Net Income From Continuing Operation Net Minority Interest": NaN,
        "Reconciled Cost Of Revenue": NaN,
        "EBITDA": NaN,
        "EBIT": NaN,
        "Net Interest Income": NaN,
        "Interest Expense": NaN,
        "Interest Income": NaN,
        "Normalized Income": NaN,
        "Net Income From Continuing And Discontinued Operation": NaN,
        "Total Expenses": NaN,
        "Rent Expense Supplemental": NaN,
        "Total Operating Income As Reported": NaN,
        "Diluted Average Shares": NaN,
        "Basic Average Shares": NaN,
        "Diluted EPS": NaN,
        "Basic EPS": NaN,
        "Diluted NI Availto Com Stockholders": NaN,
        "Net Income Common Stockholders": NaN,
        "Net Income": NaN,
        "Net Income Including Noncontrolling Interests": NaN,
        "Net Income Continuous Operations": NaN,
        "Tax Provision": NaN,
        "Pretax Income": NaN,
        "Other Income Expense": NaN,
        "Other Non Operating Income Expenses": NaN,
        "Special Income Charges": NaN,
        "Other Special Charges": -6303000.0,
        "Gain On Sale Of Security": NaN,
        "Net Non Operating Interest Income Expense": NaN,
        "Interest Expense Non Operating": NaN,
        "Interest Income Non Operating": NaN,
        "Operating Income": NaN,
        "Operating Expense": NaN,
        "Other Operating Expenses": NaN,
        "Selling General And Administration": NaN,
        "Selling And Marketing Expense": NaN,
        "Gross Profit": NaN,
        "Cost Of Revenue": NaN,
        "Total Revenue": NaN,
        "Operating Revenue": NaN
    },
    "2022-09-30": {
        "Tax Effect Of Unusual Items": NaN,
        "Tax Rate For Calcs": NaN,
        "Normalized EBITDA": NaN,
        "Total Unusual Items": NaN,
        "Total Unusual Items Excluding Goodwill": NaN,
        "Net Income From Continuing Operation Net Minority Interest": NaN,
        "Reconciled Cost Of Revenue": NaN,
        "EBITDA": NaN,
        "EBIT": NaN,
        "Net Interest Income": NaN,
        "Interest Expense": NaN,
        "Interest Income": NaN,
        "Normalized Income": NaN,
        "Net Income From Continuing And Discontinued Operation": NaN,
        "Total Expenses": NaN,
        "Rent Expense Supplemental": NaN,
        "Total Operating Income As Reported": NaN,
        "Diluted Average Shares": NaN,
        "Basic Average Shares": NaN,
        "Diluted EPS": NaN,
        "Basic EPS": NaN,
        "Diluted NI Availto Com Stockholders": NaN,
        "Net Income Common Stockholders": NaN,
        "Net Income": NaN,
        "Net Income Including Noncontrolling Interests": NaN,
        "Net Income Continuous Operations": NaN,
        "Tax Provision": NaN,
        "Pretax Income": NaN,
        "Other Income Expense": NaN,
        "Other Non Operating Income Expenses": NaN,
        "Special Income Charges": NaN,
        "Other Special Charges": 6303000.0,
        "Gain On Sale Of Security": NaN,
        "Net Non Operating Interest Income Expense": NaN,
        "Interest Expense Non Operating": NaN,
        "Interest Income Non Operating": NaN,
        "Operating Income": NaN,
        "Operating Expense": NaN,
        "Other Operating Expenses": NaN,
        "Selling General And Administration": NaN,
        "Selling And Marketing Expense": NaN,
        "Gross Profit": NaN,
        "Cost Of Revenue": NaN,
        "Total Revenue": NaN,
        "Operating Revenue": NaN
    },
    "2022-06-30": {
        "Tax Effect Of Unusual Items": -1708601.036269,
        "Tax Rate For Calcs": 0.199417,
        "Normalized EBITDA": -13909000.0,
        "Total Unusual Items": -8568000.0,
        "Total Unusual Items Excluding Goodwill": -8568000.0,
        "Net Income From Continuing Operation Net Minority Interest": -36774000.0,
        "Reconciled Cost Of Revenue": 655097000.0,
        "EBITDA": -22477000.0,
        "EBIT": -22477000.0,
        "Net Interest Income": -16895000.0,
        "Interest Expense": 23457000.0,
        "Interest Income": 6562000.0,
        "Normalized Income": -29914601.036269,
        "Net Income From Continuing And Discontinued Operation": -36774000.0,
        "Total Expenses": 717954000.0,
        "Rent Expense Supplemental": 62831000.0,
        "Total Operating Income As Reported": -26089000.0,
        "Diluted Average Shares": 51356000.0,
        "Basic Average Shares": 51356000.0,
        "Diluted EPS": -0.92,
        "Basic EPS": -0.92,
        "Diluted NI Availto Com Stockholders": -36774000.0,
        "Net Income Common Stockholders": -36774000.0,
        "Net Income": -36774000.0,
        "Net Income Including Noncontrolling Interests": -36774000.0,
        "Net Income Continuous Operations": -36774000.0,
        "Tax Provision": -9160000.0,
        "Pretax Income": -45934000.0,
        "Other Income Expense": -2950000.0,
        "Other Non Operating Income Expenses": 5618000.0,
        "Special Income Charges": -8568000.0,
        "Other Special Charges": 8568000.0,
        "Gain On Sale Of Security": NaN,
        "Net Non Operating Interest Income Expense": -16895000.0,
        "Interest Expense Non Operating": 23457000.0,
        "Interest Income Non Operating": 6562000.0,
        "Operating Income": -26089000.0,
        "Operating Expense": 62857000.0,
        "Other Operating Expenses": 34242000.0,
        "Selling General And Administration": 28615000.0,
        "Selling And Marketing Expense": 28615000.0,
        "Gross Profit": 36768000.0,
        "Cost Of Revenue": 655097000.0,
        "Total Revenue": 691865000.0,
        "Operating Revenue": 617463000.0
    },
    "2023-09-30": {
        "Tax Effect Of Unusual Items": -186615.0,
        "Tax Rate For Calcs": 0.195,
        "Normalized EBITDA": -39272000.0,
        "Total Unusual Items": -957000.0,
        "Total Unusual Items Excluding Goodwill": -957000.0,
        "Net Income From Continuing Operation Net Minority Interest": -48720000.0,
        "Reconciled Cost Of Revenue": 704441000.0,
        "EBITDA": -40229000.0,
        "EBIT": -40229000.0,
        "Net Interest Income": -6606000.0,
        "Interest Expense": 20291000.0,
        "Interest Income": 13685000.0,
        "Normalized Income": -47949615.0,
        "Net Income From Continuing And Discontinued Operation": -48720000.0,
        "Total Expenses": 782596000.0,
        "Rent Expense Supplemental": 72863000.0,
        "Total Operating Income As Reported": -54917000.0,
        "Diluted Average Shares": 51632000.0,
        "Basic Average Shares": 51632000.0,
        "Diluted EPS": -0.94,
        "Basic EPS": -0.94,
        "Diluted NI Availto Com Stockholders": -48720000.0,
        "Net Income Common Stockholders": -48720000.0,
        "Net Income": -48720000.0,
        "Net Income Including Noncontrolling Interests": -48720000.0,
        "Net Income Continuous Operations": -48720000.0,
        "Tax Provision": -11800000.0,
        "Pretax Income": -60520000.0,
        "Other Income Expense": 1003000.0,
        "Other Non Operating Income Expenses": 1960000.0,
        "Special Income Charges": 0.0,
        "Other Special Charges": NaN,
        "Gain On Sale Of Security": -957000.0,
        "Net Non Operating Interest Income Expense": -6606000.0,
        "Interest Expense Non Operating": 20291000.0,
        "Interest Income Non Operating": 13685000.0,
        "Operating Income": -54917000.0,
        "Operating Expense": 78155000.0,
        "Other Operating Expenses": 48460000.0,
        "Selling General And Administration": 29695000.0,
        "Selling And Marketing Expense": 29695000.0,
        "Gross Profit": 23238000.0,
        "Cost Of Revenue": 704441000.0,
        "Total Revenue": 727679000.0,
        "Operating Revenue": 664866000.0
    },
    "2023-12-31": {
        "Tax Effect Of Unusual Items": -2285553.858027,
        "Tax Rate For Calcs": 0.203178,
        "Normalized EBITDA": -96499000.0,
        "Total Unusual Items": -11249000.0,
        "Total Unusual Items Excluding Goodwill": -11249000.0,
        "Net Income From Continuing Operation Net Minority Interest": -101182000.0,
        "Reconciled Cost Of Revenue": 687733000.0,
        "EBITDA": -107748000.0,
        "EBIT": -107748000.0,
        "Net Interest Income": -5692000.0,
        "Interest Expense": 19234000.0,
        "Interest Income": 13542000.0,
        "Normalized Income": -92218553.858027,
        "Net Income From Continuing And Discontinued Operation": -101182000.0,
        "Total Expenses": 770263000.0,
        "Rent Expense Supplemental": 73711000.0,
        "Total Operating Income As Reported": -111750000.0,
        "Diluted Average Shares": 51655000.0,
        "Basic Average Shares": 51655000.0,
        "Diluted EPS": -1.96,
        "Basic EPS": -1.96,
        "Diluted NI Availto Com Stockholders": -101182000.0,
        "Net Income Common Stockholders": -101182000.0,
        "Net Income": -101182000.0,
        "Net Income Including Noncontrolling Interests": -101182000.0,
        "Net Income Continuous Operations": -101182000.0,
        "Tax Provision": -25800000.0,
        "Pretax Income": -126982000.0,
        "Other Income Expense": -20101000.0,
        "Other Non Operating Income Expenses": -8852000.0,
        "Special Income Charges": -10561000.0,
        "Other Special Charges": NaN,
        "Gain On Sale Of Security": -688000.0,
        "Net Non Operating Interest Income Expense": -5692000.0,
        "Interest Expense Non Operating": 19234000.0,
        "Interest Income Non Operating": 13542000.0,
        "Operating Income": -101189000.0,
        "Operating Expense": 82530000.0,
        "Other Operating Expenses": 51722000.0,
        "Selling General And Administration": 30808000.0,
        "Selling And Marketing Expense": 30808000.0,
        "Gross Profit": -18659000.0,
        "Cost Of Revenue": 687733000.0,
        "Total Revenue": 669074000.0,
        "Operating Revenue": 601621000.0
    },
    "2024-03-31": {
        "Tax Effect Of Unusual Items": -859400.0,
        "Tax Rate For Calcs": 0.1,
        "Normalized EBITDA": -123321000.0,
        "Total Unusual Items": -8594000.0,
        "Total Unusual Items Excluding Goodwill": -8594000.0,
        "Net Income From Continuing Operation Net Minority Interest": -137565000.0,
        "Reconciled Cost Of Revenue": 711383000.0,
        "EBITDA": -131915000.0,
        "EBIT": -131915000.0,
        "Net Interest Income": -10914000.0,
        "Interest Expense": 20935000.0,
        "Interest Income": 10021000.0,
        "Normalized Income": -129830400.0,
        "Net Income From Continuing And Discontinued Operation": -137565000.0,
        "Total Expenses": 785731000.0,
        "Rent Expense Supplemental": 72833000.0,
        "Total Operating Income As Reported": -148646000.0,
        "Diluted Average Shares": 51838000.0,
        "Basic Average Shares": 51838000.0,
        "Diluted EPS": -2.65,
        "Basic EPS": -2.65,
        "Diluted NI Availto Com Stockholders": -137565000.0,
        "Net Income Common Stockholders": -137565000.0,
        "Net Income": -137565000.0,
        "Net Income Including Noncontrolling Interests": -137565000.0,
        "Net Income Continuous Operations": -137565000.0,
        "Tax Provision": -15285000.0,
        "Pretax Income": -152850000.0,
        "Other Income Expense": -1772000.0,
        "Other Non Operating Income Expenses": 6822000.0,
        "Special Income Charges": -8482000.0,
        "Other Special Charges": 8482000.0,
        "Gain On Sale Of Security": -112000.0,
        "Net Non Operating Interest Income Expense": -10914000.0,
        "Interest Expense Non Operating": 20935000.0,
        "Interest Income Non Operating": 10021000.0,
        "Operating Income": -140164000.0,
        "Operating Expense": 74348000.0,
        "Other Operating Expenses": 45905000.0,
        "Selling General And Administration": 28443000.0,
        "Selling And Marketing Expense": 28443000.0,
        "Gross Profit": -65816000.0,
        "Cost Of Revenue": 711383000.0,
        "Total Revenue": 645567000.0,
        "Operating Revenue": 583448000.0
    },
    "2024-06-30": {
        "Tax Effect Of Unusual Items": 0.0,
        "Tax Rate For Calcs": 0.0,
        "Normalized EBITDA": -32797000.0,
        "Total Unusual Items": -9014000.0,
        "Total Unusual Items Excluding Goodwill": -9014000.0,
        "Net Income From Continuing Operation Net Minority Interest": -67594000.0,
        "Reconciled Cost Of Revenue": 710923000.0,
        "EBITDA": -41811000.0,
        "EBIT": -41811000.0,
        "Net Interest Income": -14649000.0,
        "Interest Expense": 25783000.0,
        "Interest Income": 11134000.0,
        "Normalized Income": -58580000.0,
        "Net Income From Continuing And Discontinued Operation": -67594000.0,
        "Total Expenses": 780795000.0,
        "Rent Expense Supplemental": 74902000.0,
        "Total Operating Income As Reported": -55387000.0,
        "Diluted Average Shares": 51932000.0,
        "Basic Average Shares": 51932000.0,
        "Diluted EPS": -1.3,
        "Basic EPS": -1.3,
        "Diluted NI Availto Com Stockholders": -67594000.0,
        "Net Income Common Stockholders": -67594000.0,
        "Net Income": -67594000.0,
        "Net Income Including Noncontrolling Interests": -67594000.0,
        "Net Income Continuous Operations": -67594000.0,
        "Tax Provision": 0.0,
        "Pretax Income": -67594000.0,
        "Other Income Expense": -4055000.0,
        "Other Non Operating Income Expenses": 4959000.0,
        "Special Income Charges": -6497000.0,
        "Other Special Charges": 6497000.0,
        "Gain On Sale Of Security": -2517000.0,
        "Net Non Operating Interest Income Expense": -14649000.0,
        "Interest Expense Non Operating": 25783000.0,
        "Interest Income Non Operating": 11134000.0,
        "Operating Income": -48890000.0,
        "Operating Expense": 69872000.0,
        "Other Operating Expenses": 40804000.0,
        "Selling General And Administration": 29068000.0,
        "Selling And Marketing Expense": 29068000.0,
        "Gross Profit": 20982000.0,
        "Cost Of Revenue": 710923000.0,
        "Total Revenue": 731905000.0,
        "Operating Revenue": 666029000.0
    }
}