{
    "2023-03-31": {
        "Tax Effect Of Unusual Items": 0.0,
        "Tax Rate For Calcs": 0.013424,
        "Net Income From Continuing Operation Net Minority Interest": -39246000.0,
        "Reconciled Depreciation": 0.0,
        "EBIT": -37882000.0,
        "Net Interest Income": -1898000.0,
        "Interest Expense": 1898000.0,
        "Normalized Income": -39246000.0,
        "Net Income From Continuing And Discontinued Operation": -39142000.0,
        "Total Expenses": 79611000.0,
        "Diluted Average Shares": 1818000.0,
        "Basic Average Shares": 1818000.0,
        "Diluted EPS": -21.53,
        "Basic EPS": -21.53,
        "Diluted NI Availto Com Stockholders": -39142000.0,
        "Net Income Common Stockholders": -39142000.0,
        "Net Income": -39142000.0,
        "Net Income Including Noncontrolling Interests": -39142000.0,
        "Net Income Discontinuous Operations": 104000.0,
        "Net Income Continuous Operations": -39246000.0,
        "Tax Provision": -534000.0,
        "Pretax Income": -39780000.0,
        "Other Income Expense": 70000.0,
        "Net Non Operating Interest Income Expense": -1898000.0,
        "Interest Expense Non Operating": 1898000.0,
        "Other Operating Expenses": 47949000.0,
        "Depreciation And Amortization In Income Statement": 0.0,
        "Amortization": 0.0,
        "Total Revenue": 39831000.0,
        "Operating Revenue": 39831000.0
    },
    "2022-12-31": {
        "Tax Effect Of Unusual Items": 0.0,
        "Tax Rate For Calcs": 0.4,
        "Net Income From Continuing Operation Net Minority Interest": -29984000.0,
        "Reconciled Depreciation": -302000.0,
        "EBIT": -25626000.0,
        "Net Interest Income": -1744000.0,
        "Interest Expense": 1744000.0,
        "Normalized Income": -29984000.0,
        "Net Income From Continuing And Discontinued Operation": -7321000.0,
        "Total Expenses": 69675000.0,
        "Diluted Average Shares": 1817700.0,
        "Basic Average Shares": 1817700.0,
        "Diluted EPS": -4.07,
        "Basic EPS": -4.07,
        "Diluted NI Availto Com Stockholders": -7321000.0,
        "Net Income Common Stockholders": -7321000.0,
        "Net Income": -7321000.0,
        "Net Income Including Noncontrolling Interests": -7321000.0,
        "Net Income Discontinuous Operations": 22663000.0,
        "Net Income Continuous Operations": -29984000.0,
        "Tax Provision": 2614000.0,
        "Pretax Income": -27370000.0,
        "Other Income Expense": 11000.0,
        "Net Non Operating Interest Income Expense": -1744000.0,
        "Interest Expense Non Operating": 1744000.0,
        "Other Operating Expenses": 19925000.0,
        "Depreciation And Amortization In Income Statement": 4000.0,
        "Amortization": 4000.0,
        "Total Revenue": 42305000.0,
        "Operating Revenue": 42305000.0
    },
    "2022-09-30": {
        "Tax Effect Of Unusual Items": 0.0,
        "Tax Rate For Calcs": 0.033278,
        "Net Income From Continuing Operation Net Minority Interest": -29253000.0,
        "Reconciled Depreciation": 831000.0,
        "EBIT": -28732000.0,
        "Net Interest Income": -1528000.0,
        "Interest Expense": 1528000.0,
        "Normalized Income": -29253000.0,
        "Net Income From Continuing And Discontinued Operation": -28153000.0,
        "Total Expenses": 68492000.0,
        "Diluted Average Shares": 1819000.0,
        "Basic Average Shares": 1819000.0,
        "Diluted EPS": -15.48,
        "Basic EPS": -15.48,
        "Diluted NI Availto Com Stockholders": -28153000.0,
        "Net Income Common Stockholders": -28153000.0,
        "Net Income": -28153000.0,
        "Net Income Including Noncontrolling Interests": -28153000.0,
        "Net Income Discontinuous Operations": 1100000.0,
        "Net Income Continuous Operations": -29253000.0,
        "Tax Provision": -1007000.0,
        "Pretax Income": -30260000.0,
        "Other Income Expense": 14000.0,
        "Net Non Operating Interest Income Expense": -1528000.0,
        "Interest Expense Non Operating": 1528000.0,
        "Other Operating Expenses": 17816000.0,
        "Depreciation And Amortization In Income Statement": 7000.0,
        "Amortization": 7000.0,
        "Total Revenue": 38232000.0,
        "Operating Revenue": 38232000.0
    },
    "2022-06-30": {
        "Tax Effect Of Unusual Items": 0.0,
        "Tax Rate For Calcs": 0.4,
        "Net Income From Continuing Operation Net Minority Interest": -69417000.0,
        "Reconciled Depreciation": 786000.0,
        "EBIT": -56184000.0,
        "Net Interest Income": -1366000.0,
        "Interest Expense": 1366000.0,
        "Normalized Income": -69417000.0,
        "Net Income From Continuing And Discontinued Operation": -69417000.0,
        "Total Expenses": 138064000.0,
        "Diluted Average Shares": 1819000.0,
        "Basic Average Shares": 1819000.0,
        "Diluted EPS": -38.16,
        "Basic EPS": -38.16,
        "Diluted NI Availto Com Stockholders": -69417000.0,
        "Net Income Common Stockholders": -69417000.0,
        "Net Income": -69417000.0,
        "Net Income Including Noncontrolling Interests": -69417000.0,
        "Net Income Discontinuous Operations": NaN,
        "Net Income Continuous Operations": -69417000.0,
        "Tax Provision": 11867000.0,
        "Pretax Income": -57550000.0,
        "Other Income Expense": 12000.0,
        "Net Non Operating Interest Income Expense": -1366000.0,
        "Interest Expense Non Operating": 1366000.0,
        "Other Operating Expenses": 24639000.0,
        "Depreciation And Amortization In Income Statement": 126000.0,
        "Amortization": 126000.0,
        "Total Revenue": 80514000.0,
        "Operating Revenue": 80514000.0
    },
    "2022-03-31": {
        "Diluted EPS": -1.71,
        "Total Revenue": 2,
        "Gross Profit": -7,
        "Operating Income": -10,
        "EBIT": -5,
        "Net Income": -8
    },
    "2021-12-31": {
        "Diluted EPS": 12.59,
        "Total Revenue": 3,
        "Gross Profit": 18,
        "Operating Income": -8,
        "EBIT": -3,
        "Net Income": 9
    },
    "2021-09-30": {
        "Diluted EPS": -1.76,
        "Total Revenue": 3,
        "Gross Profit": -7,
        "Operating Income": -12,
        "EBIT": -8,
        "Net Income": 8
    },
    "2021-06-30": {
        "Diluted EPS": 3.18,
        "Total Revenue": 2,
        "Gross Profit": -5,
        "Operating Income": -9,
        "EBIT": -5,
        "Net Income": 16
    },
    "2021-03-31": {
        "Diluted EPS": -36.7,
        "Total Revenue": 2,
        "Gross Profit": 1,
        "Operating Income": -8,
        "EBIT": -4,
        "Net Income": -126
    },
    "2020-12-31": {
        "Diluted EPS": 60.44,
        "Total Revenue": 2,
        "Gross Profit": -7,
        "Operating Income": -10,
        "EBIT": -7,
        "Net Income": -14
    },
    "2020-09-30": {
        "Diluted EPS": -5.71,
        "Total Revenue": 2,
        "Gross Profit": -7,
        "Operating Income": -10,
        "EBIT": -4,
        "Net Income": -8
    },
    "2020-06-30": {
        "Diluted EPS": -39.12,
        "Total Revenue": 2,
        "Gross Profit": -1,
        "Operating Income": -4,
        "EBIT": 2,
        "Net Income": -10
    },
    "2020-03-31": {
        "Diluted EPS": -53.19,
        "Total Revenue": 2,
        "Gross Profit": -5,
        "Operating Income": -8,
        "EBIT": -2,
        "Net Income": -13
    },
    "2019-12-31": {
        "Diluted EPS": -183.04,
        "Total Revenue": 6,
        "Gross Profit": -7,
        "Operating Income": -28,
        "EBIT": -12,
        "Net Income": -46
    },
    "2019-09-30": {
        "Diluted EPS": -43.08,
        "Total Revenue": 2,
        "Gross Profit": -2,
        "Operating Income": -5,
        "EBIT": -5,
        "Net Income": -11
    },
    "2019-06-30": {
        "Diluted EPS": -0.44,
        "Total Revenue": NaN,
        "Gross Profit": NaN,
        "Operating Income": 0,
        "EBIT": 0,
        "Net Income": 0
    },
    "2019-03-31": {
        "Diluted EPS": 0.62,
        "Total Revenue": NaN,
        "Gross Profit": NaN,
        "Operating Income": 0,
        "EBIT": 0,
        "Net Income": 0
    },
    "2018-12-31": {
        "Diluted EPS": -0.46,
        "Total Revenue": NaN,
        "Gross Profit": NaN,
        "Operating Income": 0,
        "EBIT": 0,
        "Net Income": -1
    },
    "2018-09-30": {
        "Diluted EPS": -0.31,
        "Total Revenue": NaN,
        "Gross Profit": NaN,
        "Operating Income": 0,
        "EBIT": 0,
        "Net Income": 0
    },
    "2018-06-30": {
        "Diluted EPS": -0.31,
        "Total Revenue": NaN,
        "Gross Profit": NaN,
        "Operating Income": 0,
        "EBIT": 0,
        "Net Income": 0
    },
    "2018-03-31": {
        "Diluted EPS": -0.77,
        "Total Revenue": NaN,
        "Gross Profit": NaN,
        "Operating Income": 0,
        "EBIT": 0,
        "Net Income": 0
    },
    "2017-12-31": {
        "Diluted EPS": 0.0,
        "Total Revenue": NaN,
        "Gross Profit": NaN,
        "Operating Income": NaN,
        "EBIT": NaN,
        "Net Income": NaN
    },
    "2017-09-30": {
        "Diluted EPS": 0.0,
        "Total Revenue": NaN,
        "Gross Profit": NaN,
        "Operating Income": 0,
        "EBIT": 0,
        "Net Income": 0
    },
    "2023-06-30": {
        "Tax Effect Of Unusual Items": 0.0,
        "Tax Rate For Calcs": 0.007423,
        "Net Income From Continuing Operation Net Minority Interest": -17785000.0,
        "Reconciled Depreciation": 424000.0,
        "EBIT": -15980000.0,
        "Net Interest Income": -1938000.0,
        "Interest Expense": 1938000.0,
        "Normalized Income": -17785000.0,
        "Net Income From Continuing And Discontinued Operation": -11909000.0,
        "Total Expenses": 59828000.0,
        "Diluted Average Shares": 1818000.0,
        "Basic Average Shares": 1818000.0,
        "Diluted EPS": -6.55,
        "Basic EPS": -6.55,
        "Diluted NI Availto Com Stockholders": -11909000.0,
        "Net Income Common Stockholders": -11909000.0,
        "Net Income": -11909000.0,
        "Net Income Including Noncontrolling Interests": -11909000.0,
        "Net Income Discontinuous Operations": 5876000.0,
        "Net Income Continuous Operations": -17785000.0,
        "Tax Provision": -133000.0,
        "Pretax Income": -17918000.0,
        "Other Income Expense": 64000.0,
        "Net Non Operating Interest Income Expense": -1938000.0,
        "Interest Expense Non Operating": 1938000.0,
        "Other Operating Expenses": 21138000.0,
        "Depreciation And Amortization In Income Statement": 0.0,
        "Amortization": 0.0,
        "Total Revenue": 41910000.0,
        "Operating Revenue": 41910000.0
    },
    "2023-09-30": {
        "Tax Effect Of Unusual Items": 0.0,
        "Tax Rate For Calcs": 0.21,
        "Net Income From Continuing Operation Net Minority Interest": -16661000.0,
        "Reconciled Depreciation": 440000.0,
        "EBIT": -14169000.0,
        "Net Interest Income": -2036000.0,
        "Interest Expense": 2036000.0,
        "Normalized Income": -16661000.0,
        "Net Income From Continuing And Discontinued Operation": -21508000.0,
        "Total Expenses": 58104000.0,
        "Diluted Average Shares": 1818000.0,
        "Basic Average Shares": 1818000.0,
        "Diluted EPS": -11.83,
        "Basic EPS": -11.83,
        "Diluted NI Availto Com Stockholders": -21508000.0,
        "Net Income Common Stockholders": -21508000.0,
        "Net Income": -21508000.0,
        "Net Income Including Noncontrolling Interests": -21508000.0,
        "Net Income Discontinuous Operations": -4847000.0,
        "Net Income Continuous Operations": -16661000.0,
        "Tax Provision": 456000.0,
        "Pretax Income": -16205000.0,
        "Other Income Expense": -72000.0,
        "Net Non Operating Interest Income Expense": -2036000.0,
        "Interest Expense Non Operating": 2036000.0,
        "Other Operating Expenses": 16595000.0,
        "Depreciation And Amortization In Income Statement": 0.0,
        "Amortization": 0.0,
        "Total Revenue": 41899000.0,
        "Operating Revenue": 41899000.0
    }
}