{
    "2023-06-30": {
        "Tax Effect Of Unusual Items": NaN,
        "Tax Rate For Calcs": NaN,
        "Normalized EBITDA": NaN,
        "Total Unusual Items": NaN,
        "Total Unusual Items Excluding Goodwill": NaN,
        "Net Income From Continuing Operation Net Minority Interest": NaN,
        "Reconciled Depreciation": NaN,
        "Reconciled Cost Of Revenue": NaN,
        "EBITDA": NaN,
        "EBIT": NaN,
        "Net Interest Income": NaN,
        "Interest Expense": NaN,
        "Normalized Income": NaN,
        "Net Income From Continuing And Discontinued Operation": NaN,
        "Total Expenses": NaN,
        "Diluted Average Shares": NaN,
        "Basic Average Shares": NaN,
        "Diluted EPS": NaN,
        "Basic EPS": NaN,
        "Diluted NI Availto Com Stockholders": NaN,
        "Net Income Common Stockholders": NaN,
        "Net Income": NaN,
        "Minority Interests": NaN,
        "Net Income Including Noncontrolling Interests": NaN,
        "Net Income Continuous Operations": NaN,
        "Tax Provision": NaN,
        "Pretax Income": NaN,
        "Other Income Expense": NaN,
        "Special Income Charges": NaN,
        "Gain On Sale Of Ppe": 1000000.0,
        "Gain On Sale Of Business": NaN,
        "Earnings From Equity Interest": NaN,
        "Net Non Operating Interest Income Expense": NaN,
        "Interest Expense Non Operating": NaN,
        "Operating Income": NaN,
        "Operating Expense": NaN,
        "Other Operating Expenses": NaN,
        "Depreciation Amortization Depletion Income Statement": NaN,
        "Depreciation And Amortization In Income Statement": NaN,
        "Selling General And Administration": NaN,
        "General And Administrative Expense": NaN,
        "Salaries And Wages": NaN,
        "Gross Profit": NaN,
        "Cost Of Revenue": NaN,
        "Total Revenue": NaN,
        "Operating Revenue": NaN
    },
    "2023-03-31": {
        "Tax Effect Of Unusual Items": NaN,
        "Tax Rate For Calcs": NaN,
        "Normalized EBITDA": NaN,
        "Total Unusual Items": NaN,
        "Total Unusual Items Excluding Goodwill": NaN,
        "Net Income From Continuing Operation Net Minority Interest": NaN,
        "Reconciled Depreciation": NaN,
        "Reconciled Cost Of Revenue": NaN,
        "EBITDA": NaN,
        "EBIT": NaN,
        "Net Interest Income": NaN,
        "Interest Expense": NaN,
        "Normalized Income": NaN,
        "Net Income From Continuing And Discontinued Operation": NaN,
        "Total Expenses": NaN,
        "Diluted Average Shares": NaN,
        "Basic Average Shares": NaN,
        "Diluted EPS": NaN,
        "Basic EPS": NaN,
        "Diluted NI Availto Com Stockholders": NaN,
        "Net Income Common Stockholders": NaN,
        "Net Income": NaN,
        "Minority Interests": NaN,
        "Net Income Including Noncontrolling Interests": NaN,
        "Net Income Continuous Operations": NaN,
        "Tax Provision": NaN,
        "Pretax Income": NaN,
        "Other Income Expense": NaN,
        "Special Income Charges": NaN,
        "Gain On Sale Of Ppe": -15000000.0,
        "Gain On Sale Of Business": NaN,
        "Earnings From Equity Interest": NaN,
        "Net Non Operating Interest Income Expense": NaN,
        "Interest Expense Non Operating": NaN,
        "Operating Income": NaN,
        "Operating Expense": NaN,
        "Other Operating Expenses": NaN,
        "Depreciation Amortization Depletion Income Statement": NaN,
        "Depreciation And Amortization In Income Statement": NaN,
        "Selling General And Administration": NaN,
        "General And Administrative Expense": NaN,
        "Salaries And Wages": NaN,
        "Gross Profit": NaN,
        "Cost Of Revenue": NaN,
        "Total Revenue": NaN,
        "Operating Revenue": NaN
    },
    "2022-12-31": {
        "Tax Effect Of Unusual Items": NaN,
        "Tax Rate For Calcs": NaN,
        "Normalized EBITDA": NaN,
        "Total Unusual Items": NaN,
        "Total Unusual Items Excluding Goodwill": NaN,
        "Net Income From Continuing Operation Net Minority Interest": NaN,
        "Reconciled Depreciation": NaN,
        "Reconciled Cost Of Revenue": NaN,
        "EBITDA": NaN,
        "EBIT": NaN,
        "Net Interest Income": NaN,
        "Interest Expense": NaN,
        "Normalized Income": NaN,
        "Net Income From Continuing And Discontinued Operation": NaN,
        "Total Expenses": NaN,
        "Diluted Average Shares": NaN,
        "Basic Average Shares": NaN,
        "Diluted EPS": NaN,
        "Basic EPS": NaN,
        "Diluted NI Availto Com Stockholders": NaN,
        "Net Income Common Stockholders": NaN,
        "Net Income": NaN,
        "Minority Interests": NaN,
        "Net Income Including Noncontrolling Interests": NaN,
        "Net Income Continuous Operations": NaN,
        "Tax Provision": NaN,
        "Pretax Income": NaN,
        "Other Income Expense": NaN,
        "Special Income Charges": NaN,
        "Gain On Sale Of Ppe": 1326000000.0,
        "Gain On Sale Of Business": NaN,
        "Other Special Charges": 0.0,
        "Earnings From Equity Interest": NaN,
        "Net Non Operating Interest Income Expense": NaN,
        "Interest Expense Non Operating": NaN,
        "Operating Income": NaN,
        "Operating Expense": NaN,
        "Other Operating Expenses": NaN,
        "Depreciation Amortization Depletion Income Statement": NaN,
        "Depreciation And Amortization In Income Statement": NaN,
        "Selling General And Administration": NaN,
        "General And Administrative Expense": NaN,
        "Salaries And Wages": NaN,
        "Gross Profit": NaN,
        "Cost Of Revenue": NaN,
        "Total Revenue": NaN,
        "Operating Revenue": NaN
    },
    "2022-09-30": {
        "Tax Effect Of Unusual Items": NaN,
        "Tax Rate For Calcs": NaN,
        "Normalized EBITDA": NaN,
        "Total Unusual Items": NaN,
        "Total Unusual Items Excluding Goodwill": NaN,
        "Net Income From Continuing Operation Net Minority Interest": NaN,
        "Reconciled Depreciation": NaN,
        "Reconciled Cost Of Revenue": NaN,
        "EBITDA": NaN,
        "EBIT": NaN,
        "Net Interest Income": NaN,
        "Interest Expense": NaN,
        "Normalized Income": NaN,
        "Net Income From Continuing And Discontinued Operation": NaN,
        "Total Expenses": NaN,
        "Diluted Average Shares": NaN,
        "Basic Average Shares": NaN,
        "Diluted EPS": NaN,
        "Basic EPS": NaN,
        "Diluted NI Availto Com Stockholders": NaN,
        "Net Income Common Stockholders": NaN,
        "Net Income": NaN,
        "Minority Interests": NaN,
        "Net Income Including Noncontrolling Interests": NaN,
        "Net Income Continuous Operations": NaN,
        "Tax Provision": NaN,
        "Pretax Income": NaN,
        "Other Income Expense": NaN,
        "Special Income Charges": NaN,
        "Gain On Sale Of Ppe": -3000000.0,
        "Gain On Sale Of Business": NaN,
        "Other Special Charges": NaN,
        "Earnings From Equity Interest": NaN,
        "Net Non Operating Interest Income Expense": NaN,
        "Interest Expense Non Operating": NaN,
        "Operating Income": NaN,
        "Operating Expense": NaN,
        "Other Operating Expenses": NaN,
        "Depreciation Amortization Depletion Income Statement": NaN,
        "Depreciation And Amortization In Income Statement": NaN,
        "Selling General And Administration": NaN,
        "General And Administrative Expense": NaN,
        "Salaries And Wages": NaN,
        "Gross Profit": NaN,
        "Cost Of Revenue": NaN,
        "Total Revenue": NaN,
        "Operating Revenue": NaN
    },
    "2022-06-30": {
        "Tax Effect Of Unusual Items": -23812500.0,
        "Tax Rate For Calcs": 0.216477,
        "Normalized EBITDA": 3042000000.0,
        "Total Unusual Items": -110000000.0,
        "Total Unusual Items Excluding Goodwill": -110000000.0,
        "Net Income From Continuing Operation Net Minority Interest": 1155000000.0,
        "Reconciled Depreciation": 738000000.0,
        "Reconciled Cost Of Revenue": 2301000000.0,
        "EBITDA": 2932000000.0,
        "EBIT": 2194000000.0,
        "Net Interest Income": -434000000.0,
        "Interest Expense": 434000000.0,
        "Normalized Income": 1241187500.0,
        "Net Income From Continuing And Discontinued Operation": 1155000000.0,
        "Total Expenses": 12524000000.0,
        "Diluted Average Shares": 296061000.0,
        "Basic Average Shares": 292527000.0,
        "Diluted EPS": 3.9,
        "Basic EPS": 3.95,
        "Diluted NI Availto Com Stockholders": 1155000000.0,
        "Net Income Common Stockholders": 1155000000.0,
        "Net Income": 1155000000.0,
        "Minority Interests": -224000000.0,
        "Net Income Including Noncontrolling Interests": 1379000000.0,
        "Net Income Continuous Operations": 1379000000.0,
        "Tax Provision": 381000000.0,
        "Pretax Income": 1760000000.0,
        "Other Income Expense": -102000000.0,
        "Special Income Charges": -110000000.0,
        "Gain On Sale Of Ppe": -32000000.0,
        "Other Special Charges": 78000000.0,
        "Earnings From Equity Interest": 8000000.0,
        "Net Non Operating Interest Income Expense": -434000000.0,
        "Interest Expense Non Operating": 434000000.0,
        "Operating Income": 2296000000.0,
        "Operating Expense": 10223000000.0,
        "Other Operating Expenses": 2693000000.0,
        "Depreciation Amortization Depletion Income Statement": 738000000.0,
        "Depreciation And Amortization In Income Statement": 738000000.0,
        "Selling General And Administration": 6792000000.0,
        "General And Administrative Expense": 6792000000.0,
        "Salaries And Wages": 6792000000.0,
        "Gross Profit": 12519000000.0,
        "Cost Of Revenue": 2301000000.0,
        "Total Revenue": 14820000000.0,
        "Operating Revenue": 14820000000.0
    },
    "2022-03-31": {
        "Diluted EPS": 4.14,
        "Total Revenue": NaN,
        "Gross Profit": NaN,
        "Operating Income": NaN,
        "EBIT": NaN,
        "Net Income": NaN
    },
    "2021-12-31": {
        "Diluted EPS": 5.66,
        "Total Revenue": NaN,
        "Gross Profit": NaN,
        "Operating Income": NaN,
        "EBIT": NaN,
        "Net Income": NaN
    },
    "2021-09-30": {
        "Diluted EPS": 7.0,
        "Total Revenue": NaN,
        "Gross Profit": NaN,
        "Operating Income": NaN,
        "EBIT": NaN,
        "Net Income": NaN
    },
    "2021-06-30": {
        "Diluted EPS": 4.36,
        "Total Revenue": NaN,
        "Gross Profit": NaN,
        "Operating Income": NaN,
        "EBIT": NaN,
        "Net Income": NaN
    },
    "2021-03-31": {
        "Diluted EPS": 4.14,
        "Total Revenue": NaN,
        "Gross Profit": NaN,
        "Operating Income": NaN,
        "EBIT": NaN,
        "Net Income": NaN
    },
    "2020-12-31": {
        "Diluted EPS": 4.13,
        "Total Revenue": NaN,
        "Gross Profit": NaN,
        "Operating Income": NaN,
        "EBIT": NaN,
        "Net Income": NaN
    },
    "2020-09-30": {
        "Diluted EPS": 1.95,
        "Total Revenue": NaN,
        "Gross Profit": NaN,
        "Operating Income": NaN,
        "EBIT": NaN,
        "Net Income": 668
    },
    "2020-06-30": {
        "Diluted EPS": 3.16,
        "Total Revenue": NaN,
        "Gross Profit": NaN,
        "Operating Income": NaN,
        "EBIT": NaN,
        "Net Income": NaN
    },
    "2020-03-31": {
        "Diluted EPS": 1.69,
        "Total Revenue": NaN,
        "Gross Profit": NaN,
        "Operating Income": NaN,
        "EBIT": NaN,
        "Net Income": 581
    },
    "2019-12-31": {
        "Diluted EPS": 3.09,
        "Total Revenue": NaN,
        "Gross Profit": NaN,
        "Operating Income": NaN,
        "EBIT": NaN,
        "Net Income": NaN
    },
    "2019-09-30": {
        "Diluted EPS": 1.76,
        "Total Revenue": NaN,
        "Gross Profit": NaN,
        "Operating Income": NaN,
        "EBIT": NaN,
        "Net Income": 612
    },
    "2019-06-30": {
        "Diluted EPS": 2.25,
        "Total Revenue": NaN,
        "Gross Profit": NaN,
        "Operating Income": NaN,
        "EBIT": NaN,
        "Net Income": 783
    },
    "2019-03-31": {
        "Diluted EPS": 2.97,
        "Total Revenue": NaN,
        "Gross Profit": NaN,
        "Operating Income": NaN,
        "EBIT": NaN,
        "Net Income": NaN
    },
    "2018-12-31": {
        "Diluted EPS": 3.02,
        "Total Revenue": NaN,
        "Gross Profit": NaN,
        "Operating Income": NaN,
        "EBIT": NaN,
        "Net Income": NaN
    },
    "2018-09-30": {
        "Diluted EPS": 2.15,
        "Total Revenue": NaN,
        "Gross Profit": NaN,
        "Operating Income": NaN,
        "EBIT": NaN,
        "Net Income": 759
    },
    "2018-06-30": {
        "Diluted EPS": 2.31,
        "Total Revenue": NaN,
        "Gross Profit": NaN,
        "Operating Income": NaN,
        "EBIT": NaN,
        "Net Income": 820
    },
    "2018-03-31": {
        "Diluted EPS": 3.18,
        "Total Revenue": NaN,
        "Gross Profit": NaN,
        "Operating Income": NaN,
        "EBIT": NaN,
        "Net Income": NaN
    },
    "2017-12-31": {
        "Diluted EPS": 1.31,
        "Total Revenue": NaN,
        "Gross Profit": NaN,
        "Operating Income": NaN,
        "EBIT": NaN,
        "Net Income": 474
    },
    "2017-09-30": {
        "Diluted EPS": 1.15,
        "Total Revenue": NaN,
        "Gross Profit": NaN,
        "Operating Income": NaN,
        "EBIT": NaN,
        "Net Income": 426
    },
    "2017-06-30": {
        "Diluted EPS": 1.75,
        "Total Revenue": NaN,
        "Gross Profit": NaN,
        "Operating Income": NaN,
        "EBIT": NaN,
        "Net Income": 657
    },
    "2017-03-31": {
        "Diluted EPS": 1.74,
        "Total Revenue": NaN,
        "Gross Profit": NaN,
        "Operating Income": NaN,
        "EBIT": NaN,
        "Net Income": 659
    },
    "2016-12-31": {
        "Diluted EPS": 2.37,
        "Total Revenue": NaN,
        "Gross Profit": NaN,
        "Operating Income": NaN,
        "EBIT": NaN,
        "Net Income": 920
    },
    "2016-09-30": {
        "Diluted EPS": 1.59,
        "Total Revenue": NaN,
        "Gross Profit": NaN,
        "Operating Income": NaN,
        "EBIT": NaN,
        "Net Income": 618
    },
    "2016-06-30": {
        "Diluted EPS": 1.65,
        "Total Revenue": NaN,
        "Gross Profit": NaN,
        "Operating Income": NaN,
        "EBIT": NaN,
        "Net Income": 658
    },
    "2016-03-31": {
        "Diluted EPS": 1.69,
        "Total Revenue": NaN,
        "Gross Profit": NaN,
        "Operating Income": NaN,
        "EBIT": NaN,
        "Net Income": 694
    },
    "2015-12-31": {
        "Diluted EPS": 1.4,
        "Total Revenue": NaN,
        "Gross Profit": NaN,
        "Operating Income": NaN,
        "EBIT": NaN,
        "Net Income": 582
    },
    "2015-09-30": {
        "Diluted EPS": 1.05,
        "Total Revenue": NaN,
        "Gross Profit": NaN,
        "Operating Income": NaN,
        "EBIT": NaN,
        "Net Income": 449
    },
    "2015-06-30": {
        "Diluted EPS": 1.18,
        "Total Revenue": NaN,
        "Gross Profit": NaN,
        "Operating Income": NaN,
        "EBIT": NaN,
        "Net Income": 507
    },
    "2015-03-31": {
        "Diluted EPS": 1.36,
        "Total Revenue": NaN,
        "Gross Profit": NaN,
        "Operating Income": NaN,
        "EBIT": NaN,
        "Net Income": 591
    },
    "2014-12-31": {
        "Diluted EPS": 1.17,
        "Total Revenue": NaN,
        "Gross Profit": NaN,
        "Operating Income": NaN,
        "EBIT": NaN,
        "Net Income": 527
    },
    "2014-09-30": {
        "Diluted EPS": 1.16,
        "Total Revenue": NaN,
        "Gross Profit": NaN,
        "Operating Income": NaN,
        "EBIT": NaN,
        "Net Income": 518
    },
    "2014-06-30": {
        "Diluted EPS": 1.07,
        "Total Revenue": NaN,
        "Gross Profit": NaN,
        "Operating Income": NaN,
        "EBIT": NaN,
        "Net Income": 483
    },
    "2014-03-31": {
        "Diluted EPS": 0.76,
        "Total Revenue": NaN,
        "Gross Profit": NaN,
        "Operating Income": NaN,
        "EBIT": NaN,
        "Net Income": 347
    },
    "2013-12-31": {
        "Diluted EPS": 0.93,
        "Total Revenue": NaN,
        "Gross Profit": NaN,
        "Operating Income": NaN,
        "EBIT": NaN,
        "Net Income": 424
    },
    "2013-09-30": {
        "Diluted EPS": 0.79,
        "Total Revenue": NaN,
        "Gross Profit": NaN,
        "Operating Income": NaN,
        "EBIT": NaN,
        "Net Income": 365
    },
    "2013-06-30": {
        "Diluted EPS": 0.91,
        "Total Revenue": NaN,
        "Gross Profit": NaN,
        "Operating Income": NaN,
        "EBIT": NaN,
        "Net Income": 423
    },
    "2013-03-31": {
        "Diluted EPS": 0.74,
        "Total Revenue": NaN,
        "Gross Profit": NaN,
        "Operating Income": NaN,
        "EBIT": NaN,
        "Net Income": 344
    },
    "2012-12-31": {
        "Diluted EPS": 0.68,
        "Total Revenue": NaN,
        "Gross Profit": NaN,
        "Operating Income": NaN,
        "EBIT": NaN,
        "Net Income": 314
    },
    "2012-09-30": {
        "Diluted EPS": 0.78,
        "Total Revenue": NaN,
        "Gross Profit": NaN,
        "Operating Income": NaN,
        "EBIT": NaN,
        "Net Income": 360
    },
    "2012-06-30": {
        "Diluted EPS": 0.85,
        "Total Revenue": NaN,
        "Gross Profit": NaN,
        "Operating Income": NaN,
        "EBIT": NaN,
        "Net Income": 391
    },
    "2012-03-31": {
        "Diluted EPS": 1.18,
        "Total Revenue": NaN,
        "Gross Profit": NaN,
        "Operating Income": NaN,
        "EBIT": NaN,
        "Net Income": 540
    },
    "2011-12-31": {
        "Diluted EPS": 3.91,
        "Total Revenue": NaN,
        "Gross Profit": NaN,
        "Operating Income": NaN,
        "EBIT": NaN,
        "Net Income": NaN
    },
    "2011-09-30": {
        "Diluted EPS": 0.11,
        "Total Revenue": NaN,
        "Gross Profit": NaN,
        "Operating Income": NaN,
        "EBIT": NaN,
        "Net Income": 61
    },
    "2011-06-30": {
        "Diluted EPS": 0.43,
        "Total Revenue": NaN,
        "Gross Profit": NaN,
        "Operating Income": NaN,
        "EBIT": NaN,
        "Net Income": 229
    },
    "2011-03-31": {
        "Diluted EPS": 0.52,
        "Total Revenue": NaN,
        "Gross Profit": NaN,
        "Operating Income": NaN,
        "EBIT": NaN,
        "Net Income": 240
    },
    "2010-12-31": {
        "Diluted EPS": 0.65,
        "Total Revenue": NaN,
        "Gross Profit": NaN,
        "Operating Income": NaN,
        "EBIT": NaN,
        "Net Income": 283
    },
    "2010-09-30": {
        "Diluted EPS": 0.55,
        "Total Revenue": NaN,
        "Gross Profit": NaN,
        "Operating Income": NaN,
        "EBIT": NaN,
        "Net Income": 243
    },
    "2010-06-30": {
        "Diluted EPS": 0.67,
        "Total Revenue": NaN,
        "Gross Profit": NaN,
        "Operating Income": NaN,
        "EBIT": NaN,
        "Net Income": 293
    },
    "2010-03-31": {
        "Diluted EPS": 0.89,
        "Total Revenue": NaN,
        "Gross Profit": NaN,
        "Operating Income": NaN,
        "EBIT": NaN,
        "Net Income": 388
    },
    "2009-12-31": {
        "Diluted EPS": -2.56,
        "Total Revenue": NaN,
        "Gross Profit": NaN,
        "Operating Income": 985,
        "EBIT": NaN,
        "Net Income": 216
    },
    "2009-09-30": {
        "Diluted EPS": 2.04,
        "Total Revenue": NaN,
        "Gross Profit": NaN,
        "Operating Income": 919,
        "EBIT": NaN,
        "Net Income": 196
    },
    "2009-06-30": {
        "Diluted EPS": 2.96,
        "Total Revenue": NaN,
        "Gross Profit": NaN,
        "Operating Income": NaN,
        "EBIT": NaN,
        "Net Income": 282
    },
    "2009-03-31": {
        "Diluted EPS": 0.0,
        "Total Revenue": NaN,
        "Gross Profit": NaN,
        "Operating Income": NaN,
        "EBIT": NaN,
        "Net Income": 360
    },
    "2023-09-30": {
        "Tax Effect Of Unusual Items": NaN,
        "Tax Rate For Calcs": NaN,
        "Normalized EBITDA": NaN,
        "Total Unusual Items": NaN,
        "Total Unusual Items Excluding Goodwill": NaN,
        "Net Income From Continuing Operation Net Minority Interest": NaN,
        "Reconciled Depreciation": NaN,
        "Reconciled Cost Of Revenue": NaN,
        "EBITDA": NaN,
        "EBIT": NaN,
        "Net Interest Income": NaN,
        "Interest Expense": NaN,
        "Normalized Income": NaN,
        "Net Income From Continuing And Discontinued Operation": NaN,
        "Total Expenses": NaN,
        "Diluted Average Shares": NaN,
        "Basic Average Shares": NaN,
        "Diluted EPS": NaN,
        "Basic EPS": NaN,
        "Diluted NI Availto Com Stockholders": NaN,
        "Net Income Common Stockholders": NaN,
        "Net Income": NaN,
        "Minority Interests": NaN,
        "Net Income Including Noncontrolling Interests": NaN,
        "Net Income Continuous Operations": NaN,
        "Tax Provision": NaN,
        "Pretax Income": NaN,
        "Other Income Expense": NaN,
        "Special Income Charges": NaN,
        "Gain On Sale Of Ppe": 2000000.0,
        "Gain On Sale Of Business": NaN,
        "Earnings From Equity Interest": NaN,
        "Net Non Operating Interest Income Expense": NaN,
        "Interest Expense Non Operating": NaN,
        "Operating Income": NaN,
        "Operating Expense": NaN,
        "Other Operating Expenses": NaN,
        "Depreciation Amortization Depletion Income Statement": NaN,
        "Depreciation And Amortization In Income Statement": NaN,
        "Selling General And Administration": NaN,
        "General And Administrative Expense": NaN,
        "Salaries And Wages": NaN,
        "Gross Profit": NaN,
        "Cost Of Revenue": NaN,
        "Total Revenue": NaN,
        "Operating Revenue": NaN
    },
    "2023-12-31": {
        "Tax Effect Of Unusual Items": 1444776.119403,
        "Tax Rate For Calcs": 0.206397,
        "Normalized EBITDA": 3618000000.0,
        "Total Unusual Items": 7000000.0,
        "Total Unusual Items Excluding Goodwill": 7000000.0,
        "Net Income From Continuing Operation Net Minority Interest": 1607000000.0,
        "Reconciled Depreciation": 789000000.0,
        "Reconciled Cost Of Revenue": 2584000000.0,
        "EBITDA": 3625000000.0,
        "EBIT": 2836000000.0,
        "Net Interest Income": -491000000.0,
        "Interest Expense": 491000000.0,
        "Normalized Income": 1601444776.119403,
        "Net Income From Continuing And Discontinued Operation": 1607000000.0,
        "Total Expenses": 14502000000.0,
        "Diluted Average Shares": 271186000.0,
        "Basic Average Shares": 265537300.0,
        "Diluted EPS": 5.93,
        "Basic EPS": 6.05188,
        "Diluted NI Availto Com Stockholders": 1607000000.0,
        "Net Income Common Stockholders": 1607000000.0,
        "Net Income": 1607000000.0,
        "Minority Interests": -254000000.0,
        "Net Income Including Noncontrolling Interests": 1861000000.0,
        "Net Income Continuous Operations": 1861000000.0,
        "Tax Provision": 484000000.0,
        "Pretax Income": 2345000000.0,
        "Other Income Expense": 35000000.0,
        "Special Income Charges": 7000000.0,
        "Gain On Sale Of Ppe": NaN,
        "Gain On Sale Of Business": 7000000.0,
        "Earnings From Equity Interest": 28000000.0,
        "Net Non Operating Interest Income Expense": -491000000.0,
        "Interest Expense Non Operating": 491000000.0,
        "Operating Income": 2801000000.0,
        "Operating Expense": 11918000000.0,
        "Other Operating Expenses": 3559000000.0,
        "Depreciation Amortization Depletion Income Statement": 789000000.0,
        "Depreciation And Amortization In Income Statement": 789000000.0,
        "Selling General And Administration": 7570000000.0,
        "General And Administrative Expense": 7570000000.0,
        "Salaries And Wages": 7570000000.0,
        "Gross Profit": 14719000000.0,
        "Cost Of Revenue": 2584000000.0,
        "Total Revenue": 17303000000.0,
        "Operating Revenue": 16803000000.0
    },
    "2024-03-31": {
        "Tax Effect Of Unusual Items": NaN,
        "Tax Rate For Calcs": NaN,
        "Normalized EBITDA": NaN,
        "Total Unusual Items": NaN,
        "Total Unusual Items Excluding Goodwill": NaN,
        "Net Income From Continuing Operation Net Minority Interest": NaN,
        "Reconciled Depreciation": NaN,
        "Reconciled Cost Of Revenue": NaN,
        "EBITDA": NaN,
        "EBIT": NaN,
        "Net Interest Income": NaN,
        "Interest Expense": NaN,
        "Normalized Income": NaN,
        "Net Income From Continuing And Discontinued Operation": NaN,
        "Total Expenses": NaN,
        "Diluted Average Shares": NaN,
        "Basic Average Shares": NaN,
        "Diluted EPS": NaN,
        "Basic EPS": NaN,
        "Diluted NI Availto Com Stockholders": NaN,
        "Net Income Common Stockholders": NaN,
        "Net Income": NaN,
        "Minority Interests": NaN,
        "Net Income Including Noncontrolling Interests": NaN,
        "Net Income Continuous Operations": NaN,
        "Tax Provision": NaN,
        "Pretax Income": NaN,
        "Other Income Expense": NaN,
        "Special Income Charges": NaN,
        "Gain On Sale Of Business": NaN,
        "Earnings From Equity Interest": NaN,
        "Net Non Operating Interest Income Expense": NaN,
        "Interest Expense Non Operating": NaN,
        "Operating Income": NaN,
        "Operating Expense": NaN,
        "Other Operating Expenses": NaN,
        "Depreciation Amortization Depletion Income Statement": NaN,
        "Depreciation And Amortization In Income Statement": NaN,
        "Selling General And Administration": 7707000000.0,
        "General And Administrative Expense": 7707000000.0,
        "Salaries And Wages": 7707000000.0,
        "Gross Profit": NaN,
        "Cost Of Revenue": NaN,
        "Total Revenue": NaN,
        "Operating Revenue": NaN
    },
    "2024-06-30": {
        "Tax Effect Of Unusual Items": NaN,
        "Tax Rate For Calcs": NaN,
        "Normalized EBITDA": NaN,
        "Total Unusual Items": NaN,
        "Total Unusual Items Excluding Goodwill": NaN,
        "Net Income From Continuing Operation Net Minority Interest": NaN,
        "Reconciled Depreciation": NaN,
        "Reconciled Cost Of Revenue": NaN,
        "EBITDA": NaN,
        "EBIT": NaN,
        "Net Interest Income": NaN,
        "Interest Expense": NaN,
        "Normalized Income": NaN,
        "Net Income From Continuing And Discontinued Operation": NaN,
        "Total Expenses": NaN,
        "Diluted Average Shares": NaN,
        "Basic Average Shares": NaN,
        "Diluted EPS": NaN,
        "Basic EPS": NaN,
        "Diluted NI Availto Com Stockholders": NaN,
        "Net Income Common Stockholders": NaN,
        "Net Income": NaN,
        "Minority Interests": NaN,
        "Net Income Including Noncontrolling Interests": NaN,
        "Net Income Continuous Operations": NaN,
        "Tax Provision": NaN,
        "Pretax Income": NaN,
        "Other Income Expense": NaN,
        "Special Income Charges": NaN,
        "Gain On Sale Of Business": NaN,
        "Earnings From Equity Interest": NaN,
        "Net Non Operating Interest Income Expense": NaN,
        "Interest Expense Non Operating": NaN,
        "Operating Income": NaN,
        "Operating Expense": NaN,
        "Other Operating Expenses": NaN,
        "Depreciation Amortization Depletion Income Statement": NaN,
        "Depreciation And Amortization In Income Statement": NaN,
        "Selling General And Administration": 7685000000.0,
        "General And Administrative Expense": 7685000000.0,
        "Salaries And Wages": 7685000000.0,
        "Gross Profit": NaN,
        "Cost Of Revenue": NaN,
        "Total Revenue": NaN,
        "Operating Revenue": NaN
    },
    "2024-09-30": {
        "Tax Effect Of Unusual Items": -1000000.0,
        "Tax Rate For Calcs": 0.25,
        "Normalized EBITDA": 3267000000.0,
        "Total Unusual Items": -4000000.0,
        "Total Unusual Items Excluding Goodwill": -4000000.0,
        "Net Income From Continuing Operation Net Minority Interest": 1270000000.0,
        "Reconciled Depreciation": 842000000.0,
        "Reconciled Cost Of Revenue": 10518000000.0,
        "EBITDA": 3263000000.0,
        "EBIT": 2421000000.0,
        "Net Interest Income": -515000000.0,
        "Interest Expense": 515000000.0,
        "Normalized Income": 1273000000.0,
        "Net Income From Continuing And Discontinued Operation": 1270000000.0,
        "Total Expenses": 15077000000.0,
        "Diluted Average Shares": NaN,
        "Basic Average Shares": NaN,
        "Diluted EPS": NaN,
        "Basic EPS": NaN,
        "Diluted NI Availto Com Stockholders": 1270000000.0,
        "Net Income Common Stockholders": 1270000000.0,
        "Net Income": 1270000000.0,
        "Minority Interests": -212000000.0,
        "Net Income Including Noncontrolling Interests": 1482000000.0,
        "Net Income Continuous Operations": 1482000000.0,
        "Tax Provision": 424000000.0,
        "Pretax Income": 1906000000.0,
        "Other Income Expense": 11000000.0,
        "Special Income Charges": -4000000.0,
        "Gain On Sale Of Business": -4000000.0,
        "Earnings From Equity Interest": 15000000.0,
        "Net Non Operating Interest Income Expense": -515000000.0,
        "Interest Expense Non Operating": 515000000.0,
        "Operating Income": 2410000000.0,
        "Operating Expense": 4559000000.0,
        "Other Operating Expenses": 3717000000.0,
        "Depreciation Amortization Depletion Income Statement": 842000000.0,
        "Depreciation And Amortization In Income Statement": 842000000.0,
        "Selling General And Administration": 7861000000.0,
        "General And Administrative Expense": 7861000000.0,
        "Salaries And Wages": 7861000000.0,
        "Gross Profit": 6969000000.0,
        "Cost Of Revenue": 10518000000.0,
        "Total Revenue": 17487000000.0,
        "Operating Revenue": 16612000000.0
    },
    "2024-12-31": {
        "Tax Effect Of Unusual Items": -40864978.902954,
        "Tax Rate For Calcs": 0.209564,
        "Normalized EBITDA": 3712000000.0,
        "Total Unusual Items": -195000000.0,
        "Total Unusual Items Excluding Goodwill": -195000000.0,
        "Net Income From Continuing Operation Net Minority Interest": 1438000000.0,
        "Reconciled Depreciation": 856000000.0,
        "Reconciled Cost Of Revenue": 10710000000.0,
        "EBITDA": 3517000000.0,
        "EBIT": 2661000000.0,
        "Net Interest Income": -528000000.0,
        "Interest Expense": 528000000.0,
        "Normalized Income": 1592135021.097046,
        "Net Income From Continuing And Discontinued Operation": 1438000000.0,
        "Total Expenses": 15439000000.0,
        "Diluted Average Shares": 255310000.0,
        "Basic Average Shares": 249981400.0,
        "Diluted EPS": 5.63,
        "Basic EPS": 5.752428,
        "Diluted NI Availto Com Stockholders": 1438000000.0,
        "Net Income Common Stockholders": 1438000000.0,
        "Net Income": 1438000000.0,
        "Minority Interests": -248000000.0,
        "Net Income Including Noncontrolling Interests": 1686000000.0,
        "Net Income Continuous Operations": 1686000000.0,
        "Tax Provision": 447000000.0,
        "Pretax Income": 2133000000.0,
        "Other Income Expense": -185000000.0,
        "Special Income Charges": -195000000.0,
        "Gain On Sale Of Business": -195000000.0,
        "Earnings From Equity Interest": 10000000.0,
        "Net Non Operating Interest Income Expense": -528000000.0,
        "Interest Expense Non Operating": 528000000.0,
        "Operating Income": 2846000000.0,
        "Operating Expense": 4729000000.0,
        "Other Operating Expenses": 3873000000.0,
        "Depreciation Amortization Depletion Income Statement": 856000000.0,
        "Depreciation And Amortization In Income Statement": 856000000.0,
        "Selling General And Administration": 7917000000.0,
        "General And Administrative Expense": 7917000000.0,
        "Salaries And Wages": 7917000000.0,
        "Gross Profit": 7575000000.0,
        "Cost Of Revenue": 10710000000.0,
        "Total Revenue": 18285000000.0,
        "Operating Revenue": 17929000000.0
    },
    "2025-03-31": {
        "Tax Effect Of Unusual Items": 238000.0,
        "Tax Rate For Calcs": 0.238,
        "Normalized EBITDA": 3733000000.0,
        "Total Unusual Items": 1000000.0,
        "Total Unusual Items Excluding Goodwill": 1000000.0,
        "Net Income From Continuing Operation Net Minority Interest": 1610000000.0,
        "Reconciled Depreciation": 860000000.0,
        "Reconciled Cost Of Revenue": 10761000000.0,
        "EBITDA": 3734000000.0,
        "EBIT": 2874000000.0,
        "Net Interest Income": -547000000.0,
        "Interest Expense": 547000000.0,
        "Normalized Income": 1609238000.0,
        "Net Income From Continuing And Discontinued Operation": 1610000000.0,
        "Total Expenses": 15466000000.0,
        "Diluted Average Shares": 249440000.0,
        "Basic Average Shares": 242955400.0,
        "Diluted EPS": 6.45,
        "Basic EPS": 6.626731,
        "Diluted NI Availto Com Stockholders": 1610000000.0,
        "Net Income Common Stockholders": 1610000000.0,
        "Net Income": 1610000000.0,
        "Minority Interests": -215000000.0,
        "Net Income Including Noncontrolling Interests": 1825000000.0,
        "Net Income Continuous Operations": 1825000000.0,
        "Tax Provision": 502000000.0,
        "Pretax Income": 2327000000.0,
        "Other Income Expense": 19000000.0,
        "Special Income Charges": 1000000.0,
        "Gain On Sale Of Business": 1000000.0,
        "Earnings From Equity Interest": 18000000.0,
        "Net Non Operating Interest Income Expense": -547000000.0,
        "Interest Expense Non Operating": 547000000.0,
        "Operating Income": 2855000000.0,
        "Operating Expense": 4705000000.0,
        "Other Operating Expenses": 3845000000.0,
        "Depreciation Amortization Depletion Income Statement": 860000000.0,
        "Depreciation And Amortization In Income Statement": 860000000.0,
        "Selling General And Administration": 7997000000.0,
        "General And Administrative Expense": 7997000000.0,
        "Salaries And Wages": 7997000000.0,
        "Gross Profit": 7560000000.0,
        "Cost Of Revenue": 10761000000.0,
        "Total Revenue": 18321000000.0,
        "Operating Revenue": 17749000000.0
    },
    "2025-06-30": {
        "Tax Effect Of Unusual Items": -723000.0,
        "Tax Rate For Calcs": 0.241,
        "Normalized EBITDA": 3849000000.0,
        "Total Unusual Items": -3000000.0,
        "Total Unusual Items Excluding Goodwill": -3000000.0,
        "Net Income From Continuing Operation Net Minority Interest": 1653000000.0,
        "Reconciled Depreciation": 863000000.0,
        "Reconciled Cost Of Revenue": 10982000000.0,
        "EBITDA": 3846000000.0,
        "EBIT": 2983000000.0,
        "Net Interest Income": -568000000.0,
        "Interest Expense": 568000000.0,
        "Normalized Income": 1655277000.0,
        "Net Income From Continuing And Discontinued Operation": 1653000000.0,
        "Total Expenses": 15638000000.0,
        "Diluted Average Shares": 241911000.0,
        "Basic Average Shares": 236143900.0,
        "Diluted EPS": 6.83,
        "Basic EPS": 6.999969,
        "Diluted NI Availto Com Stockholders": 1653000000.0,
        "Net Income Common Stockholders": 1653000000.0,
        "Net Income": 1653000000.0,
        "Minority Interests": -238000000.0,
        "Net Income Including Noncontrolling Interests": 1891000000.0,
        "Net Income Continuous Operations": 1891000000.0,
        "Tax Provision": 524000000.0,
        "Pretax Income": 2415000000.0,
        "Other Income Expense": 16000000.0,
        "Special Income Charges": -3000000.0,
        "Gain On Sale Of Business": -3000000.0,
        "Earnings From Equity Interest": 19000000.0,
        "Net Non Operating Interest Income Expense": -568000000.0,
        "Interest Expense Non Operating": 568000000.0,
        "Operating Income": 2967000000.0,
        "Operating Expense": 4656000000.0,
        "Other Operating Expenses": 3793000000.0,
        "Depreciation Amortization Depletion Income Statement": 863000000.0,
        "Depreciation And Amortization In Income Statement": 863000000.0,
        "Selling General And Administration": NaN,
        "General And Administrative Expense": NaN,
        "Salaries And Wages": NaN,
        "Gross Profit": 7623000000.0,
        "Cost Of Revenue": 10982000000.0,
        "Total Revenue": 18605000000.0,
        "Operating Revenue": 18079000000.0
    },
    "2025-09-30": {
        "Tax Effect Of Unusual Items": -478000.0,
        "Tax Rate For Calcs": 0.239,
        "Normalized EBITDA": 3870000000.0,
        "Total Unusual Items": -2000000.0,
        "Total Unusual Items Excluding Goodwill": -2000000.0,
        "Net Income From Continuing Operation Net Minority Interest": 1643000000.0,
        "Reconciled Depreciation": 889000000.0,
        "Reconciled Cost Of Revenue": 11146000000.0,
        "EBITDA": 3868000000.0,
        "EBIT": 2979000000.0,
        "Net Interest Income": -561000000.0,
        "Interest Expense": 561000000.0,
        "Normalized Income": 1644522000.0,
        "Net Income From Continuing And Discontinued Operation": 1643000000.0,
        "Total Expenses": 16196000000.0,
        "Diluted Average Shares": 236181000.0,
        "Basic Average Shares": 229845100.0,
        "Diluted EPS": 6.96,
        "Basic EPS": 7.148292,
        "Diluted NI Availto Com Stockholders": 1643000000.0,
        "Net Income Common Stockholders": 1643000000.0,
        "Net Income": 1643000000.0,
        "Minority Interests": -260000000.0,
        "Net Income Including Noncontrolling Interests": 1903000000.0,
        "Net Income Continuous Operations": 1903000000.0,
        "Tax Provision": 515000000.0,
        "Pretax Income": 2418000000.0,
        "Other Income Expense": 14000000.0,
        "Special Income Charges": -2000000.0,
        "Gain On Sale Of Business": -2000000.0,
        "Earnings From Equity Interest": 16000000.0,
        "Net Non Operating Interest Income Expense": -561000000.0,
        "Interest Expense Non Operating": 561000000.0,
        "Operating Income": 2965000000.0,
        "Operating Expense": 5050000000.0,
        "Other Operating Expenses": 4161000000.0,
        "Depreciation Amortization Depletion Income Statement": 889000000.0,
        "Depreciation And Amortization In Income Statement": 889000000.0,
        "Selling General And Administration": NaN,
        "General And Administrative Expense": NaN,
        "Salaries And Wages": NaN,
        "Gross Profit": 8015000000.0,
        "Cost Of Revenue": 11146000000.0,
        "Total Revenue": 19161000000.0,
        "Operating Revenue": 18517000000.0
    },
    "2025-12-31": {
        "Tax Effect Of Unusual Items": NaN,
        "Tax Rate For Calcs": NaN,
        "Normalized EBITDA": NaN,
        "Total Unusual Items": NaN,
        "Total Unusual Items Excluding Goodwill": NaN,
        "Net Income From Continuing Operation Net Minority Interest": NaN,
        "Reconciled Depreciation": NaN,
        "Reconciled Cost Of Revenue": NaN,
        "EBITDA": NaN,
        "EBIT": NaN,
        "Net Interest Income": NaN,
        "Interest Expense": NaN,
        "Normalized Income": NaN,
        "Net Income From Continuing And Discontinued Operation": NaN,
        "Total Expenses": NaN,
        "Diluted Average Shares": 230710000.0,
        "Basic Average Shares": 228193900.0,
        "Diluted EPS": 8.14,
        "Basic EPS": 8.229843,
        "Diluted NI Availto Com Stockholders": NaN,
        "Net Income Common Stockholders": NaN,
        "Net Income": NaN,
        "Minority Interests": NaN,
        "Net Income Including Noncontrolling Interests": NaN,
        "Net Income Continuous Operations": NaN,
        "Tax Provision": NaN,
        "Pretax Income": NaN,
        "Other Income Expense": NaN,
        "Special Income Charges": NaN,
        "Gain On Sale Of Business": NaN,
        "Earnings From Equity Interest": NaN,
        "Net Non Operating Interest Income Expense": NaN,
        "Interest Expense Non Operating": NaN,
        "Operating Income": NaN,
        "Operating Expense": NaN,
        "Other Operating Expenses": NaN,
        "Depreciation Amortization Depletion Income Statement": NaN,
        "Depreciation And Amortization In Income Statement": NaN,
        "Selling General And Administration": NaN,
        "General And Administrative Expense": NaN,
        "Salaries And Wages": NaN,
        "Gross Profit": NaN,
        "Cost Of Revenue": NaN,
        "Total Revenue": NaN,
        "Operating Revenue": NaN
    }
}