{
    "2023-03-31": {
        "Tax Effect Of Unusual Items": NaN,
        "Tax Rate For Calcs": NaN,
        "Normalized EBITDA": NaN,
        "Total Unusual Items": 12000.0,
        "Total Unusual Items Excluding Goodwill": 12000.0,
        "Net Income From Continuing Operation Net Minority Interest": NaN,
        "Reconciled Depreciation": NaN,
        "Reconciled Cost Of Revenue": NaN,
        "EBITDA": NaN,
        "EBIT": NaN,
        "Net Interest Income": NaN,
        "Interest Expense": NaN,
        "Normalized Income": NaN,
        "Net Income From Continuing And Discontinued Operation": NaN,
        "Total Expenses": NaN,
        "Total Operating Income As Reported": NaN,
        "Diluted Average Shares": NaN,
        "Basic Average Shares": NaN,
        "Diluted EPS": NaN,
        "Basic EPS": NaN,
        "Diluted NI Availto Com Stockholders": NaN,
        "Net Income Common Stockholders": NaN,
        "Net Income": NaN,
        "Net Income Including Noncontrolling Interests": NaN,
        "Net Income Continuous Operations": NaN,
        "Tax Provision": NaN,
        "Pretax Income": NaN,
        "Other Income Expense": 12000.0,
        "Other Non Operating Income Expenses": 12000.0,
        "Special Income Charges": 12000.0,
        "Other Special Charges": -12000.0,
        "Net Non Operating Interest Income Expense": NaN,
        "Interest Expense Non Operating": NaN,
        "Operating Income": NaN,
        "Operating Expense": NaN,
        "Depreciation Amortization Depletion Income Statement": NaN,
        "Depreciation And Amortization In Income Statement": NaN,
        "Research And Development": NaN,
        "Selling General And Administration": NaN,
        "Selling And Marketing Expense": NaN,
        "General And Administrative Expense": NaN,
        "Other Gand A": NaN,
        "Gross Profit": NaN,
        "Cost Of Revenue": NaN,
        "Total Revenue": NaN,
        "Operating Revenue": NaN
    },
    "2022-12-31": {
        "Tax Effect Of Unusual Items": NaN,
        "Tax Rate For Calcs": NaN,
        "Normalized EBITDA": NaN,
        "Total Unusual Items": -6000.0,
        "Total Unusual Items Excluding Goodwill": -6000.0,
        "Net Income From Continuing Operation Net Minority Interest": NaN,
        "Reconciled Depreciation": NaN,
        "Reconciled Cost Of Revenue": NaN,
        "EBITDA": NaN,
        "EBIT": NaN,
        "Net Interest Income": NaN,
        "Interest Expense": NaN,
        "Normalized Income": NaN,
        "Net Income From Continuing And Discontinued Operation": NaN,
        "Total Expenses": NaN,
        "Total Operating Income As Reported": NaN,
        "Diluted Average Shares": NaN,
        "Basic Average Shares": NaN,
        "Diluted EPS": NaN,
        "Basic EPS": NaN,
        "Diluted NI Availto Com Stockholders": NaN,
        "Net Income Common Stockholders": NaN,
        "Net Income": NaN,
        "Net Income Including Noncontrolling Interests": NaN,
        "Net Income Continuous Operations": NaN,
        "Tax Provision": NaN,
        "Pretax Income": NaN,
        "Other Income Expense": -6000.0,
        "Other Non Operating Income Expenses": NaN,
        "Special Income Charges": -6000.0,
        "Other Special Charges": 6000.0,
        "Net Non Operating Interest Income Expense": NaN,
        "Interest Expense Non Operating": NaN,
        "Operating Income": NaN,
        "Operating Expense": NaN,
        "Depreciation Amortization Depletion Income Statement": NaN,
        "Depreciation And Amortization In Income Statement": NaN,
        "Research And Development": NaN,
        "Selling General And Administration": NaN,
        "Selling And Marketing Expense": NaN,
        "General And Administrative Expense": NaN,
        "Other Gand A": NaN,
        "Gross Profit": NaN,
        "Cost Of Revenue": NaN,
        "Total Revenue": NaN,
        "Operating Revenue": NaN
    },
    "2022-09-30": {
        "Tax Effect Of Unusual Items": NaN,
        "Tax Rate For Calcs": NaN,
        "Normalized EBITDA": NaN,
        "Total Unusual Items": 0.0,
        "Total Unusual Items Excluding Goodwill": 0.0,
        "Net Income From Continuing Operation Net Minority Interest": NaN,
        "Reconciled Depreciation": NaN,
        "Reconciled Cost Of Revenue": NaN,
        "EBITDA": NaN,
        "EBIT": NaN,
        "Net Interest Income": NaN,
        "Interest Expense": NaN,
        "Normalized Income": NaN,
        "Net Income From Continuing And Discontinued Operation": NaN,
        "Total Expenses": NaN,
        "Total Operating Income As Reported": NaN,
        "Diluted Average Shares": 3602289.0,
        "Basic Average Shares": 3602289.0,
        "Diluted EPS": -0.64,
        "Basic EPS": -0.64,
        "Diluted NI Availto Com Stockholders": NaN,
        "Net Income Common Stockholders": NaN,
        "Net Income": NaN,
        "Net Income Including Noncontrolling Interests": NaN,
        "Net Income Continuous Operations": NaN,
        "Tax Provision": NaN,
        "Pretax Income": NaN,
        "Other Income Expense": NaN,
        "Other Non Operating Income Expenses": NaN,
        "Special Income Charges": 0.0,
        "Other Special Charges": NaN,
        "Net Non Operating Interest Income Expense": NaN,
        "Interest Expense Non Operating": NaN,
        "Operating Income": NaN,
        "Operating Expense": NaN,
        "Depreciation Amortization Depletion Income Statement": NaN,
        "Depreciation And Amortization In Income Statement": NaN,
        "Research And Development": NaN,
        "Selling General And Administration": NaN,
        "Selling And Marketing Expense": NaN,
        "General And Administrative Expense": NaN,
        "Other Gand A": NaN,
        "Gross Profit": NaN,
        "Cost Of Revenue": NaN,
        "Total Revenue": NaN,
        "Operating Revenue": NaN
    },
    "2022-06-30": {
        "Tax Effect Of Unusual Items": 0.0,
        "Tax Rate For Calcs": 0.0,
        "Normalized EBITDA": -589000.0,
        "Total Unusual Items": 1087000.0,
        "Total Unusual Items Excluding Goodwill": 1087000.0,
        "Net Income From Continuing Operation Net Minority Interest": -405000.0,
        "Reconciled Depreciation": 844000.0,
        "Reconciled Cost Of Revenue": 8429000.0,
        "EBITDA": 498000.0,
        "EBIT": -346000.0,
        "Net Interest Income": -58000.0,
        "Interest Expense": 58000.0,
        "Normalized Income": -1492000.0,
        "Net Income From Continuing And Discontinued Operation": -405000.0,
        "Total Expenses": 13021000.0,
        "Total Operating Income As Reported": -1433000.0,
        "Diluted Average Shares": 3548429.0,
        "Basic Average Shares": 3548429.0,
        "Diluted EPS": -0.11,
        "Basic EPS": -0.11,
        "Diluted NI Availto Com Stockholders": -405000.0,
        "Net Income Common Stockholders": -405000.0,
        "Net Income": -405000.0,
        "Net Income Including Noncontrolling Interests": -405000.0,
        "Net Income Continuous Operations": -405000.0,
        "Tax Provision": 1000.0,
        "Pretax Income": -404000.0,
        "Other Income Expense": 1087000.0,
        "Special Income Charges": 1087000.0,
        "Other Special Charges": -1087000.0,
        "Net Non Operating Interest Income Expense": -58000.0,
        "Interest Expense Non Operating": 58000.0,
        "Operating Income": -1433000.0,
        "Operating Expense": 4592000.0,
        "Depreciation Amortization Depletion Income Statement": 844000.0,
        "Depreciation And Amortization In Income Statement": 844000.0,
        "Research And Development": 646000.0,
        "Selling General And Administration": 3102000.0,
        "Selling And Marketing Expense": 1651000.0,
        "General And Administrative Expense": 1451000.0,
        "Other Gand A": 1451000.0,
        "Gross Profit": 3159000.0,
        "Cost Of Revenue": 8429000.0,
        "Total Revenue": 11588000.0,
        "Operating Revenue": 11588000.0
    },
    "2022-03-31": {
        "Diluted EPS": -0.57,
        "Total Revenue": 11,
        "Gross Profit": 3,
        "Operating Income": -2,
        "EBIT": -1,
        "Net Income": -2
    },
    "2021-12-31": {
        "Diluted EPS": -1.14,
        "Total Revenue": 9,
        "Gross Profit": 2,
        "Operating Income": -3,
        "EBIT": -3,
        "Net Income": -3
    },
    "2021-09-30": {
        "Diluted EPS": -0.7,
        "Total Revenue": 8,
        "Gross Profit": 3,
        "Operating Income": -2,
        "EBIT": -2,
        "Net Income": -2
    },
    "2021-06-30": {
        "Diluted EPS": 0.1,
        "Total Revenue": 10,
        "Gross Profit": 3,
        "Operating Income": 0,
        "EBIT": 1,
        "Net Income": 0
    },
    "2021-03-31": {
        "Diluted EPS": -0.28,
        "Total Revenue": 8,
        "Gross Profit": 2,
        "Operating Income": -1,
        "EBIT": -1,
        "Net Income": -1
    },
    "2020-12-31": {
        "Diluted EPS": 0.0,
        "Total Revenue": NaN,
        "Gross Profit": NaN,
        "Operating Income": NaN,
        "EBIT": NaN,
        "Net Income": NaN
    },
    "2020-09-30": {
        "Diluted EPS": 0.05,
        "Total Revenue": 7,
        "Gross Profit": 2,
        "Operating Income": 0,
        "EBIT": 0,
        "Net Income": 0
    },
    "2019-12-31": {
        "Diluted EPS": 0.0,
        "Total Revenue": NaN,
        "Gross Profit": NaN,
        "Operating Income": NaN,
        "EBIT": NaN,
        "Net Income": NaN
    },
    "2023-06-30": {
        "Tax Effect Of Unusual Items": NaN,
        "Tax Rate For Calcs": NaN,
        "Normalized EBITDA": NaN,
        "Total Unusual Items": 0.0,
        "Total Unusual Items Excluding Goodwill": 0.0,
        "Net Income From Continuing Operation Net Minority Interest": NaN,
        "Reconciled Depreciation": NaN,
        "Reconciled Cost Of Revenue": NaN,
        "EBITDA": NaN,
        "EBIT": NaN,
        "Net Interest Income": NaN,
        "Interest Expense": NaN,
        "Normalized Income": NaN,
        "Net Income From Continuing And Discontinued Operation": NaN,
        "Total Expenses": NaN,
        "Total Operating Income As Reported": NaN,
        "Diluted Average Shares": 4273142.0,
        "Basic Average Shares": 4273142.0,
        "Diluted EPS": -0.42,
        "Basic EPS": -0.42,
        "Diluted NI Availto Com Stockholders": NaN,
        "Net Income Common Stockholders": NaN,
        "Net Income": NaN,
        "Net Income Including Noncontrolling Interests": NaN,
        "Net Income Continuous Operations": NaN,
        "Tax Provision": NaN,
        "Pretax Income": NaN,
        "Other Income Expense": NaN,
        "Special Income Charges": 0.0,
        "Other Special Charges": NaN,
        "Net Non Operating Interest Income Expense": NaN,
        "Interest Expense Non Operating": NaN,
        "Operating Income": NaN,
        "Operating Expense": NaN,
        "Depreciation Amortization Depletion Income Statement": NaN,
        "Depreciation And Amortization In Income Statement": NaN,
        "Research And Development": NaN,
        "Selling General And Administration": NaN,
        "Selling And Marketing Expense": NaN,
        "General And Administrative Expense": NaN,
        "Other Gand A": NaN,
        "Gross Profit": NaN,
        "Cost Of Revenue": NaN,
        "Total Revenue": NaN,
        "Operating Revenue": NaN
    },
    "2023-09-30": {
        "Tax Effect Of Unusual Items": NaN,
        "Tax Rate For Calcs": NaN,
        "Normalized EBITDA": NaN,
        "Total Unusual Items": NaN,
        "Total Unusual Items Excluding Goodwill": NaN,
        "Net Income From Continuing Operation Net Minority Interest": NaN,
        "Reconciled Depreciation": NaN,
        "Reconciled Cost Of Revenue": NaN,
        "EBITDA": NaN,
        "EBIT": NaN,
        "Net Interest Income": NaN,
        "Interest Expense": NaN,
        "Normalized Income": NaN,
        "Net Income From Continuing And Discontinued Operation": NaN,
        "Total Expenses": NaN,
        "Total Operating Income As Reported": NaN,
        "Diluted Average Shares": 4277863.0,
        "Basic Average Shares": 4277863.0,
        "Diluted EPS": -0.45,
        "Basic EPS": -0.45,
        "Diluted NI Availto Com Stockholders": NaN,
        "Net Income Common Stockholders": NaN,
        "Net Income": NaN,
        "Net Income Including Noncontrolling Interests": NaN,
        "Net Income Continuous Operations": NaN,
        "Tax Provision": NaN,
        "Pretax Income": NaN,
        "Other Income Expense": NaN,
        "Special Income Charges": NaN,
        "Other Special Charges": NaN,
        "Net Non Operating Interest Income Expense": NaN,
        "Interest Expense Non Operating": NaN,
        "Operating Income": NaN,
        "Operating Expense": NaN,
        "Depreciation Amortization Depletion Income Statement": NaN,
        "Depreciation And Amortization In Income Statement": NaN,
        "Research And Development": NaN,
        "Selling General And Administration": NaN,
        "Selling And Marketing Expense": NaN,
        "General And Administrative Expense": NaN,
        "Other Gand A": NaN,
        "Gross Profit": NaN,
        "Cost Of Revenue": NaN,
        "Total Revenue": NaN,
        "Operating Revenue": NaN
    },
    "2023-12-31": {
        "Tax Effect Of Unusual Items": 0.0,
        "Tax Rate For Calcs": 0.21,
        "Normalized EBITDA": -176000.0,
        "Total Unusual Items": 0.0,
        "Total Unusual Items Excluding Goodwill": 0.0,
        "Net Income From Continuing Operation Net Minority Interest": -5332000.0,
        "Reconciled Depreciation": 4844000.0,
        "Reconciled Cost Of Revenue": 5530000.0,
        "EBITDA": -176000.0,
        "EBIT": -5020000.0,
        "Net Interest Income": -305000.0,
        "Interest Expense": 305000.0,
        "Normalized Income": -5332000.0,
        "Net Income From Continuing And Discontinued Operation": -5332000.0,
        "Total Expenses": 12080000.0,
        "Total Operating Income As Reported": -5020000.0,
        "Diluted Average Shares": NaN,
        "Basic Average Shares": NaN,
        "Diluted EPS": NaN,
        "Basic EPS": NaN,
        "Diluted NI Availto Com Stockholders": -5332000.0,
        "Net Income Common Stockholders": -5332000.0,
        "Net Income": -5332000.0,
        "Net Income Including Noncontrolling Interests": -5332000.0,
        "Net Income Continuous Operations": -5332000.0,
        "Tax Provision": 7000.0,
        "Pretax Income": -5325000.0,
        "Other Income Expense": 0.0,
        "Special Income Charges": 0.0,
        "Other Special Charges": 0.0,
        "Net Non Operating Interest Income Expense": -305000.0,
        "Interest Expense Non Operating": 305000.0,
        "Operating Income": -5020000.0,
        "Operating Expense": 6550000.0,
        "Depreciation Amortization Depletion Income Statement": 4844000.0,
        "Depreciation And Amortization In Income Statement": 4844000.0,
        "Research And Development": 104000.0,
        "Selling General And Administration": 1602000.0,
        "Selling And Marketing Expense": 782000.0,
        "General And Administrative Expense": 820000.0,
        "Other Gand A": 820000.0,
        "Gross Profit": 1530000.0,
        "Cost Of Revenue": 5530000.0,
        "Total Revenue": 7060000.0,
        "Operating Revenue": 7060000.0
    },
    "2024-03-31": {
        "Tax Effect Of Unusual Items": 0.0,
        "Tax Rate For Calcs": 0.0,
        "Normalized EBITDA": -1172000.0,
        "Total Unusual Items": NaN,
        "Total Unusual Items Excluding Goodwill": NaN,
        "Net Income From Continuing Operation Net Minority Interest": -1862000.0,
        "Reconciled Depreciation": 346000.0,
        "Reconciled Cost Of Revenue": 3285000.0,
        "EBITDA": -1172000.0,
        "EBIT": -1708000.0,
        "Net Interest Income": -149000.0,
        "Interest Expense": 149000.0,
        "Normalized Income": -1862000.0,
        "Net Income From Continuing And Discontinued Operation": -1862000.0,
        "Total Expenses": 5817000.0,
        "Total Operating Income As Reported": -1708000.0,
        "Diluted Average Shares": 4455245.0,
        "Basic Average Shares": 4455245.0,
        "Diluted EPS": -0.42,
        "Basic EPS": -0.42,
        "Diluted NI Availto Com Stockholders": -1862000.0,
        "Net Income Common Stockholders": -1862000.0,
        "Net Income": -1862000.0,
        "Net Income Including Noncontrolling Interests": -1862000.0,
        "Net Income Continuous Operations": -1862000.0,
        "Tax Provision": 5000.0,
        "Pretax Income": -1857000.0,
        "Other Income Expense": NaN,
        "Special Income Charges": NaN,
        "Other Special Charges": NaN,
        "Net Non Operating Interest Income Expense": -149000.0,
        "Interest Expense Non Operating": 149000.0,
        "Operating Income": -1708000.0,
        "Operating Expense": 2722000.0,
        "Depreciation Amortization Depletion Income Statement": 536000.0,
        "Depreciation And Amortization In Income Statement": 536000.0,
        "Research And Development": 127000.0,
        "Selling General And Administration": 2059000.0,
        "Selling And Marketing Expense": 883000.0,
        "General And Administrative Expense": 1176000.0,
        "Other Gand A": 1176000.0,
        "Gross Profit": 1014000.0,
        "Cost Of Revenue": 3095000.0,
        "Total Revenue": 4109000.0,
        "Operating Revenue": 4109000.0
    },
    "2024-06-30": {
        "Tax Effect Of Unusual Items": 0.0,
        "Tax Rate For Calcs": 0.0,
        "Normalized EBITDA": -844000.0,
        "Total Unusual Items": NaN,
        "Total Unusual Items Excluding Goodwill": NaN,
        "Net Income From Continuing Operation Net Minority Interest": -1510000.0,
        "Reconciled Depreciation": 345000.0,
        "Reconciled Cost Of Revenue": 2275000.0,
        "EBITDA": -844000.0,
        "EBIT": -1378000.0,
        "Net Interest Income": -131000.0,
        "Interest Expense": 131000.0,
        "Normalized Income": -1510000.0,
        "Net Income From Continuing And Discontinued Operation": -1510000.0,
        "Total Expenses": 4362000.0,
        "Total Operating Income As Reported": -1378000.0,
        "Diluted Average Shares": 5316376.0,
        "Basic Average Shares": 5316376.0,
        "Diluted EPS": -0.28,
        "Basic EPS": -0.28,
        "Diluted NI Availto Com Stockholders": -1510000.0,
        "Net Income Common Stockholders": -1510000.0,
        "Net Income": -1510000.0,
        "Net Income Including Noncontrolling Interests": -1510000.0,
        "Net Income Continuous Operations": -1510000.0,
        "Tax Provision": 1000.0,
        "Pretax Income": -1509000.0,
        "Other Income Expense": NaN,
        "Special Income Charges": NaN,
        "Other Special Charges": NaN,
        "Net Non Operating Interest Income Expense": -131000.0,
        "Interest Expense Non Operating": 131000.0,
        "Operating Income": -1378000.0,
        "Operating Expense": 2276000.0,
        "Depreciation Amortization Depletion Income Statement": 534000.0,
        "Depreciation And Amortization In Income Statement": 534000.0,
        "Research And Development": 207000.0,
        "Selling General And Administration": 1535000.0,
        "Selling And Marketing Expense": 631000.0,
        "General And Administrative Expense": 904000.0,
        "Other Gand A": 904000.0,
        "Gross Profit": 898000.0,
        "Cost Of Revenue": 2086000.0,
        "Total Revenue": 2984000.0,
        "Operating Revenue": 2984000.0
    },
    "2024-09-30": {
        "Tax Effect Of Unusual Items": 0.0,
        "Tax Rate For Calcs": 0.0,
        "Normalized EBITDA": -824000.0,
        "Total Unusual Items": NaN,
        "Total Unusual Items Excluding Goodwill": NaN,
        "Net Income From Continuing Operation Net Minority Interest": -1249000.0,
        "Reconciled Depreciation": 343000.0,
        "Reconciled Cost Of Revenue": 1691000.0,
        "EBITDA": -824000.0,
        "EBIT": -1167000.0,
        "Net Interest Income": -80000.0,
        "Interest Expense": 80000.0,
        "Normalized Income": -1249000.0,
        "Net Income From Continuing And Discontinued Operation": -1249000.0,
        "Total Expenses": 3580000.0,
        "Total Operating Income As Reported": -1167000.0,
        "Diluted Average Shares": 5666238.0,
        "Basic Average Shares": 5666238.0,
        "Diluted EPS": -0.22,
        "Basic EPS": -0.22,
        "Diluted NI Availto Com Stockholders": -1249000.0,
        "Net Income Common Stockholders": -1249000.0,
        "Net Income": -1249000.0,
        "Net Income Including Noncontrolling Interests": -1249000.0,
        "Net Income Continuous Operations": -1249000.0,
        "Tax Provision": 2000.0,
        "Pretax Income": -1247000.0,
        "Other Income Expense": NaN,
        "Special Income Charges": NaN,
        "Other Special Charges": NaN,
        "Net Non Operating Interest Income Expense": -80000.0,
        "Interest Expense Non Operating": 80000.0,
        "Operating Income": -1167000.0,
        "Operating Expense": 1889000.0,
        "Depreciation Amortization Depletion Income Statement": 343000.0,
        "Depreciation And Amortization In Income Statement": 343000.0,
        "Research And Development": 175000.0,
        "Selling General And Administration": 1371000.0,
        "Selling And Marketing Expense": 294000.0,
        "General And Administrative Expense": 1077000.0,
        "Other Gand A": 1077000.0,
        "Gross Profit": 722000.0,
        "Cost Of Revenue": 1691000.0,
        "Total Revenue": 2413000.0,
        "Operating Revenue": 2413000.0
    },
    "2024-12-31": {
        "Tax Effect Of Unusual Items": 0.0,
        "Tax Rate For Calcs": 0.21,
        "Normalized EBITDA": -636000.0,
        "Total Unusual Items": NaN,
        "Total Unusual Items Excluding Goodwill": NaN,
        "Net Income From Continuing Operation Net Minority Interest": -1348000.0,
        "Reconciled Depreciation": -145000.0,
        "Reconciled Cost Of Revenue": 1555000.0,
        "EBITDA": -636000.0,
        "EBIT": -491000.0,
        "Net Interest Income": -853000.0,
        "Interest Expense": 853000.0,
        "Normalized Income": -1348000.0,
        "Net Income From Continuing And Discontinued Operation": -1348000.0,
        "Total Expenses": 2518000.0,
        "Total Operating Income As Reported": -498000.0,
        "Diluted Average Shares": NaN,
        "Basic Average Shares": NaN,
        "Diluted EPS": NaN,
        "Basic EPS": NaN,
        "Diluted NI Availto Com Stockholders": -1348000.0,
        "Net Income Common Stockholders": -1348000.0,
        "Net Income": -1348000.0,
        "Net Income Including Noncontrolling Interests": -1348000.0,
        "Net Income Continuous Operations": -1348000.0,
        "Tax Provision": 4000.0,
        "Pretax Income": -1344000.0,
        "Other Income Expense": NaN,
        "Special Income Charges": NaN,
        "Other Special Charges": NaN,
        "Net Non Operating Interest Income Expense": -853000.0,
        "Interest Expense Non Operating": 853000.0,
        "Operating Income": -328000.0,
        "Operating Expense": 584000.0,
        "Depreciation Amortization Depletion Income Statement": -524000.0,
        "Depreciation And Amortization In Income Statement": -524000.0,
        "Research And Development": -80000.0,
        "Selling General And Administration": 1188000.0,
        "Selling And Marketing Expense": 395000.0,
        "General And Administrative Expense": 793000.0,
        "Other Gand A": 793000.0,
        "Gross Profit": 256000.0,
        "Cost Of Revenue": 1934000.0,
        "Total Revenue": 2190000.0,
        "Operating Revenue": 2190000.0
    }
}