{
    "2023-03-31": {
        "Tax Effect Of Unusual Items": NaN,
        "Tax Rate For Calcs": NaN,
        "Normalized EBITDA": NaN,
        "Total Unusual Items": NaN,
        "Total Unusual Items Excluding Goodwill": NaN,
        "Net Income From Continuing Operation Net Minority Interest": NaN,
        "Reconciled Depreciation": NaN,
        "Reconciled Cost Of Revenue": NaN,
        "EBITDA": NaN,
        "EBIT": NaN,
        "Net Interest Income": NaN,
        "Interest Expense": NaN,
        "Interest Income": NaN,
        "Normalized Income": NaN,
        "Net Income From Continuing And Discontinued Operation": NaN,
        "Total Expenses": NaN,
        "Total Operating Income As Reported": NaN,
        "Diluted Average Shares": NaN,
        "Basic Average Shares": NaN,
        "Diluted EPS": NaN,
        "Basic EPS": NaN,
        "Diluted NI Availto Com Stockholders": NaN,
        "Net Income Common Stockholders": NaN,
        "Preferred Stock Dividends": NaN,
        "Net Income": NaN,
        "Net Income Including Noncontrolling Interests": NaN,
        "Net Income Continuous Operations": NaN,
        "Tax Provision": NaN,
        "Pretax Income": NaN,
        "Other Income Expense": NaN,
        "Other Non Operating Income Expenses": NaN,
        "Special Income Charges": NaN,
        "Gain On Sale Of Business": 0.0,
        "Other Special Charges": NaN,
        "Net Non Operating Interest Income Expense": NaN,
        "Interest Expense Non Operating": NaN,
        "Interest Income Non Operating": NaN,
        "Operating Income": NaN,
        "Operating Expense": -1131000.0,
        "Other Operating Expenses": -1131000.0,
        "Selling General And Administration": -1152000.0,
        "General And Administrative Expense": -1152000.0,
        "Salaries And Wages": -1152000.0,
        "Gross Profit": NaN,
        "Cost Of Revenue": NaN,
        "Total Revenue": NaN,
        "Operating Revenue": NaN
    },
    "2022-12-31": {
        "Tax Effect Of Unusual Items": NaN,
        "Tax Rate For Calcs": NaN,
        "Normalized EBITDA": NaN,
        "Total Unusual Items": NaN,
        "Total Unusual Items Excluding Goodwill": NaN,
        "Net Income From Continuing Operation Net Minority Interest": NaN,
        "Reconciled Depreciation": NaN,
        "Reconciled Cost Of Revenue": NaN,
        "EBITDA": NaN,
        "EBIT": NaN,
        "Net Interest Income": NaN,
        "Interest Expense": NaN,
        "Interest Income": NaN,
        "Normalized Income": NaN,
        "Net Income From Continuing And Discontinued Operation": NaN,
        "Total Expenses": NaN,
        "Total Operating Income As Reported": NaN,
        "Diluted Average Shares": NaN,
        "Basic Average Shares": NaN,
        "Diluted EPS": NaN,
        "Basic EPS": NaN,
        "Diluted NI Availto Com Stockholders": NaN,
        "Net Income Common Stockholders": NaN,
        "Preferred Stock Dividends": NaN,
        "Net Income": NaN,
        "Net Income Including Noncontrolling Interests": NaN,
        "Net Income Continuous Operations": NaN,
        "Tax Provision": NaN,
        "Pretax Income": NaN,
        "Other Income Expense": NaN,
        "Other Non Operating Income Expenses": NaN,
        "Special Income Charges": NaN,
        "Gain On Sale Of Business": 0.0,
        "Other Special Charges": NaN,
        "Gain On Sale Of Security": 0.0,
        "Net Non Operating Interest Income Expense": NaN,
        "Interest Expense Non Operating": NaN,
        "Interest Income Non Operating": NaN,
        "Operating Income": NaN,
        "Operating Expense": NaN,
        "Other Operating Expenses": NaN,
        "Selling General And Administration": -883000.0,
        "General And Administrative Expense": -883000.0,
        "Salaries And Wages": -883000.0,
        "Gross Profit": NaN,
        "Cost Of Revenue": NaN,
        "Total Revenue": NaN,
        "Operating Revenue": NaN
    },
    "2022-09-30": {
        "Tax Effect Of Unusual Items": NaN,
        "Tax Rate For Calcs": NaN,
        "Normalized EBITDA": NaN,
        "Total Unusual Items": NaN,
        "Total Unusual Items Excluding Goodwill": NaN,
        "Net Income From Continuing Operation Net Minority Interest": NaN,
        "Reconciled Depreciation": NaN,
        "Reconciled Cost Of Revenue": NaN,
        "EBITDA": NaN,
        "EBIT": NaN,
        "Net Interest Income": NaN,
        "Interest Expense": NaN,
        "Interest Income": NaN,
        "Normalized Income": NaN,
        "Net Income From Continuing And Discontinued Operation": NaN,
        "Total Expenses": NaN,
        "Total Operating Income As Reported": NaN,
        "Diluted Average Shares": NaN,
        "Basic Average Shares": NaN,
        "Diluted EPS": NaN,
        "Basic EPS": NaN,
        "Diluted NI Availto Com Stockholders": NaN,
        "Net Income Common Stockholders": NaN,
        "Preferred Stock Dividends": NaN,
        "Net Income": NaN,
        "Net Income Including Noncontrolling Interests": NaN,
        "Net Income Continuous Operations": NaN,
        "Tax Provision": NaN,
        "Pretax Income": NaN,
        "Other Income Expense": NaN,
        "Other Non Operating Income Expenses": NaN,
        "Special Income Charges": NaN,
        "Gain On Sale Of Business": 0.0,
        "Other Special Charges": NaN,
        "Gain On Sale Of Security": NaN,
        "Net Non Operating Interest Income Expense": NaN,
        "Interest Expense Non Operating": NaN,
        "Interest Income Non Operating": NaN,
        "Operating Income": NaN,
        "Operating Expense": NaN,
        "Other Operating Expenses": NaN,
        "Selling General And Administration": NaN,
        "General And Administrative Expense": NaN,
        "Salaries And Wages": NaN,
        "Gross Profit": NaN,
        "Cost Of Revenue": NaN,
        "Total Revenue": NaN,
        "Operating Revenue": NaN
    },
    "2022-06-30": {
        "Tax Effect Of Unusual Items": 494000.0,
        "Tax Rate For Calcs": 0.2,
        "Normalized EBITDA": 160745000.0,
        "Total Unusual Items": 2470000.0,
        "Total Unusual Items Excluding Goodwill": 2470000.0,
        "Net Income From Continuing Operation Net Minority Interest": 53014000.0,
        "Reconciled Depreciation": 72831000.0,
        "Reconciled Cost Of Revenue": 808939000.0,
        "EBITDA": 163215000.0,
        "EBIT": 90384000.0,
        "Net Interest Income": -24167000.0,
        "Interest Expense": 24167000.0,
        "Normalized Income": 51038000.0,
        "Net Income From Continuing And Discontinued Operation": 53014000.0,
        "Total Expenses": 808939000.0,
        "Total Operating Income As Reported": 86668000.0,
        "Diluted Average Shares": 109662000.0,
        "Basic Average Shares": 109432000.0,
        "Diluted EPS": 0.48,
        "Basic EPS": 0.48,
        "Diluted NI Availto Com Stockholders": 52541000.0,
        "Net Income Common Stockholders": 52541000.0,
        "Preferred Stock Dividends": 473000.0,
        "Net Income": 53014000.0,
        "Net Income Including Noncontrolling Interests": 53014000.0,
        "Net Income Continuous Operations": 53014000.0,
        "Tax Provision": 13203000.0,
        "Pretax Income": 66217000.0,
        "Other Income Expense": 3716000.0,
        "Other Non Operating Income Expenses": 1246000.0,
        "Special Income Charges": 2470000.0,
        "Gain On Sale Of Business": 0.0,
        "Other Special Charges": -2470000.0,
        "Gain On Sale Of Security": NaN,
        "Net Non Operating Interest Income Expense": -24167000.0,
        "Interest Expense Non Operating": 24167000.0,
        "Operating Income": 86668000.0,
        "Operating Expense": -3716000.0,
        "Other Operating Expenses": -2470000.0,
        "Selling General And Administration": -1246000.0,
        "General And Administrative Expense": -1246000.0,
        "Salaries And Wages": -1246000.0,
        "Gross Profit": 86668000.0,
        "Cost Of Revenue": 808939000.0,
        "Total Revenue": 895607000.0,
        "Operating Revenue": 894197000.0
    },
    "2023-06-30": {
        "Tax Effect Of Unusual Items": NaN,
        "Tax Rate For Calcs": NaN,
        "Normalized EBITDA": NaN,
        "Total Unusual Items": NaN,
        "Total Unusual Items Excluding Goodwill": NaN,
        "Net Income From Continuing Operation Net Minority Interest": NaN,
        "Reconciled Depreciation": NaN,
        "Reconciled Cost Of Revenue": NaN,
        "EBITDA": NaN,
        "EBIT": NaN,
        "Net Interest Income": NaN,
        "Interest Expense": NaN,
        "Interest Income": NaN,
        "Normalized Income": NaN,
        "Net Income From Continuing And Discontinued Operation": NaN,
        "Total Expenses": NaN,
        "Total Operating Income As Reported": NaN,
        "Diluted Average Shares": NaN,
        "Basic Average Shares": NaN,
        "Diluted EPS": NaN,
        "Basic EPS": NaN,
        "Diluted NI Availto Com Stockholders": NaN,
        "Net Income Common Stockholders": NaN,
        "Preferred Stock Dividends": NaN,
        "Net Income": NaN,
        "Net Income Including Noncontrolling Interests": NaN,
        "Net Income Continuous Operations": NaN,
        "Tax Provision": NaN,
        "Pretax Income": NaN,
        "Other Income Expense": NaN,
        "Other Non Operating Income Expenses": NaN,
        "Special Income Charges": NaN,
        "Gain On Sale Of Business": 0.0,
        "Other Special Charges": NaN,
        "Net Non Operating Interest Income Expense": NaN,
        "Interest Expense Non Operating": NaN,
        "Interest Income Non Operating": NaN,
        "Operating Income": NaN,
        "Operating Expense": -3772000.0,
        "Other Operating Expenses": -3772000.0,
        "Selling General And Administration": -1153000.0,
        "General And Administrative Expense": -1153000.0,
        "Salaries And Wages": -1153000.0,
        "Gross Profit": NaN,
        "Cost Of Revenue": NaN,
        "Total Revenue": NaN,
        "Operating Revenue": NaN
    },
    "2023-09-30": {
        "Tax Effect Of Unusual Items": NaN,
        "Tax Rate For Calcs": NaN,
        "Normalized EBITDA": NaN,
        "Total Unusual Items": NaN,
        "Total Unusual Items Excluding Goodwill": NaN,
        "Net Income From Continuing Operation Net Minority Interest": NaN,
        "Reconciled Depreciation": NaN,
        "Reconciled Cost Of Revenue": NaN,
        "EBITDA": NaN,
        "EBIT": NaN,
        "Net Interest Income": NaN,
        "Interest Expense": NaN,
        "Interest Income": NaN,
        "Normalized Income": NaN,
        "Net Income From Continuing And Discontinued Operation": NaN,
        "Total Expenses": NaN,
        "Total Operating Income As Reported": NaN,
        "Diluted Average Shares": NaN,
        "Basic Average Shares": NaN,
        "Diluted EPS": NaN,
        "Basic EPS": NaN,
        "Diluted NI Availto Com Stockholders": NaN,
        "Net Income Common Stockholders": NaN,
        "Preferred Stock Dividends": NaN,
        "Net Income": NaN,
        "Net Income Including Noncontrolling Interests": NaN,
        "Net Income Discontinuous Operations": NaN,
        "Net Income Continuous Operations": NaN,
        "Tax Provision": NaN,
        "Pretax Income": NaN,
        "Other Income Expense": NaN,
        "Other Non Operating Income Expenses": NaN,
        "Special Income Charges": NaN,
        "Gain On Sale Of Business": 0.0,
        "Other Special Charges": NaN,
        "Net Non Operating Interest Income Expense": NaN,
        "Interest Expense Non Operating": NaN,
        "Interest Income Non Operating": NaN,
        "Operating Income": NaN,
        "Operating Expense": -4000000.0,
        "Other Operating Expenses": -4000000.0,
        "Selling General And Administration": -1256000.0,
        "General And Administrative Expense": -1256000.0,
        "Salaries And Wages": -1256000.0,
        "Gross Profit": NaN,
        "Cost Of Revenue": NaN,
        "Total Revenue": NaN,
        "Operating Revenue": NaN
    },
    "2023-12-31": {
        "Tax Effect Of Unusual Items": NaN,
        "Tax Rate For Calcs": NaN,
        "Normalized EBITDA": NaN,
        "Total Unusual Items": NaN,
        "Total Unusual Items Excluding Goodwill": NaN,
        "Net Income From Continuing Operation Net Minority Interest": NaN,
        "Reconciled Depreciation": NaN,
        "Reconciled Cost Of Revenue": NaN,
        "EBITDA": NaN,
        "EBIT": NaN,
        "Net Interest Income": NaN,
        "Interest Expense": NaN,
        "Interest Income": NaN,
        "Normalized Income": NaN,
        "Net Income From Continuing And Discontinued Operation": NaN,
        "Total Expenses": NaN,
        "Total Operating Income As Reported": NaN,
        "Diluted Average Shares": NaN,
        "Basic Average Shares": NaN,
        "Diluted EPS": NaN,
        "Basic EPS": NaN,
        "Diluted NI Availto Com Stockholders": NaN,
        "Net Income Common Stockholders": NaN,
        "Preferred Stock Dividends": NaN,
        "Net Income": NaN,
        "Net Income Including Noncontrolling Interests": NaN,
        "Net Income Discontinuous Operations": NaN,
        "Net Income Continuous Operations": NaN,
        "Tax Provision": NaN,
        "Pretax Income": NaN,
        "Other Income Expense": NaN,
        "Other Non Operating Income Expenses": NaN,
        "Special Income Charges": NaN,
        "Gain On Sale Of Business": NaN,
        "Other Special Charges": NaN,
        "Net Non Operating Interest Income Expense": NaN,
        "Interest Expense Non Operating": NaN,
        "Interest Income Non Operating": NaN,
        "Operating Income": NaN,
        "Operating Expense": -4091000.0,
        "Other Operating Expenses": -4091000.0,
        "Selling General And Administration": -1207000.0,
        "General And Administrative Expense": -1207000.0,
        "Salaries And Wages": -1207000.0,
        "Gross Profit": NaN,
        "Cost Of Revenue": NaN,
        "Total Revenue": NaN,
        "Operating Revenue": NaN
    },
    "2024-03-31": {
        "Tax Effect Of Unusual Items": NaN,
        "Tax Rate For Calcs": NaN,
        "Normalized EBITDA": NaN,
        "Total Unusual Items": NaN,
        "Total Unusual Items Excluding Goodwill": NaN,
        "Net Income From Continuing Operation Net Minority Interest": NaN,
        "Reconciled Depreciation": NaN,
        "Reconciled Cost Of Revenue": NaN,
        "EBITDA": NaN,
        "EBIT": NaN,
        "Net Interest Income": NaN,
        "Interest Expense": NaN,
        "Interest Income": NaN,
        "Normalized Income": NaN,
        "Net Income From Continuing And Discontinued Operation": NaN,
        "Total Expenses": NaN,
        "Total Operating Income As Reported": NaN,
        "Diluted Average Shares": NaN,
        "Basic Average Shares": NaN,
        "Diluted EPS": NaN,
        "Basic EPS": NaN,
        "Diluted NI Availto Com Stockholders": NaN,
        "Net Income Common Stockholders": NaN,
        "Preferred Stock Dividends": NaN,
        "Net Income": NaN,
        "Net Income Including Noncontrolling Interests": NaN,
        "Net Income Discontinuous Operations": 20934000.0,
        "Net Income Continuous Operations": NaN,
        "Tax Provision": NaN,
        "Pretax Income": NaN,
        "Other Income Expense": NaN,
        "Other Non Operating Income Expenses": NaN,
        "Special Income Charges": NaN,
        "Gain On Sale Of Business": 0.0,
        "Other Special Charges": NaN,
        "Net Non Operating Interest Income Expense": NaN,
        "Interest Expense Non Operating": NaN,
        "Interest Income Non Operating": NaN,
        "Operating Income": NaN,
        "Operating Expense": -1386000.0,
        "Other Operating Expenses": -1386000.0,
        "Selling General And Administration": NaN,
        "General And Administrative Expense": NaN,
        "Salaries And Wages": NaN,
        "Gross Profit": NaN,
        "Cost Of Revenue": NaN,
        "Total Revenue": NaN,
        "Operating Revenue": NaN
    },
    "2024-06-30": {
        "Tax Effect Of Unusual Items": 867360.0,
        "Tax Rate For Calcs": 0.26,
        "Normalized EBITDA": -1590377000.0,
        "Total Unusual Items": 3336000.0,
        "Total Unusual Items Excluding Goodwill": 3336000.0,
        "Net Income From Continuing Operation Net Minority Interest": -1249224000.0,
        "Reconciled Depreciation": 67077000.0,
        "Reconciled Cost Of Revenue": 2457006000.0,
        "EBITDA": -1587041000.0,
        "EBIT": -1654118000.0,
        "Net Interest Income": -27922000.0,
        "Interest Expense": 31056000.0,
        "Interest Income": 3134000.0,
        "Normalized Income": -1251692640.0,
        "Net Income From Continuing And Discontinued Operation": -1295011000.0,
        "Total Expenses": 2457006000.0,
        "Total Operating Income As Reported": -1661589000.0,
        "Diluted Average Shares": 110303000.0,
        "Basic Average Shares": 110303000.0,
        "Diluted EPS": -11.74,
        "Basic EPS": -11.74,
        "Diluted NI Availto Com Stockholders": -1295484000.0,
        "Net Income Common Stockholders": -1295484000.0,
        "Preferred Stock Dividends": 473000.0,
        "Net Income": -1295011000.0,
        "Net Income Including Noncontrolling Interests": -1295011000.0,
        "Net Income Discontinuous Operations": -45787000.0,
        "Net Income Continuous Operations": -1249224000.0,
        "Tax Provision": -435950000.0,
        "Pretax Income": -1685174000.0,
        "Other Income Expense": 4337000.0,
        "Other Non Operating Income Expenses": 1001000.0,
        "Special Income Charges": 3336000.0,
        "Gain On Sale Of Business": 0.0,
        "Other Special Charges": -3336000.0,
        "Net Non Operating Interest Income Expense": -27922000.0,
        "Interest Expense Non Operating": 31056000.0,
        "Interest Income Non Operating": 3134000.0,
        "Operating Income": -1661589000.0,
        "Operating Expense": NaN,
        "Other Operating Expenses": NaN,
        "Selling General And Administration": NaN,
        "General And Administrative Expense": NaN,
        "Salaries And Wages": NaN,
        "Gross Profit": -1661589000.0,
        "Cost Of Revenue": 2457006000.0,
        "Total Revenue": 795417000.0,
        "Operating Revenue": 792331000.0
    },
    "2024-09-30": {
        "Tax Effect Of Unusual Items": 1001781.765549,
        "Tax Rate For Calcs": 0.30357,
        "Normalized EBITDA": -51232000.0,
        "Total Unusual Items": 3300000.0,
        "Total Unusual Items Excluding Goodwill": 3300000.0,
        "Net Income From Continuing Operation Net Minority Interest": -103931000.0,
        "Reconciled Depreciation": 70548000.0,
        "Reconciled Cost Of Revenue": 1064931000.0,
        "EBITDA": -47932000.0,
        "EBIT": -118480000.0,
        "Net Interest Income": -27092000.0,
        "Interest Expense": 30754000.0,
        "Interest Income": 3662000.0,
        "Normalized Income": -106229218.234451,
        "Net Income From Continuing And Discontinued Operation": -103931000.0,
        "Total Expenses": 1064931000.0,
        "Total Operating Income As Reported": -126548000.0,
        "Diluted Average Shares": 114358000.0,
        "Basic Average Shares": 114358000.0,
        "Diluted EPS": -0.91,
        "Basic EPS": -0.91,
        "Diluted NI Availto Com Stockholders": -104402000.0,
        "Net Income Common Stockholders": -104402000.0,
        "Preferred Stock Dividends": 471000.0,
        "Net Income": -103931000.0,
        "Net Income Including Noncontrolling Interests": -103931000.0,
        "Net Income Discontinuous Operations": NaN,
        "Net Income Continuous Operations": -103931000.0,
        "Tax Provision": -45303000.0,
        "Pretax Income": -149234000.0,
        "Other Income Expense": 4406000.0,
        "Other Non Operating Income Expenses": 1106000.0,
        "Special Income Charges": 3300000.0,
        "Gain On Sale Of Business": NaN,
        "Other Special Charges": -3300000.0,
        "Net Non Operating Interest Income Expense": -27092000.0,
        "Interest Expense Non Operating": 30754000.0,
        "Interest Income Non Operating": 3662000.0,
        "Operating Income": -126548000.0,
        "Operating Expense": NaN,
        "Other Operating Expenses": NaN,
        "Selling General And Administration": NaN,
        "General And Administrative Expense": NaN,
        "Salaries And Wages": NaN,
        "Gross Profit": -126548000.0,
        "Cost Of Revenue": 1064931000.0,
        "Total Revenue": 938383000.0,
        "Operating Revenue": 934761000.0
    },
    "2024-12-31": {
        "Tax Effect Of Unusual Items": 763972.836802,
        "Tax Rate For Calcs": 0.217656,
        "Normalized EBITDA": 143578000.0,
        "Total Unusual Items": 3510000.0,
        "Total Unusual Items Excluding Goodwill": 3510000.0,
        "Net Income From Continuing Operation Net Minority Interest": 35714000.0,
        "Reconciled Depreciation": 71716000.0,
        "Reconciled Cost Of Revenue": 424605000.0,
        "EBITDA": 147088000.0,
        "EBIT": 75372000.0,
        "Net Interest Income": -20289000.0,
        "Interest Expense": 29722000.0,
        "Interest Income": 9433000.0,
        "Normalized Income": 32967972.836802,
        "Net Income From Continuing And Discontinued Operation": -67772000.0,
        "Total Expenses": 424605000.0,
        "Total Operating Income As Reported": 62344000.0,
        "Diluted Average Shares": 172466000.0,
        "Basic Average Shares": 172466000.0,
        "Diluted EPS": -0.4,
        "Basic EPS": -0.4,
        "Diluted NI Availto Com Stockholders": -68245000.0,
        "Net Income Common Stockholders": -68245000.0,
        "Preferred Stock Dividends": 473000.0,
        "Net Income": -67772000.0,
        "Net Income Including Noncontrolling Interests": -67772000.0,
        "Net Income Discontinuous Operations": NaN,
        "Net Income Continuous Operations": 35714000.0,
        "Tax Provision": 9936000.0,
        "Pretax Income": 45650000.0,
        "Other Income Expense": 3595000.0,
        "Other Non Operating Income Expenses": 85000.0,
        "Special Income Charges": 3510000.0,
        "Gain On Sale Of Business": NaN,
        "Other Special Charges": -3510000.0,
        "Net Non Operating Interest Income Expense": -20289000.0,
        "Interest Expense Non Operating": 29722000.0,
        "Interest Income Non Operating": 9433000.0,
        "Operating Income": 62344000.0,
        "Operating Expense": NaN,
        "Other Operating Expenses": NaN,
        "Selling General And Administration": NaN,
        "General And Administrative Expense": NaN,
        "Salaries And Wages": NaN,
        "Gross Profit": 62344000.0,
        "Cost Of Revenue": 424605000.0,
        "Total Revenue": 486949000.0,
        "Operating Revenue": 483943000.0
    },
    "2025-03-31": {
        "Tax Effect Of Unusual Items": -1828940.0,
        "Tax Rate For Calcs": 0.19,
        "Normalized EBITDA": 152522000.0,
        "Total Unusual Items": -9626000.0,
        "Total Unusual Items Excluding Goodwill": -9626000.0,
        "Net Income From Continuing Operation Net Minority Interest": 27144000.0,
        "Reconciled Depreciation": 76562000.0,
        "Reconciled Cost Of Revenue": 681650000.0,
        "EBITDA": 142896000.0,
        "EBIT": 66334000.0,
        "Net Interest Income": -20172000.0,
        "Interest Expense": 32795000.0,
        "Interest Income": 12623000.0,
        "Normalized Income": 34941060.0,
        "Net Income From Continuing And Discontinued Operation": 27144000.0,
        "Total Expenses": 681650000.0,
        "Total Operating Income As Reported": 62420000.0,
        "Diluted Average Shares": 172812000.0,
        "Basic Average Shares": 172478000.0,
        "Diluted EPS": 0.15,
        "Basic EPS": 0.15,
        "Diluted NI Availto Com Stockholders": 26671000.0,
        "Net Income Common Stockholders": 26671000.0,
        "Preferred Stock Dividends": 473000.0,
        "Net Income": 27144000.0,
        "Net Income Including Noncontrolling Interests": 27144000.0,
        "Net Income Discontinuous Operations": 0.0,
        "Net Income Continuous Operations": 27144000.0,
        "Tax Provision": 6395000.0,
        "Pretax Income": 33539000.0,
        "Other Income Expense": -8709000.0,
        "Other Non Operating Income Expenses": 917000.0,
        "Special Income Charges": -9626000.0,
        "Gain On Sale Of Business": -13211000.0,
        "Other Special Charges": -3585000.0,
        "Net Non Operating Interest Income Expense": -20172000.0,
        "Interest Expense Non Operating": 32795000.0,
        "Interest Income Non Operating": 12623000.0,
        "Operating Income": 62420000.0,
        "Operating Expense": NaN,
        "Other Operating Expenses": NaN,
        "Selling General And Administration": NaN,
        "General And Administrative Expense": NaN,
        "Salaries And Wages": NaN,
        "Gross Profit": 62420000.0,
        "Cost Of Revenue": 681650000.0,
        "Total Revenue": 744070000.0,
        "Operating Revenue": 738366000.0
    },
    "2025-06-30": {
        "Tax Effect Of Unusual Items": 1198160.0,
        "Tax Rate For Calcs": 0.34,
        "Normalized EBITDA": 132867000.0,
        "Total Unusual Items": 3524000.0,
        "Total Unusual Items Excluding Goodwill": 3524000.0,
        "Net Income From Continuing Operation Net Minority Interest": 26558000.0,
        "Reconciled Depreciation": 70622000.0,
        "Reconciled Cost Of Revenue": 692645000.0,
        "EBITDA": 136391000.0,
        "EBIT": 65769000.0,
        "Net Interest Income": -18215000.0,
        "Interest Expense": 25794000.0,
        "Interest Income": 7579000.0,
        "Normalized Income": 24232160.0,
        "Net Income From Continuing And Discontinued Operation": 26558000.0,
        "Total Expenses": 692645000.0,
        "Total Operating Income As Reported": 53747000.0,
        "Diluted Average Shares": 172655000.0,
        "Basic Average Shares": 172496000.0,
        "Diluted EPS": 0.15,
        "Basic EPS": 0.15,
        "Diluted NI Availto Com Stockholders": 26085000.0,
        "Net Income Common Stockholders": 26085000.0,
        "Preferred Stock Dividends": 473000.0,
        "Net Income": 26558000.0,
        "Net Income Including Noncontrolling Interests": 26558000.0,
        "Net Income Discontinuous Operations": 0.0,
        "Net Income Continuous Operations": 26558000.0,
        "Tax Provision": 13417000.0,
        "Pretax Income": 39975000.0,
        "Other Income Expense": 4443000.0,
        "Other Non Operating Income Expenses": 919000.0,
        "Special Income Charges": 3524000.0,
        "Gain On Sale Of Business": -178000.0,
        "Other Special Charges": -3702000.0,
        "Net Non Operating Interest Income Expense": -18215000.0,
        "Interest Expense Non Operating": 25794000.0,
        "Interest Income Non Operating": 7579000.0,
        "Operating Income": 53747000.0,
        "Operating Expense": NaN,
        "Other Operating Expenses": NaN,
        "Selling General And Administration": NaN,
        "General And Administrative Expense": NaN,
        "Salaries And Wages": NaN,
        "Gross Profit": 53747000.0,
        "Cost Of Revenue": 692645000.0,
        "Total Revenue": 746392000.0,
        "Operating Revenue": 742482000.0
    }
}