{
    "2023-03-31": {
        "Tax Effect Of Unusual Items": NaN,
        "Tax Rate For Calcs": NaN,
        "Normalized EBITDA": NaN,
        "Total Unusual Items": NaN,
        "Total Unusual Items Excluding Goodwill": NaN,
        "Net Income From Continuing Operation Net Minority Interest": NaN,
        "Reconciled Depreciation": NaN,
        "EBITDA": NaN,
        "EBIT": NaN,
        "Net Interest Income": NaN,
        "Interest Expense": 2322.0,
        "Normalized Income": NaN,
        "Net Income From Continuing And Discontinued Operation": NaN,
        "Total Expenses": NaN,
        "Total Operating Income As Reported": NaN,
        "Diluted Average Shares": NaN,
        "Basic Average Shares": NaN,
        "Diluted EPS": NaN,
        "Basic EPS": NaN,
        "Diluted NI Availto Com Stockholders": NaN,
        "Net Income Common Stockholders": NaN,
        "Net Income": NaN,
        "Net Income Including Noncontrolling Interests": NaN,
        "Net Income Continuous Operations": NaN,
        "Tax Provision": NaN,
        "Pretax Income": NaN,
        "Other Income Expense": NaN,
        "Special Income Charges": NaN,
        "Impairment Of Capital Assets": NaN,
        "Restructuring And Mergern Acquisition": NaN,
        "Gain On Sale Of Security": NaN,
        "Net Non Operating Interest Income Expense": NaN,
        "Total Other Finance Cost": NaN,
        "Interest Expense Non Operating": 2322.0,
        "Operating Income": NaN,
        "Operating Expense": NaN,
        "Research And Development": NaN,
        "Selling General And Administration": NaN,
        "General And Administrative Expense": NaN,
        "Other Gand A": NaN,
        "Total Revenue": NaN,
        "Operating Revenue": NaN
    },
    "2022-12-31": {
        "Tax Effect Of Unusual Items": NaN,
        "Tax Rate For Calcs": NaN,
        "Normalized EBITDA": NaN,
        "Total Unusual Items": NaN,
        "Total Unusual Items Excluding Goodwill": NaN,
        "Net Income From Continuing Operation Net Minority Interest": NaN,
        "Reconciled Depreciation": NaN,
        "EBITDA": NaN,
        "EBIT": NaN,
        "Net Interest Income": NaN,
        "Interest Expense": 2512.0,
        "Normalized Income": NaN,
        "Net Income From Continuing And Discontinued Operation": NaN,
        "Total Expenses": NaN,
        "Total Operating Income As Reported": NaN,
        "Diluted Average Shares": NaN,
        "Basic Average Shares": NaN,
        "Diluted EPS": NaN,
        "Basic EPS": NaN,
        "Diluted NI Availto Com Stockholders": NaN,
        "Net Income Common Stockholders": NaN,
        "Net Income": NaN,
        "Net Income Including Noncontrolling Interests": NaN,
        "Net Income Continuous Operations": NaN,
        "Tax Provision": NaN,
        "Pretax Income": NaN,
        "Other Income Expense": NaN,
        "Special Income Charges": NaN,
        "Impairment Of Capital Assets": NaN,
        "Restructuring And Mergern Acquisition": NaN,
        "Gain On Sale Of Security": NaN,
        "Net Non Operating Interest Income Expense": NaN,
        "Total Other Finance Cost": NaN,
        "Interest Expense Non Operating": 2512.0,
        "Operating Income": NaN,
        "Operating Expense": NaN,
        "Research And Development": NaN,
        "Selling General And Administration": NaN,
        "General And Administrative Expense": NaN,
        "Other Gand A": NaN,
        "Total Revenue": NaN,
        "Operating Revenue": NaN
    },
    "2022-09-30": {
        "Tax Effect Of Unusual Items": NaN,
        "Tax Rate For Calcs": NaN,
        "Normalized EBITDA": NaN,
        "Total Unusual Items": NaN,
        "Total Unusual Items Excluding Goodwill": NaN,
        "Net Income From Continuing Operation Net Minority Interest": NaN,
        "Reconciled Depreciation": NaN,
        "EBITDA": NaN,
        "EBIT": NaN,
        "Net Interest Income": NaN,
        "Interest Expense": 2265.0,
        "Normalized Income": NaN,
        "Net Income From Continuing And Discontinued Operation": NaN,
        "Total Expenses": NaN,
        "Total Operating Income As Reported": NaN,
        "Diluted Average Shares": 3811481.0,
        "Basic Average Shares": 3811481.0,
        "Diluted EPS": -2.24,
        "Basic EPS": -2.24,
        "Diluted NI Availto Com Stockholders": NaN,
        "Net Income Common Stockholders": NaN,
        "Net Income": NaN,
        "Net Income Including Noncontrolling Interests": NaN,
        "Net Income Continuous Operations": NaN,
        "Tax Provision": NaN,
        "Pretax Income": NaN,
        "Other Income Expense": NaN,
        "Special Income Charges": NaN,
        "Impairment Of Capital Assets": 0.0,
        "Restructuring And Mergern Acquisition": 80000.0,
        "Gain On Sale Of Security": NaN,
        "Net Non Operating Interest Income Expense": NaN,
        "Total Other Finance Cost": 2265.0,
        "Interest Expense Non Operating": 2265.0,
        "Operating Income": NaN,
        "Operating Expense": NaN,
        "Research And Development": NaN,
        "Selling General And Administration": NaN,
        "General And Administrative Expense": NaN,
        "Other Gand A": NaN,
        "Total Revenue": NaN,
        "Operating Revenue": NaN
    },
    "2022-06-30": {
        "Tax Effect Of Unusual Items": 0.0,
        "Tax Rate For Calcs": 0.0,
        "Normalized EBITDA": -19979594.0,
        "Total Unusual Items": 90000.0,
        "Total Unusual Items Excluding Goodwill": 90000.0,
        "Net Income From Continuing Operation Net Minority Interest": -19911299.0,
        "Reconciled Depreciation": 18527.0,
        "EBITDA": -19889594.0,
        "EBIT": -19908121.0,
        "Net Interest Income": -3178.0,
        "Interest Expense": 3178.0,
        "Normalized Income": -20001299.0,
        "Net Income From Continuing And Discontinued Operation": -19911299.0,
        "Total Expenses": 19998121.0,
        "Total Operating Income As Reported": -19998121.0,
        "Diluted Average Shares": 3811481.0,
        "Basic Average Shares": 3811481.0,
        "Diluted EPS": -5.22,
        "Basic EPS": -5.22,
        "Diluted NI Availto Com Stockholders": -19911299.0,
        "Net Income Common Stockholders": -19911299.0,
        "Net Income": -19911299.0,
        "Net Income Including Noncontrolling Interests": -19911299.0,
        "Net Income Continuous Operations": -19911299.0,
        "Tax Provision": 0.0,
        "Pretax Income": -19911299.0,
        "Other Income Expense": 90000.0,
        "Special Income Charges": 90000.0,
        "Impairment Of Capital Assets": NaN,
        "Restructuring And Mergern Acquisition": -90000.0,
        "Net Non Operating Interest Income Expense": -3178.0,
        "Total Other Finance Cost": 3178.0,
        "Interest Expense Non Operating": 3178.0,
        "Operating Income": -19998121.0,
        "Operating Expense": 19998121.0,
        "Research And Development": 15701955.0,
        "Selling General And Administration": 4296166.0,
        "General And Administrative Expense": 4296166.0,
        "Other Gand A": 4296166.0,
        "Total Revenue": 0.0,
        "Operating Revenue": 0.0
    },
    "2022-03-31": {
        "Diluted EPS": -1.82,
        "Total Revenue": NaN,
        "Gross Profit": NaN,
        "Operating Income": -7,
        "EBIT": -7,
        "Net Income": -7
    },
    "2021-12-31": {
        "Diluted EPS": -2.6,
        "Total Revenue": NaN,
        "Gross Profit": NaN,
        "Operating Income": -9,
        "EBIT": -9,
        "Net Income": -10
    },
    "2021-09-30": {
        "Diluted EPS": -2.4,
        "Total Revenue": NaN,
        "Gross Profit": NaN,
        "Operating Income": -9,
        "EBIT": -8,
        "Net Income": -9
    },
    "2021-06-30": {
        "Diluted EPS": -2.0,
        "Total Revenue": NaN,
        "Gross Profit": NaN,
        "Operating Income": -7,
        "EBIT": -7,
        "Net Income": -8
    },
    "2021-03-31": {
        "Diluted EPS": -2.4,
        "Total Revenue": NaN,
        "Gross Profit": NaN,
        "Operating Income": -6,
        "EBIT": -6,
        "Net Income": -6
    },
    "2020-12-31": {
        "Diluted EPS": 2.8,
        "Total Revenue": NaN,
        "Gross Profit": NaN,
        "Operating Income": -5,
        "EBIT": -5,
        "Net Income": -5
    },
    "2020-09-30": {
        "Diluted EPS": -13.8,
        "Total Revenue": NaN,
        "Gross Profit": NaN,
        "Operating Income": -6,
        "EBIT": -6,
        "Net Income": -6
    },
    "2020-06-30": {
        "Diluted EPS": -11.6,
        "Total Revenue": NaN,
        "Gross Profit": NaN,
        "Operating Income": -5,
        "EBIT": -5,
        "Net Income": -5
    },
    "2020-03-31": {
        "Diluted EPS": -19.4,
        "Total Revenue": NaN,
        "Gross Profit": NaN,
        "Operating Income": -4,
        "EBIT": -4,
        "Net Income": -4
    },
    "2019-12-31": {
        "Diluted EPS": 198.6,
        "Total Revenue": NaN,
        "Gross Profit": NaN,
        "Operating Income": -2,
        "EBIT": -2,
        "Net Income": -2
    },
    "2019-09-30": {
        "Diluted EPS": -10.6,
        "Total Revenue": NaN,
        "Gross Profit": NaN,
        "Operating Income": -2,
        "EBIT": -2,
        "Net Income": -2
    },
    "2019-06-30": {
        "Diluted EPS": -149.6,
        "Total Revenue": NaN,
        "Gross Profit": NaN,
        "Operating Income": -2,
        "EBIT": -1,
        "Net Income": -6
    },
    "2019-03-31": {
        "Diluted EPS": -160.6,
        "Total Revenue": NaN,
        "Gross Profit": NaN,
        "Operating Income": -2,
        "EBIT": -2,
        "Net Income": -2
    },
    "2018-12-31": {
        "Diluted EPS": -154.98,
        "Total Revenue": NaN,
        "Gross Profit": NaN,
        "Operating Income": -3,
        "EBIT": -3,
        "Net Income": -2
    },
    "2018-09-30": {
        "Diluted EPS": -885.4,
        "Total Revenue": NaN,
        "Gross Profit": NaN,
        "Operating Income": -4,
        "EBIT": -4,
        "Net Income": -9
    },
    "2018-06-30": {
        "Diluted EPS": -529.0,
        "Total Revenue": NaN,
        "Gross Profit": NaN,
        "Operating Income": -4,
        "EBIT": -4,
        "Net Income": -4
    },
    "2018-03-31": {
        "Diluted EPS": -377.62,
        "Total Revenue": NaN,
        "Gross Profit": NaN,
        "Operating Income": -4,
        "EBIT": -4,
        "Net Income": -3
    },
    "2017-12-31": {
        "Diluted EPS": 951.05,
        "Total Revenue": NaN,
        "Gross Profit": NaN,
        "Operating Income": 5,
        "EBIT": 5,
        "Net Income": 4
    },
    "2017-09-30": {
        "Diluted EPS": NaN,
        "Total Revenue": NaN,
        "Gross Profit": NaN,
        "Operating Income": -6,
        "EBIT": -6,
        "Net Income": -6
    },
    "2017-06-30": {
        "Diluted EPS": 377.62,
        "Total Revenue": NaN,
        "Gross Profit": NaN,
        "Operating Income": -5,
        "EBIT": -5,
        "Net Income": 2
    },
    "2017-03-31": {
        "Diluted EPS": NaN,
        "Total Revenue": NaN,
        "Gross Profit": NaN,
        "Operating Income": -5,
        "EBIT": -5,
        "Net Income": -8
    },
    "2016-12-31": {
        "Diluted EPS": -895.11,
        "Total Revenue": NaN,
        "Gross Profit": NaN,
        "Operating Income": -6,
        "EBIT": 0,
        "Net Income": -5
    },
    "2016-09-30": {
        "Diluted EPS": NaN,
        "Total Revenue": NaN,
        "Gross Profit": NaN,
        "Operating Income": -5,
        "EBIT": -5,
        "Net Income": -5
    },
    "2016-06-30": {
        "Diluted EPS": 0.0,
        "Total Revenue": NaN,
        "Gross Profit": NaN,
        "Operating Income": NaN,
        "EBIT": NaN,
        "Net Income": NaN
    },
    "2016-03-31": {
        "Diluted EPS": NaN,
        "Total Revenue": NaN,
        "Gross Profit": NaN,
        "Operating Income": -5,
        "EBIT": -5,
        "Net Income": -4
    },
    "2015-12-31": {
        "Diluted EPS": NaN,
        "Total Revenue": NaN,
        "Gross Profit": NaN,
        "Operating Income": -6,
        "EBIT": 0,
        "Net Income": -3
    },
    "2015-09-30": {
        "Diluted EPS": NaN,
        "Total Revenue": NaN,
        "Gross Profit": NaN,
        "Operating Income": -5,
        "EBIT": -5,
        "Net Income": -5
    },
    "2015-06-30": {
        "Diluted EPS": 0.0,
        "Total Revenue": NaN,
        "Gross Profit": NaN,
        "Operating Income": NaN,
        "EBIT": NaN,
        "Net Income": NaN
    },
    "2015-03-31": {
        "Diluted EPS": NaN,
        "Total Revenue": NaN,
        "Gross Profit": NaN,
        "Operating Income": -4,
        "EBIT": -4,
        "Net Income": -7
    },
    "2014-12-31": {
        "Diluted EPS": NaN,
        "Total Revenue": NaN,
        "Gross Profit": NaN,
        "Operating Income": -3,
        "EBIT": 0,
        "Net Income": -8
    },
    "2014-09-30": {
        "Diluted EPS": -783.22,
        "Total Revenue": NaN,
        "Gross Profit": NaN,
        "Operating Income": -1,
        "EBIT": -1,
        "Net Income": -1
    },
    "2014-06-30": {
        "Diluted EPS": 0.0,
        "Total Revenue": NaN,
        "Gross Profit": NaN,
        "Operating Income": NaN,
        "EBIT": NaN,
        "Net Income": NaN
    },
    "2014-03-31": {
        "Diluted EPS": NaN,
        "Total Revenue": NaN,
        "Gross Profit": NaN,
        "Operating Income": 0,
        "EBIT": 0,
        "Net Income": -9
    },
    "2013-12-31": {
        "Diluted EPS": -223.78,
        "Total Revenue": NaN,
        "Gross Profit": NaN,
        "Operating Income": 0,
        "EBIT": NaN,
        "Net Income": 0
    },
    "2013-09-30": {
        "Diluted EPS": -223.78,
        "Total Revenue": NaN,
        "Gross Profit": NaN,
        "Operating Income": 0,
        "EBIT": 0,
        "Net Income": 0
    },
    "2013-06-30": {
        "Diluted EPS": 0.0,
        "Total Revenue": NaN,
        "Gross Profit": NaN,
        "Operating Income": NaN,
        "EBIT": NaN,
        "Net Income": NaN
    },
    "2023-06-30": {
        "Tax Effect Of Unusual Items": NaN,
        "Tax Rate For Calcs": NaN,
        "Normalized EBITDA": NaN,
        "Total Unusual Items": NaN,
        "Total Unusual Items Excluding Goodwill": NaN,
        "Net Income From Continuing Operation Net Minority Interest": NaN,
        "Reconciled Depreciation": NaN,
        "EBITDA": NaN,
        "EBIT": NaN,
        "Net Interest Income": NaN,
        "Interest Expense": 2351.0,
        "Normalized Income": NaN,
        "Net Income From Continuing And Discontinued Operation": NaN,
        "Total Expenses": NaN,
        "Total Operating Income As Reported": NaN,
        "Diluted Average Shares": 3826505.0,
        "Basic Average Shares": 3826505.0,
        "Diluted EPS": -3.68,
        "Basic EPS": -3.68,
        "Diluted NI Availto Com Stockholders": NaN,
        "Net Income Common Stockholders": NaN,
        "Net Income": NaN,
        "Net Income Including Noncontrolling Interests": NaN,
        "Net Income Continuous Operations": NaN,
        "Tax Provision": NaN,
        "Pretax Income": NaN,
        "Other Income Expense": NaN,
        "Special Income Charges": NaN,
        "Impairment Of Capital Assets": 0.0,
        "Restructuring And Mergern Acquisition": -88434.0,
        "Gain On Sale Of Security": NaN,
        "Net Non Operating Interest Income Expense": NaN,
        "Total Other Finance Cost": 2351.0,
        "Interest Expense Non Operating": 2351.0,
        "Operating Income": NaN,
        "Operating Expense": NaN,
        "Research And Development": NaN,
        "Selling General And Administration": NaN,
        "General And Administrative Expense": NaN,
        "Other Gand A": NaN,
        "Total Revenue": NaN,
        "Operating Revenue": NaN
    },
    "2023-09-30": {
        "Tax Effect Of Unusual Items": 0.0,
        "Tax Rate For Calcs": 0.0,
        "Normalized EBITDA": -10786065.0,
        "Total Unusual Items": 140000.0,
        "Total Unusual Items Excluding Goodwill": 140000.0,
        "Net Income From Continuing Operation Net Minority Interest": -10526946.0,
        "Reconciled Depreciation": 18500.0,
        "EBITDA": -10646065.0,
        "EBIT": -10664565.0,
        "Net Interest Income": -2381.0,
        "Interest Expense": NaN,
        "Normalized Income": -10666946.0,
        "Net Income From Continuing And Discontinued Operation": -10526946.0,
        "Total Expenses": 10664565.0,
        "Total Operating Income As Reported": -10664565.0,
        "Diluted Average Shares": 3838289.0,
        "Basic Average Shares": 3838289.0,
        "Diluted EPS": -2.74,
        "Basic EPS": -2.74,
        "Diluted NI Availto Com Stockholders": -10526946.0,
        "Net Income Common Stockholders": -10526946.0,
        "Net Income": -10526946.0,
        "Net Income Including Noncontrolling Interests": -10526946.0,
        "Net Income Continuous Operations": -10526946.0,
        "Tax Provision": 0.0,
        "Pretax Income": -10526946.0,
        "Other Income Expense": 140000.0,
        "Special Income Charges": 140000.0,
        "Impairment Of Capital Assets": 0.0,
        "Restructuring And Mergern Acquisition": -140000.0,
        "Gain On Sale Of Security": NaN,
        "Net Non Operating Interest Income Expense": -2381.0,
        "Total Other Finance Cost": 2381.0,
        "Interest Expense Non Operating": NaN,
        "Operating Income": -10664565.0,
        "Operating Expense": 10664565.0,
        "Research And Development": 8518520.0,
        "Selling General And Administration": 2146045.0,
        "General And Administrative Expense": 2146045.0,
        "Other Gand A": 2146045.0,
        "Total Revenue": 0.0,
        "Operating Revenue": 0.0
    },
    "2023-12-31": {
        "Tax Effect Of Unusual Items": -151489.517353,
        "Tax Rate For Calcs": 0.035664,
        "Normalized EBITDA": -7026329.0,
        "Total Unusual Items": -4247645.0,
        "Total Unusual Items Excluding Goodwill": -4247645.0,
        "Net Income From Continuing Operation Net Minority Interest": -11059628.0,
        "Reconciled Depreciation": 12265.0,
        "EBITDA": -11273974.0,
        "EBIT": -11286239.0,
        "Net Interest Income": -2411.0,
        "Interest Expense": NaN,
        "Normalized Income": -6963472.517353,
        "Net Income From Continuing And Discontinued Operation": -11059628.0,
        "Total Expenses": 7218594.0,
        "Total Operating Income As Reported": -10408594.0,
        "Diluted Average Shares": NaN,
        "Basic Average Shares": NaN,
        "Diluted EPS": NaN,
        "Basic EPS": NaN,
        "Diluted NI Availto Com Stockholders": -11059628.0,
        "Net Income Common Stockholders": -11059628.0,
        "Net Income": -11059628.0,
        "Net Income Including Noncontrolling Interests": -11059628.0,
        "Net Income Continuous Operations": -11059628.0,
        "Tax Provision": -409022.0,
        "Pretax Income": -11468650.0,
        "Other Income Expense": -4247645.0,
        "Special Income Charges": -3370000.0,
        "Impairment Of Capital Assets": 3190000.0,
        "Restructuring And Mergern Acquisition": NaN,
        "Gain On Sale Of Security": NaN,
        "Net Non Operating Interest Income Expense": -2411.0,
        "Total Other Finance Cost": NaN,
        "Interest Expense Non Operating": NaN,
        "Operating Income": -7218594.0,
        "Operating Expense": 7218594.0,
        "Research And Development": 5442808.0,
        "Selling General And Administration": 1775786.0,
        "General And Administrative Expense": 1775786.0,
        "Other Gand A": 1775786.0,
        "Total Revenue": 0.0,
        "Operating Revenue": 0.0
    },
    "2024-03-31": {
        "Tax Effect Of Unusual Items": -133642.32,
        "Tax Rate For Calcs": 0.21,
        "Normalized EBITDA": -5151559.0,
        "Total Unusual Items": -636392.0,
        "Total Unusual Items Excluding Goodwill": -636392.0,
        "Net Income From Continuing Operation Net Minority Interest": -2853806.0,
        "Reconciled Depreciation": 30758.0,
        "EBITDA": -5787951.0,
        "EBIT": -5818709.0,
        "Net Interest Income": -4349.0,
        "Interest Expense": 4349.0,
        "Normalized Income": -2351056.32,
        "Net Income From Continuing And Discontinued Operation": -2853806.0,
        "Total Expenses": 5182317.0,
        "Total Operating Income As Reported": -5182317.0,
        "Diluted Average Shares": 5072511.0,
        "Basic Average Shares": 5072511.0,
        "Diluted EPS": -0.56,
        "Basic EPS": -0.56,
        "Diluted NI Availto Com Stockholders": -2853806.0,
        "Net Income Common Stockholders": -2853806.0,
        "Net Income": -2853806.0,
        "Net Income Including Noncontrolling Interests": -2853806.0,
        "Net Income Continuous Operations": -2853806.0,
        "Tax Provision": -2969252.0,
        "Pretax Income": -5823058.0,
        "Other Income Expense": -636392.0,
        "Special Income Charges": 1930652.0,
        "Impairment Of Capital Assets": NaN,
        "Restructuring And Mergern Acquisition": -1930652.0,
        "Gain On Sale Of Security": -2567044.0,
        "Net Non Operating Interest Income Expense": -4349.0,
        "Total Other Finance Cost": NaN,
        "Interest Expense Non Operating": 4349.0,
        "Operating Income": -5182317.0,
        "Operating Expense": 5182317.0,
        "Research And Development": 2539568.0,
        "Selling General And Administration": 2642749.0,
        "General And Administrative Expense": 2642749.0,
        "Other Gand A": 2642749.0,
        "Total Revenue": 0.0,
        "Operating Revenue": 0.0
    },
    "2024-06-30": {
        "Tax Effect Of Unusual Items": 0.0,
        "Tax Rate For Calcs": 0.0,
        "Normalized EBITDA": -13032948.0,
        "Total Unusual Items": 4529100.0,
        "Total Unusual Items Excluding Goodwill": 4529100.0,
        "Net Income From Continuing Operation Net Minority Interest": -3925212.0,
        "Reconciled Depreciation": 0.0,
        "EBITDA": -8503848.0,
        "EBIT": -8503848.0,
        "Net Interest Income": 49536.0,
        "Interest Expense": NaN,
        "Normalized Income": -8454312.0,
        "Net Income From Continuing And Discontinued Operation": -3925212.0,
        "Total Expenses": 8503848.0,
        "Total Operating Income As Reported": -8503848.0,
        "Diluted Average Shares": 5799126.0,
        "Basic Average Shares": 5799126.0,
        "Diluted EPS": -0.68,
        "Basic EPS": -0.68,
        "Diluted NI Availto Com Stockholders": -3925212.0,
        "Net Income Common Stockholders": -3925212.0,
        "Net Income": -3925212.0,
        "Net Income Including Noncontrolling Interests": -3925212.0,
        "Net Income Continuous Operations": -3925212.0,
        "Tax Provision": 0.0,
        "Pretax Income": -3925212.0,
        "Other Income Expense": 4529100.0,
        "Special Income Charges": 4529100.0,
        "Impairment Of Capital Assets": NaN,
        "Restructuring And Mergern Acquisition": -4529100.0,
        "Gain On Sale Of Security": NaN,
        "Net Non Operating Interest Income Expense": 49536.0,
        "Total Other Finance Cost": -49536.0,
        "Interest Expense Non Operating": NaN,
        "Operating Income": -8503848.0,
        "Operating Expense": 8503848.0,
        "Research And Development": 7136679.0,
        "Selling General And Administration": 1367169.0,
        "General And Administrative Expense": 1367169.0,
        "Other Gand A": 1367169.0,
        "Total Revenue": 0.0,
        "Operating Revenue": 0.0
    },
    "2024-09-30": {
        "Tax Effect Of Unusual Items": 0.0,
        "Tax Rate For Calcs": 0.0,
        "Normalized EBITDA": -4525140.0,
        "Total Unusual Items": 66881.0,
        "Total Unusual Items Excluding Goodwill": 66881.0,
        "Net Income From Continuing Operation Net Minority Interest": -4865948.0,
        "Reconciled Depreciation": 0.0,
        "EBITDA": -4458259.0,
        "EBIT": -4458259.0,
        "Net Interest Income": -474570.0,
        "Interest Expense": NaN,
        "Normalized Income": -4932829.0,
        "Net Income From Continuing And Discontinued Operation": -4865948.0,
        "Total Expenses": 4458259.0,
        "Total Operating Income As Reported": -4458259.0,
        "Diluted Average Shares": 6718962.0,
        "Basic Average Shares": 6718962.0,
        "Diluted EPS": -0.72,
        "Basic EPS": -0.72,
        "Diluted NI Availto Com Stockholders": -4865948.0,
        "Net Income Common Stockholders": -4865948.0,
        "Net Income": -4865948.0,
        "Net Income Including Noncontrolling Interests": -4865948.0,
        "Net Income Continuous Operations": -4865948.0,
        "Tax Provision": 0.0,
        "Pretax Income": -4865948.0,
        "Other Income Expense": 66881.0,
        "Special Income Charges": 66881.0,
        "Impairment Of Capital Assets": NaN,
        "Restructuring And Mergern Acquisition": -66881.0,
        "Gain On Sale Of Security": NaN,
        "Net Non Operating Interest Income Expense": -474570.0,
        "Total Other Finance Cost": 474570.0,
        "Interest Expense Non Operating": NaN,
        "Operating Income": -4458259.0,
        "Operating Expense": 4458259.0,
        "Research And Development": 2762709.0,
        "Selling General And Administration": 1695550.0,
        "General And Administrative Expense": 1695550.0,
        "Other Gand A": 1695550.0,
        "Total Revenue": 0.0,
        "Operating Revenue": 0.0
    }
}