{
    "2023-06-30": {
        "Tax Effect Of Unusual Items": NaN,
        "Tax Rate For Calcs": NaN,
        "Normalized EBITDA": NaN,
        "Total Unusual Items": NaN,
        "Total Unusual Items Excluding Goodwill": NaN,
        "Net Income From Continuing Operation Net Minority Interest": NaN,
        "Reconciled Depreciation": NaN,
        "Reconciled Cost Of Revenue": NaN,
        "EBITDA": NaN,
        "EBIT": NaN,
        "Net Interest Income": NaN,
        "Interest Expense": NaN,
        "Normalized Income": NaN,
        "Net Income From Continuing And Discontinued Operation": NaN,
        "Total Expenses": NaN,
        "Diluted Average Shares": NaN,
        "Basic Average Shares": NaN,
        "Diluted EPS": NaN,
        "Basic EPS": NaN,
        "Diluted NI Availto Com Stockholders": NaN,
        "Net Income Common Stockholders": NaN,
        "Net Income": NaN,
        "Minority Interests": NaN,
        "Net Income Including Noncontrolling Interests": NaN,
        "Net Income Continuous Operations": NaN,
        "Tax Provision": NaN,
        "Pretax Income": NaN,
        "Other Income Expense": NaN,
        "Other Non Operating Income Expenses": NaN,
        "Special Income Charges": NaN,
        "Gain On Sale Of Ppe": 0.0,
        "Write Off": NaN,
        "Net Non Operating Interest Income Expense": NaN,
        "Interest Expense Non Operating": NaN,
        "Operating Income": NaN,
        "Operating Expense": NaN,
        "Other Operating Expenses": NaN,
        "Selling General And Administration": NaN,
        "Selling And Marketing Expense": NaN,
        "General And Administrative Expense": NaN,
        "Other Gand A": NaN,
        "Gross Profit": NaN,
        "Cost Of Revenue": NaN,
        "Total Revenue": NaN,
        "Operating Revenue": NaN
    },
    "2023-03-31": {
        "Tax Effect Of Unusual Items": NaN,
        "Tax Rate For Calcs": NaN,
        "Normalized EBITDA": NaN,
        "Total Unusual Items": NaN,
        "Total Unusual Items Excluding Goodwill": NaN,
        "Net Income From Continuing Operation Net Minority Interest": NaN,
        "Reconciled Depreciation": NaN,
        "Reconciled Cost Of Revenue": NaN,
        "EBITDA": NaN,
        "EBIT": NaN,
        "Net Interest Income": NaN,
        "Interest Expense": NaN,
        "Normalized Income": NaN,
        "Net Income From Continuing And Discontinued Operation": NaN,
        "Total Expenses": NaN,
        "Diluted Average Shares": NaN,
        "Basic Average Shares": NaN,
        "Diluted EPS": NaN,
        "Basic EPS": NaN,
        "Diluted NI Availto Com Stockholders": NaN,
        "Net Income Common Stockholders": NaN,
        "Net Income": NaN,
        "Minority Interests": NaN,
        "Net Income Including Noncontrolling Interests": NaN,
        "Net Income Continuous Operations": NaN,
        "Tax Provision": NaN,
        "Pretax Income": NaN,
        "Other Income Expense": NaN,
        "Other Non Operating Income Expenses": NaN,
        "Special Income Charges": NaN,
        "Gain On Sale Of Ppe": 0.0,
        "Write Off": NaN,
        "Net Non Operating Interest Income Expense": NaN,
        "Interest Expense Non Operating": NaN,
        "Operating Income": NaN,
        "Operating Expense": NaN,
        "Other Operating Expenses": NaN,
        "Selling General And Administration": NaN,
        "Selling And Marketing Expense": NaN,
        "General And Administrative Expense": NaN,
        "Other Gand A": NaN,
        "Gross Profit": NaN,
        "Cost Of Revenue": NaN,
        "Total Revenue": NaN,
        "Operating Revenue": NaN
    },
    "2022-12-31": {
        "Tax Effect Of Unusual Items": NaN,
        "Tax Rate For Calcs": NaN,
        "Normalized EBITDA": NaN,
        "Total Unusual Items": NaN,
        "Total Unusual Items Excluding Goodwill": NaN,
        "Net Income From Continuing Operation Net Minority Interest": NaN,
        "Reconciled Depreciation": NaN,
        "Reconciled Cost Of Revenue": NaN,
        "EBITDA": NaN,
        "EBIT": NaN,
        "Net Interest Income": NaN,
        "Interest Expense": NaN,
        "Normalized Income": NaN,
        "Net Income From Continuing And Discontinued Operation": NaN,
        "Total Expenses": NaN,
        "Diluted Average Shares": NaN,
        "Basic Average Shares": NaN,
        "Diluted EPS": NaN,
        "Basic EPS": NaN,
        "Diluted NI Availto Com Stockholders": NaN,
        "Net Income Common Stockholders": NaN,
        "Net Income": NaN,
        "Minority Interests": NaN,
        "Net Income Including Noncontrolling Interests": NaN,
        "Net Income Continuous Operations": NaN,
        "Tax Provision": NaN,
        "Pretax Income": NaN,
        "Other Income Expense": NaN,
        "Other Non Operating Income Expenses": NaN,
        "Special Income Charges": NaN,
        "Gain On Sale Of Ppe": 76000000.0,
        "Write Off": 0.0,
        "Net Non Operating Interest Income Expense": NaN,
        "Interest Expense Non Operating": NaN,
        "Operating Income": NaN,
        "Operating Expense": NaN,
        "Other Operating Expenses": NaN,
        "Selling General And Administration": NaN,
        "Selling And Marketing Expense": NaN,
        "General And Administrative Expense": NaN,
        "Other Gand A": NaN,
        "Gross Profit": NaN,
        "Cost Of Revenue": NaN,
        "Total Revenue": NaN,
        "Operating Revenue": NaN
    },
    "2022-09-30": {
        "Tax Effect Of Unusual Items": NaN,
        "Tax Rate For Calcs": NaN,
        "Normalized EBITDA": NaN,
        "Total Unusual Items": NaN,
        "Total Unusual Items Excluding Goodwill": NaN,
        "Net Income From Continuing Operation Net Minority Interest": NaN,
        "Reconciled Depreciation": NaN,
        "Reconciled Cost Of Revenue": NaN,
        "EBITDA": NaN,
        "EBIT": NaN,
        "Net Interest Income": NaN,
        "Interest Expense": NaN,
        "Normalized Income": NaN,
        "Net Income From Continuing And Discontinued Operation": NaN,
        "Total Expenses": NaN,
        "Diluted Average Shares": NaN,
        "Basic Average Shares": NaN,
        "Diluted EPS": NaN,
        "Basic EPS": NaN,
        "Diluted NI Availto Com Stockholders": NaN,
        "Net Income Common Stockholders": NaN,
        "Net Income": NaN,
        "Minority Interests": NaN,
        "Net Income Including Noncontrolling Interests": NaN,
        "Net Income Continuous Operations": NaN,
        "Tax Provision": NaN,
        "Pretax Income": NaN,
        "Other Income Expense": NaN,
        "Other Non Operating Income Expenses": NaN,
        "Special Income Charges": NaN,
        "Gain On Sale Of Ppe": NaN,
        "Write Off": 54000000.0,
        "Net Non Operating Interest Income Expense": NaN,
        "Interest Expense Non Operating": NaN,
        "Operating Income": NaN,
        "Operating Expense": NaN,
        "Other Operating Expenses": NaN,
        "Selling General And Administration": NaN,
        "Selling And Marketing Expense": NaN,
        "General And Administrative Expense": NaN,
        "Other Gand A": NaN,
        "Gross Profit": NaN,
        "Cost Of Revenue": NaN,
        "Total Revenue": NaN,
        "Operating Revenue": NaN
    },
    "2022-06-30": {
        "Tax Effect Of Unusual Items": 909426.987061,
        "Tax Rate For Calcs": 0.303142,
        "Normalized EBITDA": 1591000000.0,
        "Total Unusual Items": 3000000.0,
        "Total Unusual Items Excluding Goodwill": 3000000.0,
        "Net Income From Continuing Operation Net Minority Interest": 667000000.0,
        "Reconciled Depreciation": 391000000.0,
        "Reconciled Cost Of Revenue": 814000000.0,
        "EBITDA": 1594000000.0,
        "EBIT": 1203000000.0,
        "Net Interest Income": -121000000.0,
        "Interest Expense": 121000000.0,
        "Normalized Income": 664909426.987061,
        "Net Income From Continuing And Discontinued Operation": 667000000.0,
        "Total Expenses": 1785000000.0,
        "Diluted Average Shares": 310900000.0,
        "Basic Average Shares": 309614906.0,
        "Diluted EPS": 2.15,
        "Basic EPS": 2.154289,
        "Diluted NI Availto Com Stockholders": 667000000.0,
        "Net Income Common Stockholders": 667000000.0,
        "Net Income": 667000000.0,
        "Minority Interests": -87000000.0,
        "Net Income Including Noncontrolling Interests": 754000000.0,
        "Net Income Continuous Operations": 754000000.0,
        "Tax Provision": 328000000.0,
        "Pretax Income": 1082000000.0,
        "Other Income Expense": 33000000.0,
        "Other Non Operating Income Expenses": 30000000.0,
        "Special Income Charges": 3000000.0,
        "Gain On Sale Of Ppe": 3000000.0,
        "Write Off": 0.0,
        "Net Non Operating Interest Income Expense": -121000000.0,
        "Interest Expense Non Operating": 121000000.0,
        "Operating Income": 1170000000.0,
        "Operating Expense": 971000000.0,
        "Other Operating Expenses": 33000000.0,
        "Selling General And Administration": 938000000.0,
        "Selling And Marketing Expense": 843000000.0,
        "General And Administrative Expense": 95000000.0,
        "Other Gand A": 95000000.0,
        "Gross Profit": 2141000000.0,
        "Cost Of Revenue": 814000000.0,
        "Total Revenue": 2955000000.0,
        "Operating Revenue": 2955000000.0
    },
    "2022-03-31": {
        "Diluted EPS": 1.34,
        "Total Revenue": NaN,
        "Gross Profit": NaN,
        "Operating Income": 825,
        "EBIT": NaN,
        "Net Income": 417
    },
    "2021-12-31": {
        "Diluted EPS": 0.86,
        "Total Revenue": NaN,
        "Gross Profit": NaN,
        "Operating Income": 689,
        "EBIT": NaN,
        "Net Income": 265
    },
    "2021-09-30": {
        "Diluted EPS": 0.37,
        "Total Revenue": NaN,
        "Gross Profit": NaN,
        "Operating Income": 453,
        "EBIT": 802,
        "Net Income": 115
    },
    "2021-06-30": {
        "Diluted EPS": -0.24,
        "Total Revenue": NaN,
        "Gross Profit": NaN,
        "Operating Income": 253,
        "EBIT": 638,
        "Net Income": -73
    },
    "2021-03-31": {
        "Diluted EPS": 0.82,
        "Total Revenue": NaN,
        "Gross Profit": NaN,
        "Operating Income": 576,
        "EBIT": 972,
        "Net Income": 252
    },
    "2020-12-31": {
        "Diluted EPS": -0.3,
        "Total Revenue": NaN,
        "Gross Profit": NaN,
        "Operating Income": 163,
        "EBIT": 649,
        "Net Income": -97
    },
    "2020-09-30": {
        "Diluted EPS": -0.8,
        "Total Revenue": NaN,
        "Gross Profit": NaN,
        "Operating Income": -60,
        "EBIT": 458,
        "Net Income": -243
    },
    "2020-06-30": {
        "Diluted EPS": -1.05,
        "Total Revenue": 842,
        "Gross Profit": 842,
        "Operating Income": -153,
        "EBIT": 356,
        "Net Income": -320
    },
    "2020-03-31": {
        "Diluted EPS": -8.0,
        "Total Revenue": NaN,
        "Gross Profit": NaN,
        "Operating Income": NaN,
        "EBIT": NaN,
        "Net Income": NaN
    },
    "2019-12-31": {
        "Diluted EPS": -0.74,
        "Total Revenue": NaN,
        "Gross Profit": NaN,
        "Operating Income": 31,
        "EBIT": 617,
        "Net Income": -222
    },
    "2019-09-30": {
        "Diluted EPS": -0.7,
        "Total Revenue": NaN,
        "Gross Profit": NaN,
        "Operating Income": 40,
        "EBIT": 584,
        "Net Income": -212
    },
    "2019-06-30": {
        "Diluted EPS": -0.02,
        "Total Revenue": NaN,
        "Gross Profit": NaN,
        "Operating Income": 263,
        "EBIT": 757,
        "Net Income": -6
    },
    "2019-03-31": {
        "Diluted EPS": 0.09,
        "Total Revenue": NaN,
        "Gross Profit": NaN,
        "Operating Income": 267,
        "EBIT": 765,
        "Net Income": 28
    },
    "2018-12-31": {
        "Diluted EPS": -0.06,
        "Total Revenue": NaN,
        "Gross Profit": NaN,
        "Operating Income": 160,
        "EBIT": 693,
        "Net Income": -16
    },
    "2018-09-30": {
        "Diluted EPS": -0.18,
        "Total Revenue": NaN,
        "Gross Profit": NaN,
        "Operating Income": 223,
        "EBIT": 712,
        "Net Income": -53
    },
    "2018-06-30": {
        "Diluted EPS": -0.48,
        "Total Revenue": NaN,
        "Gross Profit": NaN,
        "Operating Income": 151,
        "EBIT": 595,
        "Net Income": -142
    },
    "2018-03-31": {
        "Diluted EPS": -0.38,
        "Total Revenue": NaN,
        "Gross Profit": NaN,
        "Operating Income": 138,
        "EBIT": 555,
        "Net Income": -117
    },
    "2017-12-31": {
        "Diluted EPS": -8.57,
        "Total Revenue": NaN,
        "Gross Profit": NaN,
        "Operating Income": NaN,
        "EBIT": NaN,
        "Net Income": NaN
    },
    "2017-09-30": {
        "Diluted EPS": -2.02,
        "Total Revenue": NaN,
        "Gross Profit": NaN,
        "Operating Income": NaN,
        "EBIT": NaN,
        "Net Income": -635
    },
    "2017-06-30": {
        "Diluted EPS": -1.46,
        "Total Revenue": NaN,
        "Gross Profit": NaN,
        "Operating Income": -343,
        "EBIT": 398,
        "Net Income": -460
    },
    "2017-03-31": {
        "Diluted EPS": -1.07,
        "Total Revenue": NaN,
        "Gross Profit": NaN,
        "Operating Income": -225,
        "EBIT": 512,
        "Net Income": -336
    },
    "2016-12-31": {
        "Diluted EPS": -15.79,
        "Total Revenue": NaN,
        "Gross Profit": NaN,
        "Operating Income": NaN,
        "EBIT": -866,
        "Net Income": NaN
    },
    "2016-09-30": {
        "Diluted EPS": -1.12,
        "Total Revenue": NaN,
        "Gross Profit": 974,
        "Operating Income": -469,
        "EBIT": 342,
        "Net Income": -351
    },
    "2016-06-30": {
        "Diluted EPS": -1.29,
        "Total Revenue": NaN,
        "Gross Profit": 992,
        "Operating Income": -593,
        "EBIT": 204,
        "Net Income": -404
    },
    "2016-03-31": {
        "Diluted EPS": -1.72,
        "Total Revenue": 993,
        "Gross Profit": 804,
        "Operating Income": -749,
        "EBIT": 119,
        "Net Income": -515
    },
    "2015-12-31": {
        "Diluted EPS": -6.44,
        "Total Revenue": NaN,
        "Gross Profit": NaN,
        "Operating Income": NaN,
        "EBIT": NaN,
        "Net Income": NaN
    },
    "2015-09-30": {
        "Diluted EPS": -0.98,
        "Total Revenue": NaN,
        "Gross Profit": NaN,
        "Operating Income": -455,
        "EBIT": 533,
        "Net Income": -279
    },
    "2015-06-30": {
        "Diluted EPS": -1.99,
        "Total Revenue": NaN,
        "Gross Profit": NaN,
        "Operating Income": -623,
        "EBIT": 405,
        "Net Income": -567
    },
    "2015-03-31": {
        "Diluted EPS": -1.37,
        "Total Revenue": NaN,
        "Gross Profit": NaN,
        "Operating Income": -642,
        "EBIT": 314,
        "Net Income": -389
    },
    "2014-12-31": {
        "Diluted EPS": 0.06,
        "Total Revenue": NaN,
        "Gross Profit": NaN,
        "Operating Income": 287,
        "EBIT": NaN,
        "Net Income": -8
    },
    "2014-09-30": {
        "Diluted EPS": 3.31,
        "Total Revenue": NaN,
        "Gross Profit": NaN,
        "Operating Income": 608,
        "EBIT": NaN,
        "Net Income": NaN
    },
    "2014-06-30": {
        "Diluted EPS": 2.96,
        "Total Revenue": NaN,
        "Gross Profit": NaN,
        "Operating Income": 397,
        "EBIT": NaN,
        "Net Income": 931
    },
    "2014-03-31": {
        "Diluted EPS": 1.2,
        "Total Revenue": NaN,
        "Gross Profit": NaN,
        "Operating Income": 765,
        "EBIT": NaN,
        "Net Income": 386
    },
    "2013-12-31": {
        "Diluted EPS": 5.76,
        "Total Revenue": NaN,
        "Gross Profit": NaN,
        "Operating Income": -11,
        "EBIT": 702,
        "Net Income": NaN
    },
    "2013-09-30": {
        "Diluted EPS": 1.23,
        "Total Revenue": NaN,
        "Gross Profit": NaN,
        "Operating Income": 772,
        "EBIT": NaN,
        "Net Income": 420
    },
    "2013-06-30": {
        "Diluted EPS": 4.16,
        "Total Revenue": NaN,
        "Gross Profit": NaN,
        "Operating Income": NaN,
        "EBIT": NaN,
        "Net Income": NaN
    },
    "2013-03-31": {
        "Diluted EPS": 3.72,
        "Total Revenue": NaN,
        "Gross Profit": NaN,
        "Operating Income": NaN,
        "EBIT": NaN,
        "Net Income": NaN
    },
    "2012-12-31": {
        "Diluted EPS": 1.1,
        "Total Revenue": NaN,
        "Gross Profit": NaN,
        "Operating Income": 318,
        "EBIT": NaN,
        "Net Income": 374
    },
    "2012-09-30": {
        "Diluted EPS": 1.64,
        "Total Revenue": NaN,
        "Gross Profit": NaN,
        "Operating Income": 672,
        "EBIT": NaN,
        "Net Income": 557
    },
    "2012-06-30": {
        "Diluted EPS": 1.61,
        "Total Revenue": NaN,
        "Gross Profit": NaN,
        "Operating Income": NaN,
        "EBIT": NaN,
        "Net Income": 549
    },
    "2012-03-31": {
        "Diluted EPS": 1.6,
        "Total Revenue": NaN,
        "Gross Profit": NaN,
        "Operating Income": 906,
        "EBIT": NaN,
        "Net Income": 545
    },
    "2011-12-31": {
        "Diluted EPS": -0.39,
        "Total Revenue": NaN,
        "Gross Profit": NaN,
        "Operating Income": 804,
        "EBIT": NaN,
        "Net Income": -131
    },
    "2011-09-30": {
        "Diluted EPS": 0.88,
        "Total Revenue": NaN,
        "Gross Profit": NaN,
        "Operating Income": 246,
        "EBIT": 832,
        "Net Income": 298
    },
    "2011-06-30": {
        "Diluted EPS": 1.78,
        "Total Revenue": NaN,
        "Gross Profit": NaN,
        "Operating Income": NaN,
        "EBIT": NaN,
        "Net Income": 607
    },
    "2011-03-31": {
        "Diluted EPS": 2.74,
        "Total Revenue": NaN,
        "Gross Profit": NaN,
        "Operating Income": NaN,
        "EBIT": NaN,
        "Net Income": 929
    },
    "2010-12-31": {
        "Diluted EPS": 0.15,
        "Total Revenue": NaN,
        "Gross Profit": NaN,
        "Operating Income": 774,
        "EBIT": NaN,
        "Net Income": 58
    },
    "2010-09-30": {
        "Diluted EPS": 3.52,
        "Total Revenue": NaN,
        "Gross Profit": NaN,
        "Operating Income": 296,
        "EBIT": 880,
        "Net Income": NaN
    },
    "2010-06-30": {
        "Diluted EPS": 1.15,
        "Total Revenue": NaN,
        "Gross Profit": NaN,
        "Operating Income": 762,
        "EBIT": NaN,
        "Net Income": 375
    },
    "2010-03-31": {
        "Diluted EPS": 1.65,
        "Total Revenue": NaN,
        "Gross Profit": NaN,
        "Operating Income": NaN,
        "EBIT": NaN,
        "Net Income": 538
    },
    "2009-12-31": {
        "Diluted EPS": 1.09,
        "Total Revenue": NaN,
        "Gross Profit": NaN,
        "Operating Income": 922,
        "EBIT": NaN,
        "Net Income": 358
    },
    "2009-09-30": {
        "Diluted EPS": 1.05,
        "Total Revenue": NaN,
        "Gross Profit": NaN,
        "Operating Income": 517,
        "EBIT": NaN,
        "Net Income": 341
    },
    "2009-06-30": {
        "Diluted EPS": 0.31,
        "Total Revenue": NaN,
        "Gross Profit": NaN,
        "Operating Income": 308,
        "EBIT": 866,
        "Net Income": 100
    },
    "2009-03-31": {
        "Diluted EPS": -0.18,
        "Total Revenue": NaN,
        "Gross Profit": NaN,
        "Operating Income": 180,
        "EBIT": 666,
        "Net Income": -59
    },
    "2023-09-30": {
        "Tax Effect Of Unusual Items": NaN,
        "Tax Rate For Calcs": NaN,
        "Normalized EBITDA": NaN,
        "Total Unusual Items": 2000000.0,
        "Total Unusual Items Excluding Goodwill": 2000000.0,
        "Net Income From Continuing Operation Net Minority Interest": NaN,
        "Reconciled Depreciation": NaN,
        "Reconciled Cost Of Revenue": NaN,
        "EBITDA": NaN,
        "EBIT": NaN,
        "Net Interest Income": NaN,
        "Interest Expense": NaN,
        "Normalized Income": NaN,
        "Net Income From Continuing And Discontinued Operation": NaN,
        "Total Expenses": NaN,
        "Diluted Average Shares": NaN,
        "Basic Average Shares": NaN,
        "Diluted EPS": NaN,
        "Basic EPS": NaN,
        "Diluted NI Availto Com Stockholders": NaN,
        "Net Income Common Stockholders": NaN,
        "Net Income": NaN,
        "Minority Interests": NaN,
        "Net Income Including Noncontrolling Interests": NaN,
        "Net Income Continuous Operations": NaN,
        "Tax Provision": NaN,
        "Pretax Income": NaN,
        "Other Income Expense": NaN,
        "Other Non Operating Income Expenses": NaN,
        "Special Income Charges": 2000000.0,
        "Gain On Sale Of Ppe": 2000000.0,
        "Write Off": 0.0,
        "Net Non Operating Interest Income Expense": NaN,
        "Interest Expense Non Operating": NaN,
        "Operating Income": NaN,
        "Operating Expense": NaN,
        "Other Operating Expenses": NaN,
        "Selling General And Administration": NaN,
        "Selling And Marketing Expense": NaN,
        "General And Administrative Expense": NaN,
        "Other Gand A": NaN,
        "Gross Profit": NaN,
        "Cost Of Revenue": NaN,
        "Total Revenue": NaN,
        "Operating Revenue": NaN
    },
    "2023-12-31": {
        "Tax Effect Of Unusual Items": NaN,
        "Tax Rate For Calcs": NaN,
        "Normalized EBITDA": NaN,
        "Total Unusual Items": 0.0,
        "Total Unusual Items Excluding Goodwill": 0.0,
        "Net Income From Continuing Operation Net Minority Interest": NaN,
        "Reconciled Depreciation": NaN,
        "Reconciled Cost Of Revenue": NaN,
        "EBITDA": NaN,
        "EBIT": NaN,
        "Net Interest Income": NaN,
        "Interest Expense": NaN,
        "Normalized Income": NaN,
        "Net Income From Continuing And Discontinued Operation": NaN,
        "Total Expenses": NaN,
        "Diluted Average Shares": NaN,
        "Basic Average Shares": NaN,
        "Diluted EPS": NaN,
        "Basic EPS": NaN,
        "Diluted NI Availto Com Stockholders": NaN,
        "Net Income Common Stockholders": NaN,
        "Net Income": NaN,
        "Minority Interests": NaN,
        "Net Income Including Noncontrolling Interests": NaN,
        "Net Income Continuous Operations": NaN,
        "Tax Provision": NaN,
        "Pretax Income": NaN,
        "Other Income Expense": NaN,
        "Other Non Operating Income Expenses": NaN,
        "Special Income Charges": 0.0,
        "Gain On Sale Of Ppe": 0.0,
        "Write Off": 0.0,
        "Net Non Operating Interest Income Expense": NaN,
        "Interest Expense Non Operating": NaN,
        "Operating Income": NaN,
        "Operating Expense": NaN,
        "Other Operating Expenses": NaN,
        "Selling General And Administration": NaN,
        "Selling And Marketing Expense": NaN,
        "General And Administrative Expense": NaN,
        "Other Gand A": NaN,
        "Gross Profit": NaN,
        "Cost Of Revenue": NaN,
        "Total Revenue": NaN,
        "Operating Revenue": NaN
    },
    "2024-03-31": {
        "Tax Effect Of Unusual Items": 0.0,
        "Tax Rate For Calcs": 0.245936,
        "Normalized EBITDA": 2085000000.0,
        "Total Unusual Items": NaN,
        "Total Unusual Items Excluding Goodwill": NaN,
        "Net Income From Continuing Operation Net Minority Interest": 972000000.0,
        "Reconciled Depreciation": 557000000.0,
        "Reconciled Cost Of Revenue": 613000000.0,
        "EBITDA": 2085000000.0,
        "EBIT": 1528000000.0,
        "Net Interest Income": -113000000.0,
        "Interest Expense": 113000000.0,
        "Normalized Income": 972000000.0,
        "Net Income From Continuing And Discontinued Operation": 972000000.0,
        "Total Expenses": 1813000000.0,
        "Diluted Average Shares": 308111879.0,
        "Basic Average Shares": 308111879.0,
        "Diluted EPS": 3.154698,
        "Basic EPS": 3.154698,
        "Diluted NI Availto Com Stockholders": 972000000.0,
        "Net Income Common Stockholders": 972000000.0,
        "Net Income": 972000000.0,
        "Minority Interests": -95000000.0,
        "Net Income Including Noncontrolling Interests": 1067000000.0,
        "Net Income Continuous Operations": 1067000000.0,
        "Tax Provision": 348000000.0,
        "Pretax Income": 1415000000.0,
        "Other Income Expense": 32000000.0,
        "Other Non Operating Income Expenses": 32000000.0,
        "Special Income Charges": NaN,
        "Gain On Sale Of Ppe": NaN,
        "Write Off": NaN,
        "Net Non Operating Interest Income Expense": -113000000.0,
        "Interest Expense Non Operating": 113000000.0,
        "Operating Income": 1496000000.0,
        "Operating Expense": 1200000000.0,
        "Other Operating Expenses": 454000000.0,
        "Selling General And Administration": 746000000.0,
        "Selling And Marketing Expense": 622000000.0,
        "General And Administrative Expense": 124000000.0,
        "Other Gand A": 124000000.0,
        "Gross Profit": 2696000000.0,
        "Cost Of Revenue": 613000000.0,
        "Total Revenue": 3309000000.0,
        "Operating Revenue": 3308000000.0
    },
    "2024-06-30": {
        "Tax Effect Of Unusual Items": 0.0,
        "Tax Rate For Calcs": 0.258065,
        "Normalized EBITDA": 1853000000.0,
        "Total Unusual Items": 0.0,
        "Total Unusual Items Excluding Goodwill": 0.0,
        "Net Income From Continuing Operation Net Minority Interest": 757000000.0,
        "Reconciled Depreciation": 600000000.0,
        "Reconciled Cost Of Revenue": 664000000.0,
        "EBITDA": 1853000000.0,
        "EBIT": 1253000000.0,
        "Net Interest Income": -106000000.0,
        "Interest Expense": 106000000.0,
        "Normalized Income": 757000000.0,
        "Net Income From Continuing And Discontinued Operation": 757000000.0,
        "Total Expenses": 2002000000.0,
        "Diluted Average Shares": 308300000.0,
        "Basic Average Shares": 308114909.0,
        "Diluted EPS": 2.456876,
        "Basic EPS": 2.456876,
        "Diluted NI Availto Com Stockholders": 757000000.0,
        "Net Income Common Stockholders": 757000000.0,
        "Net Income": 757000000.0,
        "Minority Interests": -94000000.0,
        "Net Income Including Noncontrolling Interests": 851000000.0,
        "Net Income Continuous Operations": 851000000.0,
        "Tax Provision": 296000000.0,
        "Pretax Income": 1147000000.0,
        "Other Income Expense": 53000000.0,
        "Other Non Operating Income Expenses": 53000000.0,
        "Special Income Charges": 0.0,
        "Gain On Sale Of Ppe": NaN,
        "Write Off": 0.0,
        "Net Non Operating Interest Income Expense": -106000000.0,
        "Interest Expense Non Operating": 106000000.0,
        "Operating Income": 1200000000.0,
        "Operating Expense": 1338000000.0,
        "Other Operating Expenses": 591000000.0,
        "Selling General And Administration": 747000000.0,
        "Selling And Marketing Expense": 632000000.0,
        "General And Administrative Expense": 115000000.0,
        "Other Gand A": 115000000.0,
        "Gross Profit": 2538000000.0,
        "Cost Of Revenue": 664000000.0,
        "Total Revenue": 3202000000.0,
        "Operating Revenue": 3197000000.0
    },
    "2024-09-30": {
        "Tax Effect Of Unusual Items": -40937500.0,
        "Tax Rate For Calcs": 0.3125,
        "Normalized EBITDA": 1800000000.0,
        "Total Unusual Items": -131000000.0,
        "Total Unusual Items Excluding Goodwill": -131000000.0,
        "Net Income From Continuing Operation Net Minority Interest": 498000000.0,
        "Reconciled Depreciation": 705000000.0,
        "Reconciled Cost Of Revenue": 699000000.0,
        "EBITDA": 1669000000.0,
        "EBIT": 964000000.0,
        "Net Interest Income": -100000000.0,
        "Interest Expense": 100000000.0,
        "Normalized Income": 588062500.0,
        "Net Income From Continuing And Discontinued Operation": 498000000.0,
        "Total Expenses": 2101000000.0,
        "Diluted Average Shares": 308300000.0,
        "Basic Average Shares": 308118241.0,
        "Diluted EPS": 1.616263,
        "Basic EPS": 1.616263,
        "Diluted NI Availto Com Stockholders": 498000000.0,
        "Net Income Common Stockholders": 498000000.0,
        "Net Income": 498000000.0,
        "Minority Interests": -96000000.0,
        "Net Income Including Noncontrolling Interests": 594000000.0,
        "Net Income Continuous Operations": 594000000.0,
        "Tax Provision": 270000000.0,
        "Pretax Income": 864000000.0,
        "Other Income Expense": -126000000.0,
        "Other Non Operating Income Expenses": 5000000.0,
        "Special Income Charges": -131000000.0,
        "Gain On Sale Of Ppe": 1000000.0,
        "Write Off": 132000000.0,
        "Net Non Operating Interest Income Expense": -100000000.0,
        "Interest Expense Non Operating": 100000000.0,
        "Operating Income": 1090000000.0,
        "Operating Expense": 1402000000.0,
        "Other Operating Expenses": 571000000.0,
        "Selling General And Administration": 831000000.0,
        "Selling And Marketing Expense": 713000000.0,
        "General And Administrative Expense": 118000000.0,
        "Other Gand A": 118000000.0,
        "Gross Profit": 2492000000.0,
        "Cost Of Revenue": 699000000.0,
        "Total Revenue": 3191000000.0,
        "Operating Revenue": 3189000000.0
    },
    "2024-12-31": {
        "Tax Effect Of Unusual Items": 0.0,
        "Tax Rate For Calcs": 0.310345,
        "Normalized EBITDA": 1646000000.0,
        "Total Unusual Items": 0.0,
        "Total Unusual Items Excluding Goodwill": 0.0,
        "Net Income From Continuing Operation Net Minority Interest": 542000000.0,
        "Reconciled Depreciation": 625000000.0,
        "Reconciled Cost Of Revenue": 745000000.0,
        "EBITDA": 1646000000.0,
        "EBIT": 1021000000.0,
        "Net Interest Income": -93000000.0,
        "Interest Expense": 93000000.0,
        "Normalized Income": 542000000.0,
        "Net Income From Continuing And Discontinued Operation": 542000000.0,
        "Total Expenses": 2204000000.0,
        "Diluted Average Shares": 308500000.0,
        "Basic Average Shares": 307954545.0,
        "Diluted EPS": 1.76,
        "Basic EPS": 1.76,
        "Diluted NI Availto Com Stockholders": 542000000.0,
        "Net Income Common Stockholders": 542000000.0,
        "Net Income": 542000000.0,
        "Minority Interests": -98000000.0,
        "Net Income Including Noncontrolling Interests": 640000000.0,
        "Net Income Continuous Operations": 640000000.0,
        "Tax Provision": 288000000.0,
        "Pretax Income": 928000000.0,
        "Other Income Expense": 31000000.0,
        "Other Non Operating Income Expenses": 31000000.0,
        "Special Income Charges": 0.0,
        "Gain On Sale Of Ppe": 0.0,
        "Write Off": 0.0,
        "Net Non Operating Interest Income Expense": -93000000.0,
        "Interest Expense Non Operating": 93000000.0,
        "Operating Income": 990000000.0,
        "Operating Expense": 1459000000.0,
        "Other Operating Expenses": 671000000.0,
        "Selling General And Administration": 788000000.0,
        "Selling And Marketing Expense": 653000000.0,
        "General And Administrative Expense": 135000000.0,
        "Other Gand A": 135000000.0,
        "Gross Profit": 2449000000.0,
        "Cost Of Revenue": 745000000.0,
        "Total Revenue": 3194000000.0,
        "Operating Revenue": 3155000000.0
    },
    "2025-03-31": {
        "Tax Effect Of Unusual Items": 0.0,
        "Tax Rate For Calcs": 0.331626,
        "Normalized EBITDA": 1492000000.0,
        "Total Unusual Items": NaN,
        "Total Unusual Items Excluding Goodwill": NaN,
        "Net Income From Continuing Operation Net Minority Interest": 430000000.0,
        "Reconciled Depreciation": 619000000.0,
        "Reconciled Cost Of Revenue": 670000000.0,
        "EBITDA": 1492000000.0,
        "EBIT": 873000000.0,
        "Net Interest Income": -92000000.0,
        "Interest Expense": 92000000.0,
        "Normalized Income": 430000000.0,
        "Net Income From Continuing And Discontinued Operation": 430000000.0,
        "Total Expenses": 2065000000.0,
        "Diluted Average Shares": 308600000.0,
        "Basic Average Shares": 307400000.0,
        "Diluted EPS": 1.39,
        "Basic EPS": 1.4,
        "Diluted NI Availto Com Stockholders": 430000000.0,
        "Net Income Common Stockholders": 430000000.0,
        "Net Income": 430000000.0,
        "Minority Interests": -92000000.0,
        "Net Income Including Noncontrolling Interests": 522000000.0,
        "Net Income Continuous Operations": 522000000.0,
        "Tax Provision": 259000000.0,
        "Pretax Income": 781000000.0,
        "Other Income Expense": 26000000.0,
        "Other Non Operating Income Expenses": 26000000.0,
        "Special Income Charges": NaN,
        "Gain On Sale Of Ppe": NaN,
        "Write Off": NaN,
        "Net Non Operating Interest Income Expense": -92000000.0,
        "Interest Expense Non Operating": 92000000.0,
        "Operating Income": 847000000.0,
        "Operating Expense": 1395000000.0,
        "Other Operating Expenses": 546000000.0,
        "Selling General And Administration": 849000000.0,
        "Selling And Marketing Expense": 578000000.0,
        "General And Administrative Expense": 271000000.0,
        "Other Gand A": 271000000.0,
        "Gross Profit": 2242000000.0,
        "Cost Of Revenue": 670000000.0,
        "Total Revenue": 2912000000.0,
        "Operating Revenue": 2911000000.0
    }
}