{
    "2023-06-30": {
        "Tax Effect Of Unusual Items": NaN,
        "Tax Rate For Calcs": NaN,
        "Total Unusual Items": NaN,
        "Total Unusual Items Excluding Goodwill": NaN,
        "Net Income From Continuing Operation Net Minority Interest": NaN,
        "Reconciled Depreciation": NaN,
        "Net Interest Income": NaN,
        "Interest Expense": NaN,
        "Interest Income": NaN,
        "Normalized Income": NaN,
        "Net Income From Continuing And Discontinued Operation": NaN,
        "Diluted Average Shares": 3113769.0,
        "Basic Average Shares": 3015858.0,
        "Diluted EPS": 0.4,
        "Basic EPS": 0.42,
        "Diluted NI Availto Com Stockholders": NaN,
        "Net Income Common Stockholders": NaN,
        "Net Income": NaN,
        "Net Income Including Noncontrolling Interests": NaN,
        "Net Income Continuous Operations": NaN,
        "Tax Provision": NaN,
        "Pretax Income": NaN,
        "Gain On Sale Of Security": NaN,
        "Depreciation Amortization Depletion Income Statement": NaN,
        "Depreciation And Amortization In Income Statement": NaN,
        "Amortization": NaN,
        "Amortization Of Intangibles Income Statement": NaN,
        "Selling General And Administration": NaN,
        "Selling And Marketing Expense": NaN,
        "General And Administrative Expense": NaN,
        "Insurance And Claims": NaN,
        "Salaries And Wages": NaN,
        "Total Revenue": NaN,
        "Operating Revenue": NaN,
        "Occupancy And Equipment": NaN,
        "Professional Expense And Contract Services Expense": NaN,
        "Other Non Interest Expense": NaN
    },
    "2023-03-31": {
        "Tax Effect Of Unusual Items": NaN,
        "Tax Rate For Calcs": NaN,
        "Total Unusual Items": NaN,
        "Total Unusual Items Excluding Goodwill": NaN,
        "Net Income From Continuing Operation Net Minority Interest": NaN,
        "Reconciled Depreciation": NaN,
        "Net Interest Income": NaN,
        "Interest Expense": NaN,
        "Interest Income": NaN,
        "Normalized Income": NaN,
        "Net Income From Continuing And Discontinued Operation": NaN,
        "Diluted Average Shares": NaN,
        "Basic Average Shares": NaN,
        "Diluted EPS": NaN,
        "Basic EPS": NaN,
        "Diluted NI Availto Com Stockholders": NaN,
        "Net Income Common Stockholders": NaN,
        "Net Income": NaN,
        "Net Income Including Noncontrolling Interests": NaN,
        "Net Income Continuous Operations": NaN,
        "Tax Provision": NaN,
        "Pretax Income": NaN,
        "Gain On Sale Of Security": 0.0,
        "Depreciation Amortization Depletion Income Statement": NaN,
        "Depreciation And Amortization In Income Statement": NaN,
        "Amortization": NaN,
        "Amortization Of Intangibles Income Statement": NaN,
        "Selling General And Administration": NaN,
        "Selling And Marketing Expense": NaN,
        "General And Administrative Expense": NaN,
        "Insurance And Claims": NaN,
        "Salaries And Wages": NaN,
        "Total Revenue": NaN,
        "Operating Revenue": NaN,
        "Occupancy And Equipment": NaN,
        "Professional Expense And Contract Services Expense": NaN,
        "Other Non Interest Expense": NaN
    },
    "2022-12-31": {
        "Tax Effect Of Unusual Items": 0.0,
        "Tax Rate For Calcs": 0.205841,
        "Total Unusual Items": 0.0,
        "Total Unusual Items Excluding Goodwill": 0.0,
        "Net Income From Continuing Operation Net Minority Interest": 1713000.0,
        "Reconciled Depreciation": 213000.0,
        "Net Interest Income": 5324000.0,
        "Interest Expense": 764000.0,
        "Interest Income": 6088000.0,
        "Normalized Income": 1713000.0,
        "Net Income From Continuing And Discontinued Operation": 1713000.0,
        "Diluted Average Shares": 3131382.0,
        "Basic Average Shares": 2995164.0,
        "Diluted EPS": 0.55,
        "Basic EPS": 0.57,
        "Diluted NI Availto Com Stockholders": 1713000.0,
        "Net Income Common Stockholders": 1713000.0,
        "Net Income": 1713000.0,
        "Net Income Including Noncontrolling Interests": 1713000.0,
        "Net Income Continuous Operations": 1713000.0,
        "Tax Provision": 444000.0,
        "Pretax Income": 2157000.0,
        "Depreciation Amortization Depletion Income Statement": 0.0,
        "Depreciation And Amortization In Income Statement": 0.0,
        "Amortization": 0.0,
        "Amortization Of Intangibles Income Statement": 0.0,
        "Selling General And Administration": 2214000.0,
        "Selling And Marketing Expense": 68000.0,
        "General And Administrative Expense": 2146000.0,
        "Insurance And Claims": 53000.0,
        "Salaries And Wages": 2093000.0,
        "Total Revenue": 5801000.0,
        "Operating Revenue": 5801000.0
    },
    "2022-09-30": {
        "Tax Effect Of Unusual Items": 0.0,
        "Tax Rate For Calcs": 0.005357,
        "Total Unusual Items": NaN,
        "Total Unusual Items Excluding Goodwill": NaN,
        "Net Income From Continuing Operation Net Minority Interest": 1671000.0,
        "Reconciled Depreciation": 218000.0,
        "Net Interest Income": 5305000.0,
        "Interest Expense": 476000.0,
        "Interest Income": 5781000.0,
        "Normalized Income": 1671000.0,
        "Net Income From Continuing And Discontinued Operation": 1671000.0,
        "Diluted Average Shares": 3227418.0,
        "Basic Average Shares": 3065552.0,
        "Diluted EPS": 0.52,
        "Basic EPS": 0.55,
        "Diluted NI Availto Com Stockholders": 1671000.0,
        "Net Income Common Stockholders": 1671000.0,
        "Net Income": 1671000.0,
        "Net Income Including Noncontrolling Interests": 1671000.0,
        "Net Income Continuous Operations": 1671000.0,
        "Tax Provision": 9000.0,
        "Pretax Income": 1680000.0,
        "Depreciation Amortization Depletion Income Statement": NaN,
        "Depreciation And Amortization In Income Statement": NaN,
        "Amortization": NaN,
        "Amortization Of Intangibles Income Statement": NaN,
        "Selling General And Administration": 2403000.0,
        "Selling And Marketing Expense": 74000.0,
        "General And Administrative Expense": 2329000.0,
        "Other Gand A": 181000.0,
        "Insurance And Claims": 47000.0,
        "Salaries And Wages": 2282000.0,
        "Total Revenue": 5799000.0,
        "Operating Revenue": 5799000.0
    },
    "2022-06-30": {
        "Tax Effect Of Unusual Items": 0.0,
        "Tax Rate For Calcs": 0.161037,
        "Total Unusual Items": 0.0,
        "Total Unusual Items Excluding Goodwill": 0.0,
        "Net Income From Continuing Operation Net Minority Interest": 1068000.0,
        "Reconciled Depreciation": 202000.0,
        "Net Interest Income": 4679000.0,
        "Interest Expense": 403000.0,
        "Interest Income": 5082000.0,
        "Normalized Income": 1068000.0,
        "Net Income From Continuing And Discontinued Operation": 1068000.0,
        "Diluted Average Shares": 3473388.0,
        "Basic Average Shares": 3296280.0,
        "Diluted EPS": 0.31,
        "Basic EPS": 0.33,
        "Diluted NI Availto Com Stockholders": 1068000.0,
        "Net Income Common Stockholders": 1068000.0,
        "Net Income": 1068000.0,
        "Net Income Including Noncontrolling Interests": 1068000.0,
        "Net Income Continuous Operations": 1068000.0,
        "Tax Provision": 205000.0,
        "Pretax Income": 1273000.0,
        "Depreciation Amortization Depletion Income Statement": NaN,
        "Depreciation And Amortization In Income Statement": NaN,
        "Amortization": NaN,
        "Amortization Of Intangibles Income Statement": NaN,
        "Selling General And Administration": 2445000.0,
        "Selling And Marketing Expense": 97000.0,
        "General And Administrative Expense": 2348000.0,
        "Other Gand A": 286000.0,
        "Insurance And Claims": 39000.0,
        "Salaries And Wages": 2309000.0,
        "Total Revenue": 5232000.0,
        "Operating Revenue": 5232000.0
    },
    "2022-03-31": {
        "Diluted EPS": 0.37,
        "Total Revenue": 6,
        "Gross Profit": 5,
        "Operating Income": 2,
        "EBIT": NaN,
        "Net Income": 1
    },
    "2021-12-31": {
        "Diluted EPS": 0.34,
        "Total Revenue": 6,
        "Gross Profit": 5,
        "Operating Income": 1,
        "EBIT": NaN,
        "Net Income": 1
    },
    "2021-09-30": {
        "Diluted EPS": 0.38,
        "Total Revenue": 6,
        "Gross Profit": 5,
        "Operating Income": 2,
        "EBIT": NaN,
        "Net Income": 1
    },
    "2021-06-30": {
        "Diluted EPS": 0.37,
        "Total Revenue": 6,
        "Gross Profit": 5,
        "Operating Income": 2,
        "EBIT": NaN,
        "Net Income": 1
    },
    "2021-03-31": {
        "Diluted EPS": 0.41,
        "Total Revenue": 6,
        "Gross Profit": 6,
        "Operating Income": 2,
        "EBIT": NaN,
        "Net Income": 1
    },
    "2020-12-31": {
        "Diluted EPS": 0.42,
        "Total Revenue": 7,
        "Gross Profit": 6,
        "Operating Income": 2,
        "EBIT": NaN,
        "Net Income": 1
    },
    "2020-09-30": {
        "Diluted EPS": 0.37,
        "Total Revenue": 7,
        "Gross Profit": 6,
        "Operating Income": 2,
        "EBIT": NaN,
        "Net Income": 1
    },
    "2020-06-30": {
        "Diluted EPS": 0.3,
        "Total Revenue": 6,
        "Gross Profit": 5,
        "Operating Income": 1,
        "EBIT": NaN,
        "Net Income": 1
    },
    "2020-03-31": {
        "Diluted EPS": 0.27,
        "Total Revenue": 6,
        "Gross Profit": 5,
        "Operating Income": 1,
        "EBIT": NaN,
        "Net Income": 1
    },
    "2019-12-31": {
        "Diluted EPS": 0.16,
        "Total Revenue": 6,
        "Gross Profit": 5,
        "Operating Income": 1,
        "EBIT": NaN,
        "Net Income": 1
    },
    "2019-09-30": {
        "Diluted EPS": 0.34,
        "Total Revenue": 6,
        "Gross Profit": 5,
        "Operating Income": 2,
        "EBIT": NaN,
        "Net Income": 1
    },
    "2019-06-30": {
        "Diluted EPS": 0.31,
        "Total Revenue": 6,
        "Gross Profit": 4,
        "Operating Income": 1,
        "EBIT": NaN,
        "Net Income": 1
    },
    "2019-03-31": {
        "Diluted EPS": 0.32,
        "Total Revenue": 5,
        "Gross Profit": 4,
        "Operating Income": 1,
        "EBIT": NaN,
        "Net Income": 1
    },
    "2018-12-31": {
        "Diluted EPS": 0.31,
        "Total Revenue": 5,
        "Gross Profit": 4,
        "Operating Income": 2,
        "EBIT": NaN,
        "Net Income": 1
    },
    "2018-09-30": {
        "Diluted EPS": 0.32,
        "Total Revenue": 6,
        "Gross Profit": 5,
        "Operating Income": 2,
        "EBIT": NaN,
        "Net Income": 1
    },
    "2018-06-30": {
        "Diluted EPS": 0.31,
        "Total Revenue": 6,
        "Gross Profit": 5,
        "Operating Income": 2,
        "EBIT": NaN,
        "Net Income": 1
    },
    "2018-03-31": {
        "Diluted EPS": 0.27,
        "Total Revenue": 5,
        "Gross Profit": 4,
        "Operating Income": 1,
        "EBIT": NaN,
        "Net Income": 1
    },
    "2017-12-31": {
        "Diluted EPS": 0.1,
        "Total Revenue": 5,
        "Gross Profit": 4,
        "Operating Income": 1,
        "EBIT": NaN,
        "Net Income": 0
    },
    "2017-09-30": {
        "Diluted EPS": 0.27,
        "Total Revenue": 6,
        "Gross Profit": 5,
        "Operating Income": 2,
        "EBIT": NaN,
        "Net Income": 1
    },
    "2017-06-30": {
        "Diluted EPS": 0.27,
        "Total Revenue": 6,
        "Gross Profit": 5,
        "Operating Income": 2,
        "EBIT": NaN,
        "Net Income": 1
    },
    "2017-03-31": {
        "Diluted EPS": 0.22,
        "Total Revenue": 5,
        "Gross Profit": 4,
        "Operating Income": 1,
        "EBIT": NaN,
        "Net Income": 1
    },
    "2016-12-31": {
        "Diluted EPS": 0.2,
        "Total Revenue": 5,
        "Gross Profit": 4,
        "Operating Income": 1,
        "EBIT": NaN,
        "Net Income": 1
    },
    "2016-09-30": {
        "Diluted EPS": 0.27,
        "Total Revenue": 5,
        "Gross Profit": 5,
        "Operating Income": 2,
        "EBIT": NaN,
        "Net Income": 1
    },
    "2016-06-30": {
        "Diluted EPS": 0.26,
        "Total Revenue": 5,
        "Gross Profit": 4,
        "Operating Income": 1,
        "EBIT": NaN,
        "Net Income": 1
    },
    "2016-03-31": {
        "Diluted EPS": 0.2,
        "Total Revenue": 5,
        "Gross Profit": 4,
        "Operating Income": 1,
        "EBIT": NaN,
        "Net Income": 1
    },
    "2015-12-31": {
        "Diluted EPS": 0.18,
        "Total Revenue": 4,
        "Gross Profit": 4,
        "Operating Income": 1,
        "EBIT": NaN,
        "Net Income": 1
    },
    "2015-09-30": {
        "Diluted EPS": 0.24,
        "Total Revenue": 5,
        "Gross Profit": 4,
        "Operating Income": 1,
        "EBIT": NaN,
        "Net Income": 1
    },
    "2015-06-30": {
        "Diluted EPS": 0.21,
        "Total Revenue": 5,
        "Gross Profit": 4,
        "Operating Income": 1,
        "EBIT": NaN,
        "Net Income": 1
    },
    "2015-03-31": {
        "Diluted EPS": 0.21,
        "Total Revenue": 5,
        "Gross Profit": 4,
        "Operating Income": 1,
        "EBIT": NaN,
        "Net Income": 1
    },
    "2014-12-31": {
        "Diluted EPS": 0.21,
        "Total Revenue": 4,
        "Gross Profit": 4,
        "Operating Income": 1,
        "EBIT": NaN,
        "Net Income": 1
    },
    "2014-09-30": {
        "Diluted EPS": 0.2,
        "Total Revenue": 4,
        "Gross Profit": 4,
        "Operating Income": 1,
        "EBIT": NaN,
        "Net Income": 1
    },
    "2014-06-30": {
        "Diluted EPS": 0.18,
        "Total Revenue": 4,
        "Gross Profit": 3,
        "Operating Income": 1,
        "EBIT": NaN,
        "Net Income": 1
    },
    "2014-03-31": {
        "Diluted EPS": 0.16,
        "Total Revenue": 4,
        "Gross Profit": 3,
        "Operating Income": 1,
        "EBIT": NaN,
        "Net Income": 1
    },
    "2013-12-31": {
        "Diluted EPS": 0.15,
        "Total Revenue": 4,
        "Gross Profit": 3,
        "Operating Income": 1,
        "EBIT": NaN,
        "Net Income": 1
    },
    "2013-09-30": {
        "Diluted EPS": 0.17,
        "Total Revenue": 4,
        "Gross Profit": 3,
        "Operating Income": 1,
        "EBIT": NaN,
        "Net Income": 1
    },
    "2013-06-30": {
        "Diluted EPS": 0.16,
        "Total Revenue": 4,
        "Gross Profit": 3,
        "Operating Income": 1,
        "EBIT": NaN,
        "Net Income": 1
    },
    "2013-03-31": {
        "Diluted EPS": 0.15,
        "Total Revenue": 4,
        "Gross Profit": 3,
        "Operating Income": 1,
        "EBIT": NaN,
        "Net Income": 1
    },
    "2012-12-31": {
        "Diluted EPS": 0.18,
        "Total Revenue": 4,
        "Gross Profit": 4,
        "Operating Income": 1,
        "EBIT": NaN,
        "Net Income": 1
    },
    "2012-09-30": {
        "Diluted EPS": 0.18,
        "Total Revenue": 4,
        "Gross Profit": 4,
        "Operating Income": 1,
        "EBIT": NaN,
        "Net Income": 1
    },
    "2012-06-30": {
        "Diluted EPS": 0.15,
        "Total Revenue": 4,
        "Gross Profit": 3,
        "Operating Income": 1,
        "EBIT": NaN,
        "Net Income": 1
    },
    "2012-03-31": {
        "Diluted EPS": 0.11,
        "Total Revenue": 4,
        "Gross Profit": 3,
        "Operating Income": 1,
        "EBIT": NaN,
        "Net Income": 1
    },
    "2011-12-31": {
        "Diluted EPS": 0.12,
        "Total Revenue": 4,
        "Gross Profit": 3,
        "Operating Income": 1,
        "EBIT": NaN,
        "Net Income": 1
    },
    "2011-09-30": {
        "Diluted EPS": 0.14,
        "Total Revenue": 4,
        "Gross Profit": 3,
        "Operating Income": 1,
        "EBIT": NaN,
        "Net Income": 1
    },
    "2011-06-30": {
        "Diluted EPS": 0.09,
        "Total Revenue": 3,
        "Gross Profit": 3,
        "Operating Income": 1,
        "EBIT": NaN,
        "Net Income": 0
    },
    "2011-03-31": {
        "Diluted EPS": 0.06,
        "Total Revenue": 3,
        "Gross Profit": 2,
        "Operating Income": 0,
        "EBIT": NaN,
        "Net Income": 0
    },
    "2010-12-31": {
        "Diluted EPS": 0.09,
        "Total Revenue": 3,
        "Gross Profit": 3,
        "Operating Income": 1,
        "EBIT": NaN,
        "Net Income": 1
    },
    "2010-09-30": {
        "Diluted EPS": 0.11,
        "Total Revenue": 3,
        "Gross Profit": 3,
        "Operating Income": 1,
        "EBIT": NaN,
        "Net Income": 1
    },
    "2010-06-30": {
        "Diluted EPS": 0.07,
        "Total Revenue": 3,
        "Gross Profit": 2,
        "Operating Income": 1,
        "EBIT": NaN,
        "Net Income": 0
    },
    "2010-03-31": {
        "Diluted EPS": -0.05,
        "Total Revenue": 2,
        "Gross Profit": 1,
        "Operating Income": 0,
        "EBIT": NaN,
        "Net Income": 0
    },
    "2009-12-31": {
        "Diluted EPS": 0.04,
        "Total Revenue": 3,
        "Gross Profit": 2,
        "Operating Income": 0,
        "EBIT": NaN,
        "Net Income": 0
    },
    "2009-09-30": {
        "Diluted EPS": 0.04,
        "Total Revenue": 2,
        "Gross Profit": 1,
        "Operating Income": 0,
        "EBIT": NaN,
        "Net Income": 0
    },
    "2009-06-30": {
        "Diluted EPS": 0.01,
        "Total Revenue": 2,
        "Gross Profit": 1,
        "Operating Income": 0,
        "EBIT": NaN,
        "Net Income": 0
    },
    "2009-03-31": {
        "Diluted EPS": 0.04,
        "Total Revenue": 2,
        "Gross Profit": 1,
        "Operating Income": 0,
        "EBIT": NaN,
        "Net Income": 0
    },
    "2023-09-30": {
        "Tax Effect Of Unusual Items": NaN,
        "Tax Rate For Calcs": NaN,
        "Total Unusual Items": NaN,
        "Total Unusual Items Excluding Goodwill": NaN,
        "Net Income From Continuing Operation Net Minority Interest": NaN,
        "Reconciled Depreciation": NaN,
        "Net Interest Income": NaN,
        "Interest Expense": NaN,
        "Interest Income": NaN,
        "Normalized Income": NaN,
        "Net Income From Continuing And Discontinued Operation": NaN,
        "Diluted Average Shares": 3108000.0,
        "Basic Average Shares": 3029000.0,
        "Diluted EPS": 0.39,
        "Basic EPS": 0.4,
        "Diluted NI Availto Com Stockholders": NaN,
        "Net Income Common Stockholders": NaN,
        "Net Income": NaN,
        "Net Income Including Noncontrolling Interests": NaN,
        "Net Income Continuous Operations": NaN,
        "Tax Provision": NaN,
        "Pretax Income": NaN,
        "Gain On Sale Of Security": NaN,
        "Depreciation Amortization Depletion Income Statement": NaN,
        "Depreciation And Amortization In Income Statement": NaN,
        "Amortization": NaN,
        "Amortization Of Intangibles Income Statement": NaN,
        "Selling General And Administration": NaN,
        "Selling And Marketing Expense": NaN,
        "General And Administrative Expense": NaN,
        "Insurance And Claims": NaN,
        "Salaries And Wages": NaN,
        "Total Revenue": NaN,
        "Operating Revenue": NaN,
        "Occupancy And Equipment": NaN,
        "Professional Expense And Contract Services Expense": NaN,
        "Other Non Interest Expense": NaN
    },
    "2023-12-31": {
        "Tax Effect Of Unusual Items": NaN,
        "Tax Rate For Calcs": NaN,
        "Total Unusual Items": NaN,
        "Total Unusual Items Excluding Goodwill": NaN,
        "Net Income From Continuing Operation Net Minority Interest": NaN,
        "Reconciled Depreciation": NaN,
        "Net Interest Income": NaN,
        "Interest Expense": NaN,
        "Interest Income": NaN,
        "Normalized Income": NaN,
        "Net Income From Continuing And Discontinued Operation": NaN,
        "Diluted Average Shares": NaN,
        "Basic Average Shares": NaN,
        "Diluted EPS": NaN,
        "Basic EPS": NaN,
        "Diluted NI Availto Com Stockholders": NaN,
        "Net Income Common Stockholders": NaN,
        "Net Income": NaN,
        "Net Income Including Noncontrolling Interests": NaN,
        "Net Income Continuous Operations": NaN,
        "Tax Provision": NaN,
        "Pretax Income": NaN,
        "Gain On Sale Of Security": 0.0,
        "Depreciation Amortization Depletion Income Statement": NaN,
        "Depreciation And Amortization In Income Statement": NaN,
        "Amortization": NaN,
        "Amortization Of Intangibles Income Statement": NaN,
        "Selling General And Administration": NaN,
        "Selling And Marketing Expense": NaN,
        "General And Administrative Expense": NaN,
        "Insurance And Claims": NaN,
        "Salaries And Wages": NaN,
        "Total Revenue": NaN,
        "Operating Revenue": NaN,
        "Occupancy And Equipment": NaN,
        "Professional Expense And Contract Services Expense": NaN,
        "Other Non Interest Expense": NaN
    },
    "2024-03-31": {
        "Tax Effect Of Unusual Items": 0.0,
        "Tax Rate For Calcs": 0.193833,
        "Total Unusual Items": 0.0,
        "Total Unusual Items Excluding Goodwill": 0.0,
        "Net Income From Continuing Operation Net Minority Interest": 732000.0,
        "Reconciled Depreciation": 314000.0,
        "Net Interest Income": 4404000.0,
        "Interest Expense": 3486000.0,
        "Interest Income": 7890000.0,
        "Normalized Income": 732000.0,
        "Net Income From Continuing And Discontinued Operation": 732000.0,
        "Diluted Average Shares": 3091000.0,
        "Basic Average Shares": 3047000.0,
        "Diluted EPS": 0.24,
        "Basic EPS": 0.24,
        "Diluted NI Availto Com Stockholders": 732000.0,
        "Net Income Common Stockholders": 732000.0,
        "Net Income": 732000.0,
        "Net Income Including Noncontrolling Interests": 732000.0,
        "Net Income Continuous Operations": 732000.0,
        "Tax Provision": 176000.0,
        "Pretax Income": 908000.0,
        "Gain On Sale Of Security": 26000.0,
        "Depreciation Amortization Depletion Income Statement": 79000.0,
        "Depreciation And Amortization In Income Statement": 79000.0,
        "Amortization": 79000.0,
        "Amortization Of Intangibles Income Statement": 79000.0,
        "Selling General And Administration": 2620000.0,
        "Selling And Marketing Expense": 77000.0,
        "General And Administrative Expense": 2543000.0,
        "Insurance And Claims": 90000.0,
        "Salaries And Wages": 2453000.0,
        "Total Revenue": 4879000.0,
        "Operating Revenue": 4879000.0,
        "Occupancy And Equipment": 533000.0,
        "Professional Expense And Contract Services Expense": 179000.0,
        "Other Non Interest Expense": 549000.0
    },
    "2024-06-30": {
        "Tax Effect Of Unusual Items": 0.0,
        "Tax Rate For Calcs": 0.225728,
        "Total Unusual Items": 0.0,
        "Total Unusual Items Excluding Goodwill": 0.0,
        "Net Income From Continuing Operation Net Minority Interest": 638000.0,
        "Reconciled Depreciation": 308000.0,
        "Net Interest Income": 4361000.0,
        "Interest Expense": 3459000.0,
        "Interest Income": 7820000.0,
        "Normalized Income": 638000.0,
        "Net Income From Continuing And Discontinued Operation": 638000.0,
        "Diluted Average Shares": 3056633.0,
        "Basic Average Shares": 3056633.0,
        "Diluted EPS": 0.21,
        "Basic EPS": 0.21,
        "Diluted NI Availto Com Stockholders": 638000.0,
        "Net Income Common Stockholders": 638000.0,
        "Net Income": 638000.0,
        "Net Income Including Noncontrolling Interests": 638000.0,
        "Net Income Continuous Operations": 638000.0,
        "Tax Provision": 186000.0,
        "Pretax Income": 824000.0,
        "Gain On Sale Of Security": 0.0,
        "Depreciation Amortization Depletion Income Statement": 76000.0,
        "Depreciation And Amortization In Income Statement": 76000.0,
        "Amortization": 76000.0,
        "Amortization Of Intangibles Income Statement": 76000.0,
        "Selling General And Administration": 2549000.0,
        "Selling And Marketing Expense": 58000.0,
        "General And Administrative Expense": 2491000.0,
        "Insurance And Claims": 104000.0,
        "Salaries And Wages": 2387000.0,
        "Total Revenue": 4835000.0,
        "Operating Revenue": 4835000.0,
        "Occupancy And Equipment": 577000.0,
        "Professional Expense And Contract Services Expense": 207000.0,
        "Other Non Interest Expense": 557000.0
    },
    "2024-09-30": {
        "Tax Effect Of Unusual Items": -53340.0,
        "Tax Rate For Calcs": 0.21,
        "Total Unusual Items": -254000.0,
        "Total Unusual Items Excluding Goodwill": -254000.0,
        "Net Income From Continuing Operation Net Minority Interest": 941000.0,
        "Reconciled Depreciation": 280000.0,
        "Net Interest Income": 4427000.0,
        "Interest Expense": 3314000.0,
        "Interest Income": 7741000.0,
        "Normalized Income": 1141660.0,
        "Net Income From Continuing And Discontinued Operation": 941000.0,
        "Diluted Average Shares": 3072000.0,
        "Basic Average Shares": 3058000.0,
        "Diluted EPS": 0.31,
        "Basic EPS": 0.31,
        "Diluted NI Availto Com Stockholders": 941000.0,
        "Net Income Common Stockholders": 941000.0,
        "Net Income": 941000.0,
        "Net Income Including Noncontrolling Interests": 941000.0,
        "Net Income Continuous Operations": 941000.0,
        "Tax Provision": -2000.0,
        "Pretax Income": 939000.0,
        "Gain On Sale Of Security": NaN,
        "Depreciation Amortization Depletion Income Statement": 74000.0,
        "Depreciation And Amortization In Income Statement": 74000.0,
        "Amortization": 74000.0,
        "Amortization Of Intangibles Income Statement": 74000.0,
        "Selling General And Administration": 2449000.0,
        "Selling And Marketing Expense": 57000.0,
        "General And Administrative Expense": 2392000.0,
        "Insurance And Claims": 90000.0,
        "Salaries And Wages": 2302000.0,
        "Total Revenue": 4699000.0,
        "Operating Revenue": 4699000.0,
        "Occupancy And Equipment": 564000.0,
        "Professional Expense And Contract Services Expense": 249000.0,
        "Other Non Interest Expense": 647000.0
    },
    "2024-12-31": {
        "Tax Effect Of Unusual Items": -1860.0,
        "Tax Rate For Calcs": 0.155,
        "Total Unusual Items": -12000.0,
        "Total Unusual Items Excluding Goodwill": -12000.0,
        "Net Income From Continuing Operation Net Minority Interest": 1020000.0,
        "Reconciled Depreciation": 315000.0,
        "Net Interest Income": 4600000.0,
        "Interest Expense": 3058000.0,
        "Interest Income": 7658000.0,
        "Normalized Income": 1030140.0,
        "Net Income From Continuing And Discontinued Operation": 1020000.0,
        "Diluted Average Shares": 3075000.0,
        "Basic Average Shares": 3059000.0,
        "Diluted EPS": 0.33,
        "Basic EPS": 0.33,
        "Diluted NI Availto Com Stockholders": 1020000.0,
        "Net Income Common Stockholders": 1020000.0,
        "Net Income": 1020000.0,
        "Net Income Including Noncontrolling Interests": 1020000.0,
        "Net Income Continuous Operations": 1020000.0,
        "Tax Provision": 187000.0,
        "Pretax Income": 1207000.0,
        "Gain On Sale Of Security": -6000.0,
        "Depreciation Amortization Depletion Income Statement": 72000.0,
        "Depreciation And Amortization In Income Statement": 72000.0,
        "Amortization": 72000.0,
        "Amortization Of Intangibles Income Statement": 72000.0,
        "Selling General And Administration": 2348000.0,
        "Selling And Marketing Expense": 44000.0,
        "General And Administrative Expense": 2304000.0,
        "Insurance And Claims": 75000.0,
        "Salaries And Wages": 2229000.0,
        "Total Revenue": 5058000.0,
        "Operating Revenue": 5058000.0,
        "Occupancy And Equipment": 537000.0,
        "Professional Expense And Contract Services Expense": 325000.0,
        "Other Non Interest Expense": 524000.0
    },
    "2025-03-31": {
        "Tax Effect Of Unusual Items": 0.0,
        "Tax Rate For Calcs": 0.216754,
        "Total Unusual Items": 0.0,
        "Total Unusual Items Excluding Goodwill": 0.0,
        "Net Income From Continuing Operation Net Minority Interest": 748000.0,
        "Reconciled Depreciation": 365000.0,
        "Net Interest Income": 4674000.0,
        "Interest Expense": 2751000.0,
        "Interest Income": 7425000.0,
        "Normalized Income": 748000.0,
        "Net Income From Continuing And Discontinued Operation": 748000.0,
        "Diluted Average Shares": 3088000.0,
        "Basic Average Shares": 3062000.0,
        "Diluted EPS": 0.24,
        "Basic EPS": 0.24,
        "Diluted NI Availto Com Stockholders": 748000.0,
        "Net Income Common Stockholders": 748000.0,
        "Net Income": 748000.0,
        "Net Income Including Noncontrolling Interests": 748000.0,
        "Net Income Continuous Operations": 748000.0,
        "Tax Provision": 207000.0,
        "Pretax Income": 955000.0,
        "Gain On Sale Of Security": 0.0,
        "Depreciation Amortization Depletion Income Statement": 70000.0,
        "Depreciation And Amortization In Income Statement": 70000.0,
        "Amortization": 70000.0,
        "Amortization Of Intangibles Income Statement": 70000.0,
        "Selling General And Administration": 2260000.0,
        "Selling And Marketing Expense": 22000.0,
        "General And Administrative Expense": 2238000.0,
        "Insurance And Claims": 102000.0,
        "Salaries And Wages": 2136000.0,
        "Total Revenue": 5166000.0,
        "Operating Revenue": 5166000.0,
        "Occupancy And Equipment": 610000.0,
        "Professional Expense And Contract Services Expense": 295000.0,
        "Other Non Interest Expense": 970000.0
    }
}