{
    "2023-06-30": {
        "Tax Effect Of Unusual Items": NaN,
        "Tax Rate For Calcs": NaN,
        "Normalized EBITDA": NaN,
        "Total Unusual Items": NaN,
        "Total Unusual Items Excluding Goodwill": NaN,
        "Net Income From Continuing Operation Net Minority Interest": NaN,
        "Reconciled Depreciation": NaN,
        "Reconciled Cost Of Revenue": NaN,
        "EBITDA": NaN,
        "EBIT": NaN,
        "Net Interest Income": NaN,
        "Interest Expense": NaN,
        "Interest Income": NaN,
        "Normalized Income": NaN,
        "Net Income From Continuing And Discontinued Operation": NaN,
        "Total Expenses": NaN,
        "Total Operating Income As Reported": NaN,
        "Diluted Average Shares": NaN,
        "Basic Average Shares": NaN,
        "Diluted EPS": NaN,
        "Basic EPS": NaN,
        "Diluted NI Availto Com Stockholders": NaN,
        "Net Income Common Stockholders": NaN,
        "Net Income": NaN,
        "Minority Interests": NaN,
        "Net Income Including Noncontrolling Interests": NaN,
        "Net Income Discontinuous Operations": NaN,
        "Net Income Continuous Operations": NaN,
        "Tax Provision": NaN,
        "Pretax Income": NaN,
        "Other Income Expense": NaN,
        "Special Income Charges": -16000.0,
        "Gain On Sale Of Ppe": -16000.0,
        "Other Special Charges": NaN,
        "Impairment Of Capital Assets": NaN,
        "Earnings From Equity Interest": NaN,
        "Gain On Sale Of Security": NaN,
        "Net Non Operating Interest Income Expense": NaN,
        "Interest Expense Non Operating": NaN,
        "Interest Income Non Operating": NaN,
        "Operating Income": NaN,
        "Operating Expense": NaN,
        "Other Operating Expenses": NaN,
        "Provision For Doubtful Accounts": NaN,
        "Depreciation Amortization Depletion Income Statement": NaN,
        "Depreciation And Amortization In Income Statement": NaN,
        "Selling General And Administration": NaN,
        "General And Administrative Expense": NaN,
        "Other Gand A": NaN,
        "Gross Profit": NaN,
        "Cost Of Revenue": NaN,
        "Total Revenue": NaN,
        "Operating Revenue": NaN
    },
    "2023-03-31": {
        "Tax Effect Of Unusual Items": NaN,
        "Tax Rate For Calcs": NaN,
        "Normalized EBITDA": NaN,
        "Total Unusual Items": NaN,
        "Total Unusual Items Excluding Goodwill": NaN,
        "Net Income From Continuing Operation Net Minority Interest": NaN,
        "Reconciled Depreciation": NaN,
        "Reconciled Cost Of Revenue": NaN,
        "EBITDA": NaN,
        "EBIT": NaN,
        "Net Interest Income": NaN,
        "Interest Expense": NaN,
        "Interest Income": NaN,
        "Normalized Income": NaN,
        "Net Income From Continuing And Discontinued Operation": NaN,
        "Total Expenses": NaN,
        "Total Operating Income As Reported": NaN,
        "Diluted Average Shares": NaN,
        "Basic Average Shares": NaN,
        "Diluted EPS": NaN,
        "Basic EPS": NaN,
        "Diluted NI Availto Com Stockholders": NaN,
        "Net Income Common Stockholders": NaN,
        "Net Income": NaN,
        "Minority Interests": NaN,
        "Net Income Including Noncontrolling Interests": NaN,
        "Net Income Discontinuous Operations": NaN,
        "Net Income Continuous Operations": NaN,
        "Tax Provision": NaN,
        "Pretax Income": NaN,
        "Other Income Expense": NaN,
        "Other Non Operating Income Expenses": 4981000.0,
        "Special Income Charges": NaN,
        "Gain On Sale Of Ppe": NaN,
        "Other Special Charges": NaN,
        "Impairment Of Capital Assets": NaN,
        "Earnings From Equity Interest": NaN,
        "Gain On Sale Of Security": 4730000.0,
        "Net Non Operating Interest Income Expense": NaN,
        "Interest Expense Non Operating": NaN,
        "Interest Income Non Operating": NaN,
        "Operating Income": NaN,
        "Operating Expense": NaN,
        "Other Operating Expenses": NaN,
        "Provision For Doubtful Accounts": NaN,
        "Depreciation Amortization Depletion Income Statement": NaN,
        "Depreciation And Amortization In Income Statement": NaN,
        "Selling General And Administration": NaN,
        "General And Administrative Expense": NaN,
        "Other Gand A": NaN,
        "Gross Profit": NaN,
        "Cost Of Revenue": NaN,
        "Total Revenue": NaN,
        "Operating Revenue": NaN
    },
    "2022-12-31": {
        "Tax Effect Of Unusual Items": NaN,
        "Tax Rate For Calcs": NaN,
        "Normalized EBITDA": NaN,
        "Total Unusual Items": NaN,
        "Total Unusual Items Excluding Goodwill": NaN,
        "Net Income From Continuing Operation Net Minority Interest": NaN,
        "Reconciled Depreciation": NaN,
        "Reconciled Cost Of Revenue": NaN,
        "EBITDA": NaN,
        "EBIT": NaN,
        "Net Interest Income": NaN,
        "Interest Expense": NaN,
        "Interest Income": NaN,
        "Normalized Income": NaN,
        "Net Income From Continuing And Discontinued Operation": NaN,
        "Total Expenses": NaN,
        "Total Operating Income As Reported": NaN,
        "Diluted Average Shares": NaN,
        "Basic Average Shares": NaN,
        "Diluted EPS": NaN,
        "Basic EPS": NaN,
        "Diluted NI Availto Com Stockholders": NaN,
        "Net Income Common Stockholders": NaN,
        "Net Income": NaN,
        "Minority Interests": NaN,
        "Net Income Including Noncontrolling Interests": NaN,
        "Net Income Continuous Operations": NaN,
        "Tax Provision": NaN,
        "Pretax Income": NaN,
        "Other Income Expense": NaN,
        "Other Non Operating Income Expenses": NaN,
        "Special Income Charges": NaN,
        "Gain On Sale Of Ppe": NaN,
        "Other Special Charges": 1732000.0,
        "Write Off": 0.0,
        "Impairment Of Capital Assets": 0.0,
        "Earnings From Equity Interest": NaN,
        "Gain On Sale Of Security": 25669000.0,
        "Net Non Operating Interest Income Expense": NaN,
        "Interest Expense Non Operating": NaN,
        "Interest Income Non Operating": NaN,
        "Operating Income": NaN,
        "Operating Expense": NaN,
        "Other Operating Expenses": NaN,
        "Provision For Doubtful Accounts": NaN,
        "Depreciation Amortization Depletion Income Statement": NaN,
        "Depreciation And Amortization In Income Statement": NaN,
        "Selling General And Administration": NaN,
        "General And Administrative Expense": NaN,
        "Other Gand A": NaN,
        "Gross Profit": NaN,
        "Cost Of Revenue": NaN,
        "Total Revenue": NaN,
        "Operating Revenue": NaN
    },
    "2022-09-30": {
        "Tax Effect Of Unusual Items": NaN,
        "Tax Rate For Calcs": NaN,
        "Normalized EBITDA": NaN,
        "Total Unusual Items": NaN,
        "Total Unusual Items Excluding Goodwill": NaN,
        "Net Income From Continuing Operation Net Minority Interest": NaN,
        "Reconciled Depreciation": NaN,
        "Reconciled Cost Of Revenue": NaN,
        "EBITDA": NaN,
        "EBIT": NaN,
        "Net Interest Income": NaN,
        "Interest Expense": NaN,
        "Interest Income": NaN,
        "Normalized Income": NaN,
        "Net Income From Continuing And Discontinued Operation": NaN,
        "Total Expenses": NaN,
        "Total Operating Income As Reported": NaN,
        "Diluted Average Shares": NaN,
        "Basic Average Shares": NaN,
        "Diluted EPS": NaN,
        "Basic EPS": NaN,
        "Diluted NI Availto Com Stockholders": NaN,
        "Net Income Common Stockholders": NaN,
        "Net Income": NaN,
        "Minority Interests": NaN,
        "Net Income Including Noncontrolling Interests": NaN,
        "Net Income Continuous Operations": NaN,
        "Tax Provision": NaN,
        "Pretax Income": NaN,
        "Other Income Expense": NaN,
        "Other Non Operating Income Expenses": NaN,
        "Special Income Charges": NaN,
        "Gain On Sale Of Ppe": NaN,
        "Other Special Charges": NaN,
        "Write Off": 0.0,
        "Impairment Of Capital Assets": 0.0,
        "Earnings From Equity Interest": NaN,
        "Gain On Sale Of Security": NaN,
        "Net Non Operating Interest Income Expense": NaN,
        "Interest Expense Non Operating": NaN,
        "Interest Income Non Operating": NaN,
        "Operating Income": NaN,
        "Operating Expense": NaN,
        "Other Operating Expenses": NaN,
        "Provision For Doubtful Accounts": NaN,
        "Depreciation Amortization Depletion Income Statement": NaN,
        "Depreciation And Amortization In Income Statement": NaN,
        "Selling General And Administration": NaN,
        "General And Administrative Expense": NaN,
        "Other Gand A": NaN,
        "Gross Profit": NaN,
        "Cost Of Revenue": NaN,
        "Total Revenue": NaN,
        "Operating Revenue": NaN
    },
    "2022-06-30": {
        "Tax Effect Of Unusual Items": 924715.0,
        "Tax Rate For Calcs": 0.253,
        "Normalized EBITDA": 102258000.0,
        "Total Unusual Items": 3655000.0,
        "Total Unusual Items Excluding Goodwill": 3655000.0,
        "Net Income From Continuing Operation Net Minority Interest": 21564000.0,
        "Reconciled Depreciation": 49066000.0,
        "Reconciled Cost Of Revenue": 149852000.0,
        "EBITDA": 105913000.0,
        "EBIT": 56847000.0,
        "Net Interest Income": -27898000.0,
        "Interest Expense": 28152000.0,
        "Interest Income": 254000.0,
        "Normalized Income": 18833715.0,
        "Net Income From Continuing And Discontinued Operation": 21564000.0,
        "Total Expenses": 217678000.0,
        "Total Operating Income As Reported": 63048000.0,
        "Diluted Average Shares": 50822000.0,
        "Basic Average Shares": 50786000.0,
        "Diluted EPS": 0.42,
        "Basic EPS": 0.42,
        "Diluted NI Availto Com Stockholders": 21564000.0,
        "Net Income Common Stockholders": 21564000.0,
        "Net Income": 21564000.0,
        "Minority Interests": 132000.0,
        "Net Income Including Noncontrolling Interests": 21432000.0,
        "Net Income Continuous Operations": 21432000.0,
        "Tax Provision": 7263000.0,
        "Pretax Income": 28695000.0,
        "Other Income Expense": -2437000.0,
        "Special Income Charges": -363000.0,
        "Gain On Sale Of Ppe": 4018000.0,
        "Other Special Charges": 363000.0,
        "Write Off": 0.0,
        "Earnings From Equity Interest": -6092000.0,
        "Gain On Sale Of Security": 4018000.0,
        "Net Non Operating Interest Income Expense": -27898000.0,
        "Interest Expense Non Operating": 28152000.0,
        "Interest Income Non Operating": 254000.0,
        "Operating Income": 59030000.0,
        "Operating Expense": 67736000.0,
        "Other Operating Expenses": 1960000.0,
        "Provision For Doubtful Accounts": 1288000.0,
        "Depreciation Amortization Depletion Income Statement": 48976000.0,
        "Depreciation And Amortization In Income Statement": 48976000.0,
        "Selling General And Administration": 15512000.0,
        "General And Administrative Expense": 15512000.0,
        "Other Gand A": 15512000.0,
        "Gross Profit": 126766000.0,
        "Cost Of Revenue": 149942000.0,
        "Total Revenue": 276708000.0,
        "Operating Revenue": 228925000.0
    },
    "2023-09-30": {
        "Tax Effect Of Unusual Items": NaN,
        "Tax Rate For Calcs": NaN,
        "Normalized EBITDA": NaN,
        "Total Unusual Items": NaN,
        "Total Unusual Items Excluding Goodwill": NaN,
        "Net Income From Continuing Operation Net Minority Interest": NaN,
        "Reconciled Depreciation": NaN,
        "Reconciled Cost Of Revenue": NaN,
        "EBITDA": NaN,
        "EBIT": NaN,
        "Net Interest Income": NaN,
        "Interest Expense": NaN,
        "Interest Income": NaN,
        "Normalized Income": NaN,
        "Net Income From Continuing And Discontinued Operation": NaN,
        "Total Expenses": NaN,
        "Total Operating Income As Reported": NaN,
        "Diluted Average Shares": NaN,
        "Basic Average Shares": NaN,
        "Diluted EPS": NaN,
        "Basic EPS": NaN,
        "Diluted NI Availto Com Stockholders": NaN,
        "Net Income Common Stockholders": NaN,
        "Net Income": NaN,
        "Minority Interests": NaN,
        "Net Income Including Noncontrolling Interests": NaN,
        "Net Income Discontinuous Operations": -576199000.0,
        "Net Income Continuous Operations": NaN,
        "Tax Provision": NaN,
        "Pretax Income": NaN,
        "Other Income Expense": NaN,
        "Special Income Charges": 16286000.0,
        "Gain On Sale Of Ppe": 16286000.0,
        "Other Special Charges": 48000.0,
        "Impairment Of Capital Assets": 672492000.0,
        "Earnings From Equity Interest": NaN,
        "Gain On Sale Of Security": NaN,
        "Net Non Operating Interest Income Expense": NaN,
        "Interest Expense Non Operating": NaN,
        "Interest Income Non Operating": NaN,
        "Operating Income": NaN,
        "Operating Expense": NaN,
        "Other Operating Expenses": NaN,
        "Provision For Doubtful Accounts": NaN,
        "Depreciation Amortization Depletion Income Statement": NaN,
        "Depreciation And Amortization In Income Statement": NaN,
        "Selling General And Administration": NaN,
        "General And Administrative Expense": NaN,
        "Other Gand A": NaN,
        "Gross Profit": NaN,
        "Cost Of Revenue": NaN,
        "Total Revenue": NaN,
        "Operating Revenue": NaN
    },
    "2023-12-31": {
        "Tax Effect Of Unusual Items": NaN,
        "Tax Rate For Calcs": NaN,
        "Normalized EBITDA": NaN,
        "Total Unusual Items": NaN,
        "Total Unusual Items Excluding Goodwill": NaN,
        "Net Income From Continuing Operation Net Minority Interest": NaN,
        "Reconciled Depreciation": NaN,
        "Reconciled Cost Of Revenue": NaN,
        "EBITDA": NaN,
        "EBIT": NaN,
        "Net Interest Income": NaN,
        "Interest Expense": NaN,
        "Interest Income": NaN,
        "Normalized Income": NaN,
        "Net Income From Continuing And Discontinued Operation": NaN,
        "Total Expenses": NaN,
        "Total Operating Income As Reported": NaN,
        "Diluted Average Shares": NaN,
        "Basic Average Shares": NaN,
        "Diluted EPS": NaN,
        "Basic EPS": NaN,
        "Diluted NI Availto Com Stockholders": NaN,
        "Net Income Common Stockholders": NaN,
        "Net Income": NaN,
        "Minority Interests": NaN,
        "Net Income Including Noncontrolling Interests": NaN,
        "Net Income Discontinuous Operations": NaN,
        "Net Income Continuous Operations": NaN,
        "Tax Provision": NaN,
        "Pretax Income": NaN,
        "Other Income Expense": NaN,
        "Special Income Charges": NaN,
        "Gain On Sale Of Ppe": NaN,
        "Other Special Charges": 96000.0,
        "Impairment Of Capital Assets": 0.0,
        "Earnings From Equity Interest": NaN,
        "Gain On Sale Of Security": NaN,
        "Net Non Operating Interest Income Expense": NaN,
        "Interest Expense Non Operating": NaN,
        "Interest Income Non Operating": NaN,
        "Operating Income": NaN,
        "Operating Expense": NaN,
        "Other Operating Expenses": NaN,
        "Provision For Doubtful Accounts": NaN,
        "Depreciation Amortization Depletion Income Statement": NaN,
        "Depreciation And Amortization In Income Statement": NaN,
        "Selling General And Administration": NaN,
        "General And Administrative Expense": NaN,
        "Other Gand A": NaN,
        "Gross Profit": NaN,
        "Cost Of Revenue": NaN,
        "Total Revenue": NaN,
        "Operating Revenue": NaN
    },
    "2024-03-31": {
        "Tax Effect Of Unusual Items": NaN,
        "Tax Rate For Calcs": NaN,
        "Normalized EBITDA": NaN,
        "Total Unusual Items": NaN,
        "Total Unusual Items Excluding Goodwill": NaN,
        "Net Income From Continuing Operation Net Minority Interest": NaN,
        "Reconciled Depreciation": NaN,
        "Reconciled Cost Of Revenue": NaN,
        "EBITDA": NaN,
        "EBIT": NaN,
        "Net Interest Income": NaN,
        "Interest Expense": NaN,
        "Interest Income": NaN,
        "Normalized Income": NaN,
        "Net Income From Continuing And Discontinued Operation": NaN,
        "Total Expenses": NaN,
        "Total Operating Income As Reported": NaN,
        "Diluted Average Shares": NaN,
        "Basic Average Shares": NaN,
        "Diluted EPS": NaN,
        "Basic EPS": NaN,
        "Diluted NI Availto Com Stockholders": NaN,
        "Net Income Common Stockholders": NaN,
        "Net Income": NaN,
        "Minority Interests": NaN,
        "Net Income Including Noncontrolling Interests": NaN,
        "Net Income Discontinuous Operations": NaN,
        "Net Income Continuous Operations": NaN,
        "Tax Provision": NaN,
        "Pretax Income": NaN,
        "Other Income Expense": NaN,
        "Special Income Charges": 4794000.0,
        "Gain On Sale Of Ppe": 4794000.0,
        "Other Special Charges": NaN,
        "Impairment Of Capital Assets": NaN,
        "Earnings From Equity Interest": NaN,
        "Gain On Sale Of Security": 4794000.0,
        "Net Non Operating Interest Income Expense": NaN,
        "Interest Expense Non Operating": NaN,
        "Interest Income Non Operating": NaN,
        "Operating Income": NaN,
        "Operating Expense": NaN,
        "Other Operating Expenses": NaN,
        "Provision For Doubtful Accounts": NaN,
        "Depreciation Amortization Depletion Income Statement": NaN,
        "Depreciation And Amortization In Income Statement": NaN,
        "Selling General And Administration": NaN,
        "General And Administrative Expense": NaN,
        "Other Gand A": NaN,
        "Gross Profit": NaN,
        "Cost Of Revenue": NaN,
        "Total Revenue": NaN,
        "Operating Revenue": NaN
    },
    "2024-06-30": {
        "Tax Effect Of Unusual Items": -43956.0,
        "Tax Rate For Calcs": 0.222,
        "Normalized EBITDA": 147309000.0,
        "Total Unusual Items": -198000.0,
        "Total Unusual Items Excluding Goodwill": -198000.0,
        "Net Income From Continuing Operation Net Minority Interest": 47401000.0,
        "Reconciled Depreciation": 46591000.0,
        "Reconciled Cost Of Revenue": 122423000.0,
        "EBITDA": 147111000.0,
        "EBIT": 100520000.0,
        "Net Interest Income": -33612000.0,
        "Interest Expense": 39611000.0,
        "Interest Income": 5999000.0,
        "Normalized Income": 47555044.0,
        "Net Income From Continuing And Discontinued Operation": 21092000.0,
        "Total Expenses": 195004000.0,
        "Total Operating Income As Reported": 88464000.0,
        "Diluted Average Shares": 49725000.0,
        "Basic Average Shares": 49687000.0,
        "Diluted EPS": 0.42,
        "Basic EPS": 0.42,
        "Diluted NI Availto Com Stockholders": 21092000.0,
        "Net Income Common Stockholders": 21092000.0,
        "Net Income": 21092000.0,
        "Minority Interests": 34000.0,
        "Net Income Including Noncontrolling Interests": 21058000.0,
        "Net Income Discontinuous Operations": -26309000.0,
        "Net Income Continuous Operations": 47367000.0,
        "Tax Provision": 13542000.0,
        "Pretax Income": 60909000.0,
        "Other Income Expense": 6057000.0,
        "Special Income Charges": -198000.0,
        "Gain On Sale Of Ppe": 0.0,
        "Other Special Charges": 198000.0,
        "Impairment Of Capital Assets": NaN,
        "Earnings From Equity Interest": 6255000.0,
        "Gain On Sale Of Security": NaN,
        "Net Non Operating Interest Income Expense": -33612000.0,
        "Interest Expense Non Operating": 39611000.0,
        "Interest Income Non Operating": 5999000.0,
        "Operating Income": 88464000.0,
        "Operating Expense": 72561000.0,
        "Other Operating Expenses": 3378000.0,
        "Provision For Doubtful Accounts": 256000.0,
        "Depreciation Amortization Depletion Income Statement": 46571000.0,
        "Depreciation And Amortization In Income Statement": 46571000.0,
        "Selling General And Administration": 22356000.0,
        "General And Administrative Expense": 22356000.0,
        "Other Gand A": 22356000.0,
        "Gross Profit": 161025000.0,
        "Cost Of Revenue": 122443000.0,
        "Total Revenue": 283468000.0,
        "Operating Revenue": 283468000.0
    },
    "2024-09-30": {
        "Tax Effect Of Unusual Items": -4642560.0,
        "Tax Rate For Calcs": 0.096,
        "Normalized EBITDA": 243026000.0,
        "Total Unusual Items": -48360000.0,
        "Total Unusual Items Excluding Goodwill": -48360000.0,
        "Net Income From Continuing Operation Net Minority Interest": 96801000.0,
        "Reconciled Depreciation": 44141000.0,
        "Reconciled Cost Of Revenue": 149687000.0,
        "EBITDA": 194666000.0,
        "EBIT": 150525000.0,
        "Net Interest Income": -38461000.0,
        "Interest Expense": 43802000.0,
        "Interest Income": 5341000.0,
        "Normalized Income": 140518440.0,
        "Net Income From Continuing And Discontinued Operation": 72770000.0,
        "Total Expenses": 131973000.0,
        "Total Operating Income As Reported": 198339000.0,
        "Diluted Average Shares": 49762000.0,
        "Basic Average Shares": 49697000.0,
        "Diluted EPS": 1.46,
        "Basic EPS": 1.46,
        "Diluted NI Availto Com Stockholders": 72770000.0,
        "Net Income Common Stockholders": 72770000.0,
        "Net Income": 72770000.0,
        "Minority Interests": 273000.0,
        "Net Income Including Noncontrolling Interests": 72497000.0,
        "Net Income Discontinuous Operations": -24031000.0,
        "Net Income Continuous Operations": 96528000.0,
        "Tax Provision": 10195000.0,
        "Pretax Income": 106723000.0,
        "Other Income Expense": -49990000.0,
        "Special Income Charges": -48360000.0,
        "Gain On Sale Of Ppe": -48360000.0,
        "Other Special Charges": NaN,
        "Impairment Of Capital Assets": NaN,
        "Earnings From Equity Interest": -1630000.0,
        "Gain On Sale Of Security": NaN,
        "Net Non Operating Interest Income Expense": -38461000.0,
        "Interest Expense Non Operating": 43802000.0,
        "Interest Income Non Operating": 5341000.0,
        "Operating Income": 195174000.0,
        "Operating Expense": -17767000.0,
        "Other Operating Expenses": -86907000.0,
        "Provision For Doubtful Accounts": 190000.0,
        "Depreciation Amortization Depletion Income Statement": 44088000.0,
        "Depreciation And Amortization In Income Statement": 44088000.0,
        "Selling General And Administration": 24862000.0,
        "General And Administrative Expense": 24862000.0,
        "Other Gand A": 24862000.0,
        "Gross Profit": 177407000.0,
        "Cost Of Revenue": 149740000.0,
        "Total Revenue": 327147000.0,
        "Operating Revenue": 327147000.0
    },
    "2024-12-31": {
        "Tax Effect Of Unusual Items": 4905499.849069,
        "Tax Rate For Calcs": 0.279436,
        "Normalized EBITDA": 295263000.0,
        "Total Unusual Items": 17555000.0,
        "Total Unusual Items Excluding Goodwill": 17555000.0,
        "Net Income From Continuing Operation Net Minority Interest": 162734000.0,
        "Reconciled Depreciation": 45221000.0,
        "Reconciled Cost Of Revenue": 666324000.0,
        "EBITDA": 312818000.0,
        "EBIT": 267597000.0,
        "Net Interest Income": -36250000.0,
        "Interest Expense": 42329000.0,
        "Interest Income": 6079000.0,
        "Normalized Income": 150084499.849069,
        "Net Income From Continuing And Discontinued Operation": 156318000.0,
        "Total Expenses": 738028000.0,
        "Total Operating Income As Reported": 260510000.0,
        "Diluted Average Shares": 48097846.0,
        "Basic Average Shares": 47803670.0,
        "Diluted EPS": 3.25,
        "Basic EPS": 3.27,
        "Diluted NI Availto Com Stockholders": 156318000.0,
        "Net Income Common Stockholders": 156318000.0,
        "Net Income": 156318000.0,
        "Minority Interests": 414000.0,
        "Net Income Including Noncontrolling Interests": 155904000.0,
        "Net Income Discontinuous Operations": -6416000.0,
        "Net Income Continuous Operations": 162320000.0,
        "Tax Provision": 62948000.0,
        "Pretax Income": 225268000.0,
        "Other Income Expense": 15956000.0,
        "Special Income Charges": 17555000.0,
        "Gain On Sale Of Ppe": 17822000.0,
        "Other Special Charges": 267000.0,
        "Impairment Of Capital Assets": NaN,
        "Earnings From Equity Interest": -1599000.0,
        "Gain On Sale Of Security": NaN,
        "Net Non Operating Interest Income Expense": -36250000.0,
        "Interest Expense Non Operating": 42329000.0,
        "Interest Income Non Operating": 6079000.0,
        "Operating Income": 245562000.0,
        "Operating Expense": 71449000.0,
        "Other Operating Expenses": 3484000.0,
        "Provision For Doubtful Accounts": 177000.0,
        "Depreciation Amortization Depletion Income Statement": 44966000.0,
        "Depreciation And Amortization In Income Statement": 44966000.0,
        "Selling General And Administration": 22822000.0,
        "General And Administrative Expense": 22822000.0,
        "Other Gand A": 22822000.0,
        "Gross Profit": 317011000.0,
        "Cost Of Revenue": 666579000.0,
        "Total Revenue": 983590000.0,
        "Operating Revenue": 983590000.0
    },
    "2025-03-31": {
        "Tax Effect Of Unusual Items": 3308689.0,
        "Tax Rate For Calcs": 0.241,
        "Normalized EBITDA": 86839000.0,
        "Total Unusual Items": 13729000.0,
        "Total Unusual Items Excluding Goodwill": 13729000.0,
        "Net Income From Continuing Operation Net Minority Interest": 10533000.0,
        "Reconciled Depreciation": 45200000.0,
        "Reconciled Cost Of Revenue": 91483000.0,
        "EBITDA": 100568000.0,
        "EBIT": 55368000.0,
        "Net Interest Income": -34976000.0,
        "Interest Expense": 41094000.0,
        "Interest Income": 6118000.0,
        "Normalized Income": 112689.0,
        "Net Income From Continuing And Discontinued Operation": 10533000.0,
        "Total Expenses": 165127000.0,
        "Total Operating Income As Reported": 47930000.0,
        "Diluted Average Shares": 50157143.0,
        "Basic Average Shares": 50157143.0,
        "Diluted EPS": 0.21,
        "Basic EPS": 0.21,
        "Diluted NI Availto Com Stockholders": 10533000.0,
        "Net Income Common Stockholders": 10533000.0,
        "Net Income": 10533000.0,
        "Minority Interests": -305000.0,
        "Net Income Including Noncontrolling Interests": 10838000.0,
        "Net Income Discontinuous Operations": 0.0,
        "Net Income Continuous Operations": 10838000.0,
        "Tax Provision": 3436000.0,
        "Pretax Income": 14274000.0,
        "Other Income Expense": 15049000.0,
        "Special Income Charges": NaN,
        "Gain On Sale Of Ppe": NaN,
        "Other Special Charges": NaN,
        "Impairment Of Capital Assets": NaN,
        "Earnings From Equity Interest": 1320000.0,
        "Gain On Sale Of Security": 13729000.0,
        "Net Non Operating Interest Income Expense": -34976000.0,
        "Interest Expense Non Operating": 41094000.0,
        "Interest Income Non Operating": 6118000.0,
        "Operating Income": 34201000.0,
        "Operating Expense": 73583000.0,
        "Other Operating Expenses": 6164000.0,
        "Provision For Doubtful Accounts": -156000.0,
        "Depreciation Amortization Depletion Income Statement": 45139000.0,
        "Depreciation And Amortization In Income Statement": 45139000.0,
        "Selling General And Administration": 22436000.0,
        "General And Administrative Expense": 22436000.0,
        "Other Gand A": 22436000.0,
        "Gross Profit": 107784000.0,
        "Cost Of Revenue": 91544000.0,
        "Total Revenue": 199328000.0,
        "Operating Revenue": 199328000.0
    },
    "2025-06-30": {
        "Tax Effect Of Unusual Items": -11243520.0,
        "Tax Rate For Calcs": 0.24,
        "Normalized EBITDA": 119030000.0,
        "Total Unusual Items": -46848000.0,
        "Total Unusual Items Excluding Goodwill": -46848000.0,
        "Net Income From Continuing Operation Net Minority Interest": -12144000.0,
        "Reconciled Depreciation": 44385000.0,
        "Reconciled Cost Of Revenue": 111812000.0,
        "EBITDA": 72182000.0,
        "EBIT": 27797000.0,
        "Net Interest Income": -33363000.0,
        "Interest Expense": 43694000.0,
        "Interest Income": 10331000.0,
        "Normalized Income": 23460480.0,
        "Net Income From Continuing And Discontinued Operation": -12144000.0,
        "Total Expenses": 194679000.0,
        "Total Operating Income As Reported": 67857000.0,
        "Diluted Average Shares": 55329000.0,
        "Basic Average Shares": 55329000.0,
        "Diluted EPS": -0.22,
        "Basic EPS": -0.22,
        "Diluted NI Availto Com Stockholders": -12144000.0,
        "Net Income Common Stockholders": -12144000.0,
        "Net Income": -12144000.0,
        "Minority Interests": -68000.0,
        "Net Income Including Noncontrolling Interests": -12076000.0,
        "Net Income Discontinuous Operations": 0.0,
        "Net Income Continuous Operations": -12076000.0,
        "Tax Provision": -3821000.0,
        "Pretax Income": -15897000.0,
        "Other Income Expense": -48735000.0,
        "Special Income Charges": -46848000.0,
        "Gain On Sale Of Ppe": -46541000.0,
        "Other Special Charges": 307000.0,
        "Impairment Of Capital Assets": NaN,
        "Earnings From Equity Interest": -1887000.0,
        "Gain On Sale Of Security": NaN,
        "Net Non Operating Interest Income Expense": -33363000.0,
        "Interest Expense Non Operating": 43694000.0,
        "Interest Income Non Operating": 10331000.0,
        "Operating Income": 66201000.0,
        "Operating Expense": 82807000.0,
        "Other Operating Expenses": 3388000.0,
        "Provision For Doubtful Accounts": 542000.0,
        "Depreciation Amortization Depletion Income Statement": 44325000.0,
        "Depreciation And Amortization In Income Statement": 44325000.0,
        "Selling General And Administration": 34552000.0,
        "General And Administrative Expense": 34552000.0,
        "Other Gand A": 34552000.0,
        "Gross Profit": 149008000.0,
        "Cost Of Revenue": 111872000.0,
        "Total Revenue": 260880000.0,
        "Operating Revenue": 260880000.0
    }
}