{
    "2023-06-30": {
        "Tax Effect Of Unusual Items": NaN,
        "Tax Rate For Calcs": NaN,
        "Total Unusual Items": NaN,
        "Total Unusual Items Excluding Goodwill": NaN,
        "Net Income From Continuing Operation Net Minority Interest": NaN,
        "Reconciled Depreciation": NaN,
        "EBIT": NaN,
        "Net Interest Income": NaN,
        "Interest Expense": NaN,
        "Normalized Income": NaN,
        "Net Income From Continuing And Discontinued Operation": NaN,
        "Total Expenses": NaN,
        "Diluted Average Shares": NaN,
        "Basic Average Shares": NaN,
        "Diluted EPS": NaN,
        "Basic EPS": NaN,
        "Diluted NI Availto Com Stockholders": NaN,
        "Net Income Common Stockholders": NaN,
        "Preferred Stock Dividends": NaN,
        "Net Income": NaN,
        "Net Income Including Noncontrolling Interests": NaN,
        "Net Income Continuous Operations": NaN,
        "Tax Provision": NaN,
        "Pretax Income": NaN,
        "Other Income Expense": NaN,
        "Special Income Charges": NaN,
        "Restructuring And Mergern Acquisition": NaN,
        "Net Non Operating Interest Income Expense": NaN,
        "Interest Expense Non Operating": NaN,
        "Other Operating Expenses": 5000000.0,
        "Depreciation And Amortization In Income Statement": NaN,
        "Amortization": NaN,
        "Total Revenue": NaN,
        "Operating Revenue": NaN,
        "Loss Adjustment Expense": NaN,
        "Net Policyholder Benefits And Claims": NaN
    },
    "2023-03-31": {
        "Tax Effect Of Unusual Items": 0.0,
        "Tax Rate For Calcs": 0.180704,
        "Total Unusual Items": 0.0,
        "Total Unusual Items Excluding Goodwill": 0.0,
        "Net Income From Continuing Operation Net Minority Interest": 535000000.0,
        "Reconciled Depreciation": 129000000.0,
        "EBIT": 703000000.0,
        "Net Interest Income": -50000000.0,
        "Interest Expense": 50000000.0,
        "Normalized Income": 535000000.0,
        "Net Income From Continuing And Discontinued Operation": 535000000.0,
        "Total Expenses": 5231000000.0,
        "Diluted Average Shares": 318600000.0,
        "Basic Average Shares": 314000000.0,
        "Diluted EPS": 1.66,
        "Basic EPS": 1.69,
        "Diluted NI Availto Com Stockholders": 530000000.0,
        "Net Income Common Stockholders": 530000000.0,
        "Preferred Stock Dividends": 5000000.0,
        "Net Income": 535000000.0,
        "Net Income Including Noncontrolling Interests": 535000000.0,
        "Net Income Continuous Operations": 535000000.0,
        "Tax Provision": 118000000.0,
        "Pretax Income": 653000000.0,
        "Other Income Expense": 20000000.0,
        "Special Income Charges": 0.0,
        "Restructuring And Mergern Acquisition": 0.0,
        "Net Non Operating Interest Income Expense": -50000000.0,
        "Interest Expense Non Operating": 50000000.0,
        "Other Operating Expenses": NaN,
        "Depreciation And Amortization In Income Statement": 18000000.0,
        "Amortization": 18000000.0,
        "Total Revenue": 5884000000.0,
        "Operating Revenue": 5884000000.0,
        "Loss Adjustment Expense": 4698000000.0,
        "Net Policyholder Benefits And Claims": 4698000000.0
    },
    "2022-12-31": {
        "Tax Effect Of Unusual Items": NaN,
        "Tax Rate For Calcs": NaN,
        "Total Unusual Items": NaN,
        "Total Unusual Items Excluding Goodwill": NaN,
        "Net Income From Continuing Operation Net Minority Interest": NaN,
        "Reconciled Depreciation": NaN,
        "EBIT": NaN,
        "Net Interest Income": NaN,
        "Interest Expense": NaN,
        "Normalized Income": NaN,
        "Net Income From Continuing And Discontinued Operation": NaN,
        "Total Expenses": NaN,
        "Diluted Average Shares": NaN,
        "Basic Average Shares": NaN,
        "Diluted EPS": NaN,
        "Basic EPS": NaN,
        "Diluted NI Availto Com Stockholders": NaN,
        "Net Income Common Stockholders": NaN,
        "Preferred Stock Dividends": NaN,
        "Net Income": NaN,
        "Net Income Including Noncontrolling Interests": NaN,
        "Net Income Continuous Operations": NaN,
        "Tax Provision": NaN,
        "Pretax Income": NaN,
        "Other Income Expense": NaN,
        "Special Income Charges": NaN,
        "Restructuring And Mergern Acquisition": NaN,
        "Net Non Operating Interest Income Expense": NaN,
        "Interest Expense Non Operating": NaN,
        "Other Operating Expenses": 0.0,
        "Depreciation And Amortization In Income Statement": NaN,
        "Amortization": NaN,
        "Total Revenue": NaN,
        "Operating Revenue": NaN,
        "Loss Adjustment Expense": NaN,
        "Net Policyholder Benefits And Claims": NaN
    },
    "2022-09-30": {
        "Tax Effect Of Unusual Items": -640371.229698,
        "Tax Rate For Calcs": 0.213457,
        "Total Unusual Items": -3000000.0,
        "Total Unusual Items Excluding Goodwill": -3000000.0,
        "Net Income From Continuing Operation Net Minority Interest": 339000000.0,
        "Reconciled Depreciation": 153000000.0,
        "EBIT": 481000000.0,
        "Net Interest Income": -50000000.0,
        "Interest Expense": 50000000.0,
        "Normalized Income": 341359628.770302,
        "Net Income From Continuing And Discontinued Operation": 339000000.0,
        "Total Expenses": 5087000000.0,
        "Diluted Average Shares": 326300000.0,
        "Basic Average Shares": 322100000.0,
        "Diluted EPS": 1.02,
        "Basic EPS": 1.04,
        "Diluted NI Availto Com Stockholders": 333000000.0,
        "Net Income Common Stockholders": 333000000.0,
        "Preferred Stock Dividends": 6000000.0,
        "Net Income": 339000000.0,
        "Net Income Including Noncontrolling Interests": 339000000.0,
        "Net Income Continuous Operations": 339000000.0,
        "Tax Provision": 92000000.0,
        "Pretax Income": 431000000.0,
        "Other Income Expense": 21000000.0,
        "Special Income Charges": -3000000.0,
        "Restructuring And Mergern Acquisition": 3000000.0,
        "Net Non Operating Interest Income Expense": -50000000.0,
        "Interest Expense Non Operating": 50000000.0,
        "Other Operating Expenses": NaN,
        "Depreciation And Amortization In Income Statement": 18000000.0,
        "Amortization": 18000000.0,
        "Total Revenue": 5518000000.0,
        "Operating Revenue": 5518000000.0
    },
    "2022-06-30": {
        "Tax Effect Of Unusual Items": -398550.724638,
        "Tax Rate For Calcs": 0.199275,
        "Total Unusual Items": -2000000.0,
        "Total Unusual Items Excluding Goodwill": -2000000.0,
        "Net Income From Continuing Operation Net Minority Interest": 442000000.0,
        "Reconciled Depreciation": 164000000.0,
        "EBIT": 603000000.0,
        "Net Interest Income": -51000000.0,
        "Interest Expense": 51000000.0,
        "Normalized Income": 443601449.275362,
        "Net Income From Continuing And Discontinued Operation": 442000000.0,
        "Total Expenses": 4821000000.0,
        "Diluted Average Shares": 331800000.0,
        "Basic Average Shares": 327400000.0,
        "Diluted EPS": 1.32,
        "Basic EPS": 1.34,
        "Diluted NI Availto Com Stockholders": 437000000.0,
        "Net Income Common Stockholders": 437000000.0,
        "Preferred Stock Dividends": 5000000.0,
        "Net Income": 442000000.0,
        "Net Income Including Noncontrolling Interests": 442000000.0,
        "Net Income Continuous Operations": 442000000.0,
        "Tax Provision": 110000000.0,
        "Pretax Income": 552000000.0,
        "Other Income Expense": 19000000.0,
        "Special Income Charges": -2000000.0,
        "Restructuring And Mergern Acquisition": 2000000.0,
        "Net Non Operating Interest Income Expense": -51000000.0,
        "Interest Expense Non Operating": 51000000.0,
        "Other Operating Expenses": NaN,
        "Depreciation And Amortization In Income Statement": 17000000.0,
        "Amortization": 17000000.0,
        "Total Revenue": 5373000000.0,
        "Operating Revenue": 5373000000.0
    },
    "2022-03-31": {
        "Diluted EPS": 1.3,
        "Total Revenue": NaN,
        "Gross Profit": NaN,
        "Operating Income": 608,
        "EBIT": 721,
        "Net Income": 438
    },
    "2021-12-31": {
        "Diluted EPS": 2.08,
        "Total Revenue": NaN,
        "Gross Profit": NaN,
        "Operating Income": 964,
        "EBIT": NaN,
        "Net Income": 724
    },
    "2021-09-30": {
        "Diluted EPS": 1.36,
        "Total Revenue": NaN,
        "Gross Profit": NaN,
        "Operating Income": 629,
        "EBIT": 771,
        "Net Income": 476
    },
    "2021-06-30": {
        "Diluted EPS": 2.51,
        "Total Revenue": NaN,
        "Gross Profit": NaN,
        "Operating Income": NaN,
        "EBIT": 872,
        "Net Income": 900
    },
    "2021-03-31": {
        "Diluted EPS": 0.67,
        "Total Revenue": NaN,
        "Gross Profit": NaN,
        "Operating Income": 371,
        "EBIT": 961,
        "Net Income": 244
    },
    "2020-12-31": {
        "Diluted EPS": 1.47,
        "Total Revenue": NaN,
        "Gross Profit": NaN,
        "Operating Income": 726,
        "EBIT": -370,
        "Net Income": 532
    },
    "2020-09-30": {
        "Diluted EPS": 1.26,
        "Total Revenue": NaN,
        "Gross Profit": NaN,
        "Operating Income": 677,
        "EBIT": NaN,
        "Net Income": 453
    },
    "2020-06-30": {
        "Diluted EPS": 1.29,
        "Total Revenue": NaN,
        "Gross Profit": NaN,
        "Operating Income": 649,
        "EBIT": 804,
        "Net Income": 463
    },
    "2020-03-31": {
        "Diluted EPS": 0.74,
        "Total Revenue": NaN,
        "Gross Profit": NaN,
        "Operating Income": 408,
        "EBIT": 532,
        "Net Income": 268
    },
    "2019-12-31": {
        "Diluted EPS": 1.5,
        "Total Revenue": NaN,
        "Gross Profit": NaN,
        "Operating Income": 832,
        "EBIT": 975,
        "Net Income": 543
    },
    "2019-09-30": {
        "Diluted EPS": 1.43,
        "Total Revenue": NaN,
        "Gross Profit": NaN,
        "Operating Income": 810,
        "EBIT": 936,
        "Net Income": 524
    },
    "2019-06-30": {
        "Diluted EPS": 1.02,
        "Total Revenue": NaN,
        "Gross Profit": NaN,
        "Operating Income": 519,
        "EBIT": 598,
        "Net Income": 372
    },
    "2019-03-31": {
        "Diluted EPS": 1.71,
        "Total Revenue": NaN,
        "Gross Profit": NaN,
        "Operating Income": 839,
        "EBIT": 929,
        "Net Income": 625
    },
    "2018-12-31": {
        "Diluted EPS": 0.52,
        "Total Revenue": NaN,
        "Gross Profit": NaN,
        "Operating Income": 237,
        "EBIT": 348,
        "Net Income": 190
    },
    "2018-09-30": {
        "Diluted EPS": 1.19,
        "Total Revenue": NaN,
        "Gross Profit": NaN,
        "Operating Income": 599,
        "EBIT": 713,
        "Net Income": 432
    },
    "2018-06-30": {
        "Diluted EPS": 1.6,
        "Total Revenue": NaN,
        "Gross Profit": NaN,
        "Operating Income": 622,
        "EBIT": 759,
        "Net Income": 582
    },
    "2018-03-31": {
        "Diluted EPS": 1.64,
        "Total Revenue": NaN,
        "Gross Profit": NaN,
        "Operating Income": 599,
        "EBIT": 742,
        "Net Income": 597
    },
    "2017-12-31": {
        "Diluted EPS": -10.14,
        "Total Revenue": NaN,
        "Gross Profit": NaN,
        "Operating Income": 500,
        "EBIT": 584,
        "Net Income": NaN
    },
    "2017-09-30": {
        "Diluted EPS": 0.64,
        "Total Revenue": NaN,
        "Gross Profit": NaN,
        "Operating Income": 260,
        "EBIT": 382,
        "Net Income": 234
    },
    "2017-06-30": {
        "Diluted EPS": -0.11,
        "Total Revenue": NaN,
        "Gross Profit": NaN,
        "Operating Income": -202,
        "EBIT": -82,
        "Net Income": -40
    },
    "2017-03-31": {
        "Diluted EPS": 1.0,
        "Total Revenue": NaN,
        "Gross Profit": NaN,
        "Operating Income": 481,
        "EBIT": 588,
        "Net Income": 378
    },
    "2016-12-31": {
        "Diluted EPS": -0.18,
        "Total Revenue": NaN,
        "Gross Profit": NaN,
        "Operating Income": 88,
        "EBIT": 230,
        "Net Income": -81
    },
    "2016-09-30": {
        "Diluted EPS": 1.12,
        "Total Revenue": NaN,
        "Gross Profit": NaN,
        "Operating Income": 614,
        "EBIT": 785,
        "Net Income": 438
    },
    "2016-06-30": {
        "Diluted EPS": 0.54,
        "Total Revenue": NaN,
        "Gross Profit": NaN,
        "Operating Income": 255,
        "EBIT": 358,
        "Net Income": 216
    },
    "2016-03-31": {
        "Diluted EPS": 0.79,
        "Total Revenue": NaN,
        "Gross Profit": NaN,
        "Operating Income": 467,
        "EBIT": 582,
        "Net Income": 323
    },
    "2015-12-31": {
        "Diluted EPS": 1.02,
        "Total Revenue": NaN,
        "Gross Profit": 893,
        "Operating Income": 107,
        "EBIT": 190,
        "Net Income": 421
    },
    "2015-09-30": {
        "Diluted EPS": 0.9,
        "Total Revenue": NaN,
        "Gross Profit": NaN,
        "Operating Income": 447,
        "EBIT": 601,
        "Net Income": 381
    },
    "2015-06-30": {
        "Diluted EPS": 0.96,
        "Total Revenue": NaN,
        "Gross Profit": NaN,
        "Operating Income": 572,
        "EBIT": 686,
        "Net Income": 413
    },
    "2015-03-31": {
        "Diluted EPS": 1.08,
        "Total Revenue": NaN,
        "Gross Profit": NaN,
        "Operating Income": 719,
        "EBIT": 853,
        "Net Income": 467
    },
    "2014-12-31": {
        "Diluted EPS": 0.88,
        "Total Revenue": NaN,
        "Gross Profit": NaN,
        "Operating Income": 515,
        "EBIT": 688,
        "Net Income": 382
    },
    "2014-09-30": {
        "Diluted EPS": 0.86,
        "Total Revenue": NaN,
        "Gross Profit": NaN,
        "Operating Income": 589,
        "EBIT": 918,
        "Net Income": 388
    },
    "2014-06-30": {
        "Diluted EPS": -1.04,
        "Total Revenue": NaN,
        "Gross Profit": NaN,
        "Operating Income": 244,
        "EBIT": 277,
        "Net Income": -467
    },
    "2014-03-31": {
        "Diluted EPS": 1.03,
        "Total Revenue": NaN,
        "Gross Profit": NaN,
        "Operating Income": 704,
        "EBIT": 810,
        "Net Income": 495
    },
    "2013-12-31": {
        "Diluted EPS": 0.76,
        "Total Revenue": NaN,
        "Gross Profit": NaN,
        "Operating Income": NaN,
        "EBIT": 420,
        "Net Income": 314
    },
    "2013-09-30": {
        "Diluted EPS": 0.6,
        "Total Revenue": NaN,
        "Gross Profit": NaN,
        "Operating Income": 540,
        "EBIT": NaN,
        "Net Income": 293
    },
    "2013-06-30": {
        "Diluted EPS": -0.42,
        "Total Revenue": NaN,
        "Gross Profit": NaN,
        "Operating Income": 337,
        "EBIT": 397,
        "Net Income": -190
    },
    "2013-03-31": {
        "Diluted EPS": -0.58,
        "Total Revenue": NaN,
        "Gross Profit": NaN,
        "Operating Income": NaN,
        "EBIT": NaN,
        "Net Income": -251
    },
    "2012-12-31": {
        "Diluted EPS": -0.11,
        "Total Revenue": NaN,
        "Gross Profit": NaN,
        "Operating Income": 340,
        "EBIT": NaN,
        "Net Income": -57
    },
    "2012-09-30": {
        "Diluted EPS": 0.01,
        "Total Revenue": NaN,
        "Gross Profit": NaN,
        "Operating Income": 594,
        "EBIT": 877,
        "Net Income": 3
    },
    "2012-06-30": {
        "Diluted EPS": -0.26,
        "Total Revenue": NaN,
        "Gross Profit": NaN,
        "Operating Income": 751,
        "EBIT": NaN,
        "Net Income": -112
    },
    "2012-03-31": {
        "Diluted EPS": 0.18,
        "Total Revenue": NaN,
        "Gross Profit": NaN,
        "Operating Income": 126,
        "EBIT": 106,
        "Net Income": 86
    },
    "2011-12-31": {
        "Diluted EPS": 0.25,
        "Total Revenue": NaN,
        "Gross Profit": NaN,
        "Operating Income": 104,
        "EBIT": 242,
        "Net Income": 107
    },
    "2011-09-30": {
        "Diluted EPS": 0.11,
        "Total Revenue": NaN,
        "Gross Profit": NaN,
        "Operating Income": 111,
        "EBIT": -7,
        "Net Income": 50
    },
    "2011-06-30": {
        "Diluted EPS": 0.05,
        "Total Revenue": NaN,
        "Gross Profit": NaN,
        "Operating Income": -22,
        "EBIT": 826,
        "Net Income": 22
    },
    "2011-03-31": {
        "Diluted EPS": 0.99,
        "Total Revenue": NaN,
        "Gross Profit": NaN,
        "Operating Income": 515,
        "EBIT": NaN,
        "Net Income": 491
    },
    "2010-12-31": {
        "Diluted EPS": 1.34,
        "Total Revenue": NaN,
        "Gross Profit": NaN,
        "Operating Income": 804,
        "EBIT": 903,
        "Net Income": 564
    },
    "2010-09-30": {
        "Diluted EPS": 1.34,
        "Total Revenue": NaN,
        "Gross Profit": NaN,
        "Operating Income": NaN,
        "EBIT": 956,
        "Net Income": 656
    },
    "2010-06-30": {
        "Diluted EPS": 0.14,
        "Total Revenue": NaN,
        "Gross Profit": NaN,
        "Operating Income": 276,
        "EBIT": 200,
        "Net Income": 65
    },
    "2010-03-31": {
        "Diluted EPS": -0.42,
        "Total Revenue": NaN,
        "Gross Profit": NaN,
        "Operating Income": 655,
        "EBIT": NaN,
        "Net Income": -164
    },
    "2009-12-31": {
        "Diluted EPS": 1.69,
        "Total Revenue": NaN,
        "Gross Profit": NaN,
        "Operating Income": 854,
        "EBIT": NaN,
        "Net Income": 495
    },
    "2009-09-30": {
        "Diluted EPS": -0.79,
        "Total Revenue": NaN,
        "Gross Profit": NaN,
        "Operating Income": -339,
        "EBIT": 449,
        "Net Income": -282
    },
    "2009-06-30": {
        "Diluted EPS": -0.06,
        "Total Revenue": NaN,
        "Gross Profit": NaN,
        "Operating Income": 137,
        "EBIT": 933,
        "Net Income": -18
    },
    "2009-03-31": {
        "Diluted EPS": -3.77,
        "Total Revenue": NaN,
        "Gross Profit": NaN,
        "Operating Income": NaN,
        "EBIT": 531,
        "Net Income": NaN
    },
    "2023-09-30": {
        "Tax Effect Of Unusual Items": NaN,
        "Tax Rate For Calcs": NaN,
        "Total Unusual Items": NaN,
        "Total Unusual Items Excluding Goodwill": NaN,
        "Net Income From Continuing Operation Net Minority Interest": NaN,
        "Reconciled Depreciation": NaN,
        "EBIT": NaN,
        "Net Interest Income": NaN,
        "Interest Expense": NaN,
        "Normalized Income": NaN,
        "Net Income From Continuing And Discontinued Operation": NaN,
        "Total Expenses": NaN,
        "Diluted Average Shares": NaN,
        "Basic Average Shares": NaN,
        "Diluted EPS": NaN,
        "Basic EPS": NaN,
        "Diluted NI Availto Com Stockholders": NaN,
        "Net Income Common Stockholders": NaN,
        "Preferred Stock Dividends": NaN,
        "Net Income": NaN,
        "Net Income Including Noncontrolling Interests": NaN,
        "Net Income Continuous Operations": NaN,
        "Tax Provision": NaN,
        "Pretax Income": NaN,
        "Other Income Expense": NaN,
        "Special Income Charges": NaN,
        "Restructuring And Mergern Acquisition": NaN,
        "Net Non Operating Interest Income Expense": NaN,
        "Interest Expense Non Operating": NaN,
        "Other Operating Expenses": 5000000.0,
        "Depreciation And Amortization In Income Statement": NaN,
        "Amortization": NaN,
        "Total Revenue": NaN,
        "Operating Revenue": NaN,
        "Loss Adjustment Expense": NaN,
        "Net Policyholder Benefits And Claims": NaN
    },
    "2023-12-31": {
        "Tax Effect Of Unusual Items": NaN,
        "Tax Rate For Calcs": NaN,
        "Total Unusual Items": NaN,
        "Total Unusual Items Excluding Goodwill": NaN,
        "Net Income From Continuing Operation Net Minority Interest": NaN,
        "Reconciled Depreciation": NaN,
        "EBIT": NaN,
        "Net Interest Income": NaN,
        "Interest Expense": NaN,
        "Normalized Income": NaN,
        "Net Income From Continuing And Discontinued Operation": NaN,
        "Total Expenses": NaN,
        "Diluted Average Shares": NaN,
        "Basic Average Shares": NaN,
        "Diluted EPS": NaN,
        "Basic EPS": NaN,
        "Diluted NI Availto Com Stockholders": NaN,
        "Net Income Common Stockholders": NaN,
        "Preferred Stock Dividends": NaN,
        "Net Income": NaN,
        "Net Income Including Noncontrolling Interests": NaN,
        "Net Income Continuous Operations": NaN,
        "Tax Provision": NaN,
        "Pretax Income": NaN,
        "Other Income Expense": NaN,
        "Special Income Charges": NaN,
        "Restructuring And Mergern Acquisition": NaN,
        "Net Non Operating Interest Income Expense": NaN,
        "Interest Expense Non Operating": NaN,
        "Other Operating Expenses": 5000000.0,
        "Depreciation And Amortization In Income Statement": NaN,
        "Amortization": NaN,
        "Total Revenue": NaN,
        "Operating Revenue": NaN,
        "Loss Adjustment Expense": NaN,
        "Net Policyholder Benefits And Claims": NaN
    },
    "2024-03-31": {
        "Tax Effect Of Unusual Items": -173435.784852,
        "Tax Rate For Calcs": 0.173436,
        "Total Unusual Items": -1000000.0,
        "Total Unusual Items Excluding Goodwill": -1000000.0,
        "Net Income From Continuing Operation Net Minority Interest": 753000000.0,
        "Reconciled Depreciation": 127000000.0,
        "EBIT": 961000000.0,
        "Net Interest Income": -50000000.0,
        "Interest Expense": 50000000.0,
        "Normalized Income": 753826564.215148,
        "Net Income From Continuing And Discontinued Operation": 753000000.0,
        "Total Expenses": 5489000000.0,
        "Diluted Average Shares": 302600000.0,
        "Basic Average Shares": 298100000.0,
        "Diluted EPS": 2.47,
        "Basic EPS": 2.51,
        "Diluted NI Availto Com Stockholders": 748000000.0,
        "Net Income Common Stockholders": 748000000.0,
        "Preferred Stock Dividends": 5000000.0,
        "Net Income": 753000000.0,
        "Net Income Including Noncontrolling Interests": 753000000.0,
        "Net Income Continuous Operations": 753000000.0,
        "Tax Provision": 158000000.0,
        "Pretax Income": 911000000.0,
        "Other Income Expense": 19000000.0,
        "Special Income Charges": -1000000.0,
        "Restructuring And Mergern Acquisition": 1000000.0,
        "Net Non Operating Interest Income Expense": -50000000.0,
        "Interest Expense Non Operating": 50000000.0,
        "Other Operating Expenses": -3000000.0,
        "Depreciation And Amortization In Income Statement": 18000000.0,
        "Amortization": 18000000.0,
        "Total Revenue": 6400000000.0,
        "Operating Revenue": 6400000000.0,
        "Loss Adjustment Expense": 4894000000.0,
        "Net Policyholder Benefits And Claims": 4894000000.0
    },
    "2024-06-30": {
        "Tax Effect Of Unusual Items": 0.0,
        "Tax Rate For Calcs": 0.190789,
        "Total Unusual Items": 0.0,
        "Total Unusual Items Excluding Goodwill": 0.0,
        "Net Income From Continuing Operation Net Minority Interest": 738000000.0,
        "Reconciled Depreciation": 60000000.0,
        "EBIT": 962000000.0,
        "Net Interest Income": -50000000.0,
        "Interest Expense": 50000000.0,
        "Normalized Income": 738000000.0,
        "Net Income From Continuing And Discontinued Operation": 738000000.0,
        "Total Expenses": 5558000000.0,
        "Diluted Average Shares": 299900000.0,
        "Basic Average Shares": 295500000.0,
        "Diluted EPS": 2.44,
        "Basic EPS": 2.48,
        "Diluted NI Availto Com Stockholders": 733000000.0,
        "Net Income Common Stockholders": 733000000.0,
        "Preferred Stock Dividends": 5000000.0,
        "Net Income": 738000000.0,
        "Net Income Including Noncontrolling Interests": 738000000.0,
        "Net Income Continuous Operations": 738000000.0,
        "Tax Provision": 174000000.0,
        "Pretax Income": 912000000.0,
        "Other Income Expense": 26000000.0,
        "Special Income Charges": 0.0,
        "Restructuring And Mergern Acquisition": 0.0,
        "Net Non Operating Interest Income Expense": -50000000.0,
        "Interest Expense Non Operating": 50000000.0,
        "Other Operating Expenses": NaN,
        "Depreciation And Amortization In Income Statement": 17000000.0,
        "Amortization": 17000000.0,
        "Total Revenue": 6470000000.0,
        "Operating Revenue": 6470000000.0,
        "Loss Adjustment Expense": 4946000000.0,
        "Net Policyholder Benefits And Claims": 4946000000.0
    },
    "2024-09-30": {
        "Tax Effect Of Unusual Items": -194327.731092,
        "Tax Rate For Calcs": 0.194328,
        "Total Unusual Items": -1000000.0,
        "Total Unusual Items Excluding Goodwill": -1000000.0,
        "Net Income From Continuing Operation Net Minority Interest": 767000000.0,
        "Reconciled Depreciation": 85000000.0,
        "EBIT": 1001000000.0,
        "Net Interest Income": -49000000.0,
        "Interest Expense": 49000000.0,
        "Normalized Income": 767805672.268908,
        "Net Income From Continuing And Discontinued Operation": 767000000.0,
        "Total Expenses": 5762000000.0,
        "Diluted Average Shares": 297500000.0,
        "Basic Average Shares": 292600000.0,
        "Diluted EPS": 2.56,
        "Basic EPS": 2.6,
        "Diluted NI Availto Com Stockholders": 761000000.0,
        "Net Income Common Stockholders": 761000000.0,
        "Preferred Stock Dividends": 6000000.0,
        "Net Income": 767000000.0,
        "Net Income Including Noncontrolling Interests": 767000000.0,
        "Net Income Continuous Operations": 767000000.0,
        "Tax Provision": 185000000.0,
        "Pretax Income": 952000000.0,
        "Other Income Expense": 24000000.0,
        "Special Income Charges": -1000000.0,
        "Restructuring And Mergern Acquisition": 1000000.0,
        "Net Non Operating Interest Income Expense": -49000000.0,
        "Interest Expense Non Operating": 49000000.0,
        "Other Operating Expenses": NaN,
        "Depreciation And Amortization In Income Statement": 18000000.0,
        "Amortization": 18000000.0,
        "Total Revenue": 6714000000.0,
        "Operating Revenue": 6714000000.0,
        "Loss Adjustment Expense": 5146000000.0,
        "Net Policyholder Benefits And Claims": 5146000000.0
    },
    "2024-12-31": {
        "Tax Effect Of Unusual Items": 0.0,
        "Tax Rate For Calcs": 0.205773,
        "Total Unusual Items": 0.0,
        "Total Unusual Items Excluding Goodwill": 0.0,
        "Net Income From Continuing Operation Net Minority Interest": 853000000.0,
        "Reconciled Depreciation": 84000000.0,
        "EBIT": 1124000000.0,
        "Net Interest Income": -50000000.0,
        "Interest Expense": 50000000.0,
        "Normalized Income": 853000000.0,
        "Net Income From Continuing And Discontinued Operation": 853000000.0,
        "Total Expenses": 5726000000.0,
        "Diluted Average Shares": 294200000.0,
        "Basic Average Shares": 289300000.0,
        "Diluted EPS": 2.88,
        "Basic EPS": 2.93,
        "Diluted NI Availto Com Stockholders": 848000000.0,
        "Net Income Common Stockholders": 848000000.0,
        "Preferred Stock Dividends": 5000000.0,
        "Net Income": 853000000.0,
        "Net Income Including Noncontrolling Interests": 853000000.0,
        "Net Income Continuous Operations": 853000000.0,
        "Tax Provision": 221000000.0,
        "Pretax Income": 1074000000.0,
        "Other Income Expense": 19000000.0,
        "Special Income Charges": 0.0,
        "Restructuring And Mergern Acquisition": 0.0,
        "Net Non Operating Interest Income Expense": -50000000.0,
        "Interest Expense Non Operating": 50000000.0,
        "Other Operating Expenses": 0.0,
        "Depreciation And Amortization In Income Statement": 18000000.0,
        "Amortization": 18000000.0,
        "Total Revenue": 6800000000.0,
        "Operating Revenue": 6800000000.0,
        "Loss Adjustment Expense": 5146000000.0,
        "Net Policyholder Benefits And Claims": 5146000000.0
    },
    "2025-03-31": {
        "Tax Effect Of Unusual Items": 0.0,
        "Tax Rate For Calcs": 0.195402,
        "Total Unusual Items": 0.0,
        "Total Unusual Items Excluding Goodwill": 0.0,
        "Net Income From Continuing Operation Net Minority Interest": 630000000.0,
        "Reconciled Depreciation": 92000000.0,
        "EBIT": 833000000.0,
        "Net Interest Income": -50000000.0,
        "Interest Expense": 50000000.0,
        "Normalized Income": 630000000.0,
        "Net Income From Continuing And Discontinued Operation": 630000000.0,
        "Total Expenses": 5988000000.0,
        "Diluted Average Shares": 290800000.0,
        "Basic Average Shares": 286600000.0,
        "Diluted EPS": 2.15,
        "Basic EPS": 2.18,
        "Diluted NI Availto Com Stockholders": 625000000.0,
        "Net Income Common Stockholders": 625000000.0,
        "Preferred Stock Dividends": 5000000.0,
        "Net Income": 630000000.0,
        "Net Income Including Noncontrolling Interests": 630000000.0,
        "Net Income Continuous Operations": 630000000.0,
        "Tax Provision": 153000000.0,
        "Pretax Income": 783000000.0,
        "Other Income Expense": 22000000.0,
        "Special Income Charges": 0.0,
        "Restructuring And Mergern Acquisition": 0.0,
        "Net Non Operating Interest Income Expense": -50000000.0,
        "Interest Expense Non Operating": 50000000.0,
        "Other Operating Expenses": NaN,
        "Depreciation And Amortization In Income Statement": 18000000.0,
        "Amortization": 18000000.0,
        "Total Revenue": 6771000000.0,
        "Operating Revenue": 6771000000.0,
        "Loss Adjustment Expense": 5352000000.0,
        "Net Policyholder Benefits And Claims": 5352000000.0
    }
}