{
    "2023-03-31": {
        "Tax Effect Of Unusual Items": NaN,
        "Tax Rate For Calcs": NaN,
        "Normalized EBITDA": NaN,
        "Total Unusual Items": NaN,
        "Total Unusual Items Excluding Goodwill": NaN,
        "Net Income From Continuing Operation Net Minority Interest": NaN,
        "Reconciled Depreciation": NaN,
        "Reconciled Cost Of Revenue": NaN,
        "EBITDA": NaN,
        "EBIT": NaN,
        "Net Interest Income": NaN,
        "Interest Expense": NaN,
        "Normalized Income": NaN,
        "Net Income From Continuing And Discontinued Operation": NaN,
        "Total Expenses": NaN,
        "Total Operating Income As Reported": NaN,
        "Diluted Average Shares": NaN,
        "Basic Average Shares": NaN,
        "Diluted EPS": NaN,
        "Basic EPS": NaN,
        "Diluted NI Availto Com Stockholders": NaN,
        "Net Income Common Stockholders": NaN,
        "Preferred Stock Dividends": NaN,
        "Net Income": NaN,
        "Net Income Including Noncontrolling Interests": NaN,
        "Net Income Continuous Operations": NaN,
        "Tax Provision": NaN,
        "Pretax Income": NaN,
        "Other Income Expense": NaN,
        "Other Non Operating Income Expenses": NaN,
        "Special Income Charges": NaN,
        "Gain On Sale Of Business": NaN,
        "Other Special Charges": NaN,
        "Impairment Of Capital Assets": NaN,
        "Restructuring And Mergern Acquisition": 1044000.0,
        "Gain On Sale Of Security": NaN,
        "Net Non Operating Interest Income Expense": NaN,
        "Interest Expense Non Operating": NaN,
        "Operating Income": NaN,
        "Operating Expense": NaN,
        "Other Operating Expenses": NaN,
        "Selling General And Administration": NaN,
        "General And Administrative Expense": NaN,
        "Other Gand A": NaN,
        "Gross Profit": NaN,
        "Cost Of Revenue": NaN,
        "Total Revenue": NaN,
        "Operating Revenue": NaN
    },
    "2022-12-31": {
        "Tax Effect Of Unusual Items": NaN,
        "Tax Rate For Calcs": NaN,
        "Normalized EBITDA": NaN,
        "Total Unusual Items": NaN,
        "Total Unusual Items Excluding Goodwill": NaN,
        "Net Income From Continuing Operation Net Minority Interest": NaN,
        "Reconciled Depreciation": NaN,
        "Reconciled Cost Of Revenue": NaN,
        "EBITDA": NaN,
        "EBIT": NaN,
        "Net Interest Income": NaN,
        "Interest Expense": NaN,
        "Normalized Income": NaN,
        "Net Income From Continuing And Discontinued Operation": NaN,
        "Total Expenses": NaN,
        "Total Operating Income As Reported": NaN,
        "Diluted Average Shares": NaN,
        "Basic Average Shares": NaN,
        "Diluted EPS": NaN,
        "Basic EPS": NaN,
        "Diluted NI Availto Com Stockholders": NaN,
        "Net Income Common Stockholders": NaN,
        "Preferred Stock Dividends": NaN,
        "Net Income": NaN,
        "Net Income Including Noncontrolling Interests": NaN,
        "Net Income Continuous Operations": NaN,
        "Tax Provision": NaN,
        "Pretax Income": NaN,
        "Other Income Expense": NaN,
        "Other Non Operating Income Expenses": NaN,
        "Special Income Charges": NaN,
        "Gain On Sale Of Business": NaN,
        "Other Special Charges": NaN,
        "Restructuring And Mergern Acquisition": 4639000.0,
        "Gain On Sale Of Security": NaN,
        "Net Non Operating Interest Income Expense": NaN,
        "Interest Expense Non Operating": NaN,
        "Operating Income": NaN,
        "Operating Expense": NaN,
        "Other Operating Expenses": NaN,
        "Selling General And Administration": NaN,
        "General And Administrative Expense": NaN,
        "Other Gand A": NaN,
        "Gross Profit": NaN,
        "Cost Of Revenue": NaN,
        "Total Revenue": NaN,
        "Operating Revenue": NaN
    },
    "2022-09-30": {
        "Tax Effect Of Unusual Items": -102660.0,
        "Tax Rate For Calcs": 0.29,
        "Normalized EBITDA": 11262000.0,
        "Total Unusual Items": -354000.0,
        "Total Unusual Items Excluding Goodwill": -354000.0,
        "Net Income From Continuing Operation Net Minority Interest": -23526000.0,
        "Reconciled Depreciation": 33087000.0,
        "Reconciled Cost Of Revenue": 137892000.0,
        "EBITDA": 10908000.0,
        "EBIT": -22179000.0,
        "Net Interest Income": -10874000.0,
        "Interest Expense": 10874000.0,
        "Normalized Income": -23274660.0,
        "Net Income From Continuing And Discontinued Operation": -23526000.0,
        "Total Expenses": 170017000.0,
        "Total Operating Income As Reported": -25459000.0,
        "Diluted Average Shares": 554531000.0,
        "Basic Average Shares": 554531000.0,
        "Diluted EPS": -0.04,
        "Basic EPS": -0.04,
        "Diluted NI Availto Com Stockholders": -23664000.0,
        "Net Income Common Stockholders": -23664000.0,
        "Preferred Stock Dividends": 138000.0,
        "Net Income": -23526000.0,
        "Net Income Including Noncontrolling Interests": -23526000.0,
        "Net Income Continuous Operations": -23526000.0,
        "Tax Provision": -9527000.0,
        "Pretax Income": -33053000.0,
        "Other Income Expense": 1499000.0,
        "Other Non Operating Income Expenses": 1853000.0,
        "Special Income Charges": -1781000.0,
        "Other Special Charges": NaN,
        "Restructuring And Mergern Acquisition": 1781000.0,
        "Gain On Sale Of Security": 1427000.0,
        "Net Non Operating Interest Income Expense": -10874000.0,
        "Interest Expense Non Operating": 10874000.0,
        "Operating Income": -23678000.0,
        "Operating Expense": 32125000.0,
        "Other Operating Expenses": 16030000.0,
        "Selling General And Administration": 11003000.0,
        "General And Administrative Expense": 11003000.0,
        "Other Gand A": 11003000.0,
        "Gross Profit": 8447000.0,
        "Cost Of Revenue": 137892000.0,
        "Total Revenue": 146339000.0,
        "Operating Revenue": 146339000.0
    },
    "2022-06-30": {
        "Tax Effect Of Unusual Items": -5367200.0,
        "Tax Rate For Calcs": 0.4,
        "Normalized EBITDA": 48854000.0,
        "Total Unusual Items": -13418000.0,
        "Total Unusual Items Excluding Goodwill": -13418000.0,
        "Net Income From Continuing Operation Net Minority Interest": -13523000.0,
        "Reconciled Depreciation": 38200000.0,
        "Reconciled Cost Of Revenue": 153979000.0,
        "EBITDA": 35436000.0,
        "EBIT": -2764000.0,
        "Net Interest Income": -10505000.0,
        "Interest Expense": 10505000.0,
        "Normalized Income": -5472200.0,
        "Net Income From Continuing And Discontinued Operation": -13523000.0,
        "Total Expenses": 182058000.0,
        "Total Operating Income As Reported": 7712000.0,
        "Diluted Average Shares": 539401000.0,
        "Basic Average Shares": 539401000.0,
        "Diluted EPS": -0.03,
        "Basic EPS": -0.03,
        "Diluted NI Availto Com Stockholders": -13661000.0,
        "Net Income Common Stockholders": -13661000.0,
        "Preferred Stock Dividends": 138000.0,
        "Net Income": -13523000.0,
        "Net Income Including Noncontrolling Interests": -13523000.0,
        "Net Income Continuous Operations": -13523000.0,
        "Tax Provision": 254000.0,
        "Pretax Income": -13269000.0,
        "Other Income Expense": -11948000.0,
        "Other Non Operating Income Expenses": 1470000.0,
        "Special Income Charges": -1472000.0,
        "Other Special Charges": NaN,
        "Restructuring And Mergern Acquisition": 1472000.0,
        "Gain On Sale Of Security": -11946000.0,
        "Net Non Operating Interest Income Expense": -10505000.0,
        "Interest Expense Non Operating": 10505000.0,
        "Operating Income": 9184000.0,
        "Operating Expense": 28079000.0,
        "Other Operating Expenses": 13145000.0,
        "Selling General And Administration": 9692000.0,
        "General And Administrative Expense": 9692000.0,
        "Other Gand A": 9692000.0,
        "Gross Profit": 37263000.0,
        "Cost Of Revenue": 153979000.0,
        "Total Revenue": 191242000.0,
        "Operating Revenue": 191242000.0
    },
    "2023-06-30": {
        "Tax Effect Of Unusual Items": NaN,
        "Tax Rate For Calcs": NaN,
        "Normalized EBITDA": NaN,
        "Total Unusual Items": NaN,
        "Total Unusual Items Excluding Goodwill": NaN,
        "Net Income From Continuing Operation Net Minority Interest": NaN,
        "Reconciled Depreciation": NaN,
        "Reconciled Cost Of Revenue": NaN,
        "EBITDA": NaN,
        "EBIT": NaN,
        "Net Interest Income": NaN,
        "Interest Expense": NaN,
        "Normalized Income": NaN,
        "Net Income From Continuing And Discontinued Operation": NaN,
        "Total Expenses": NaN,
        "Total Operating Income As Reported": NaN,
        "Diluted Average Shares": NaN,
        "Basic Average Shares": NaN,
        "Diluted EPS": NaN,
        "Basic EPS": NaN,
        "Diluted NI Availto Com Stockholders": NaN,
        "Net Income Common Stockholders": NaN,
        "Preferred Stock Dividends": NaN,
        "Net Income": NaN,
        "Net Income Including Noncontrolling Interests": NaN,
        "Net Income Continuous Operations": NaN,
        "Tax Provision": NaN,
        "Pretax Income": NaN,
        "Other Income Expense": NaN,
        "Other Non Operating Income Expenses": NaN,
        "Special Income Charges": NaN,
        "Gain On Sale Of Business": NaN,
        "Other Special Charges": NaN,
        "Impairment Of Capital Assets": NaN,
        "Restructuring And Mergern Acquisition": 3111000.0,
        "Gain On Sale Of Security": NaN,
        "Net Non Operating Interest Income Expense": NaN,
        "Interest Expense Non Operating": NaN,
        "Operating Income": NaN,
        "Operating Expense": NaN,
        "Other Operating Expenses": NaN,
        "Selling General And Administration": NaN,
        "General And Administrative Expense": NaN,
        "Other Gand A": NaN,
        "Gross Profit": NaN,
        "Cost Of Revenue": NaN,
        "Total Revenue": NaN,
        "Operating Revenue": NaN
    },
    "2023-09-30": {
        "Tax Effect Of Unusual Items": NaN,
        "Tax Rate For Calcs": NaN,
        "Normalized EBITDA": NaN,
        "Total Unusual Items": NaN,
        "Total Unusual Items Excluding Goodwill": NaN,
        "Net Income From Continuing Operation Net Minority Interest": NaN,
        "Reconciled Depreciation": NaN,
        "Reconciled Cost Of Revenue": NaN,
        "EBITDA": NaN,
        "EBIT": NaN,
        "Net Interest Income": NaN,
        "Interest Expense": NaN,
        "Normalized Income": NaN,
        "Net Income From Continuing And Discontinued Operation": NaN,
        "Total Expenses": NaN,
        "Total Operating Income As Reported": NaN,
        "Diluted Average Shares": NaN,
        "Basic Average Shares": NaN,
        "Diluted EPS": NaN,
        "Basic EPS": NaN,
        "Diluted NI Availto Com Stockholders": NaN,
        "Net Income Common Stockholders": NaN,
        "Preferred Stock Dividends": NaN,
        "Net Income": NaN,
        "Net Income Including Noncontrolling Interests": NaN,
        "Net Income Continuous Operations": NaN,
        "Tax Provision": NaN,
        "Pretax Income": NaN,
        "Other Income Expense": NaN,
        "Other Non Operating Income Expenses": NaN,
        "Special Income Charges": NaN,
        "Gain On Sale Of Business": NaN,
        "Other Special Charges": NaN,
        "Impairment Of Capital Assets": 0.0,
        "Restructuring And Mergern Acquisition": 2256000.0,
        "Gain On Sale Of Security": NaN,
        "Net Non Operating Interest Income Expense": NaN,
        "Interest Expense Non Operating": NaN,
        "Operating Income": NaN,
        "Operating Expense": NaN,
        "Other Operating Expenses": NaN,
        "Selling General And Administration": NaN,
        "General And Administrative Expense": NaN,
        "Other Gand A": NaN,
        "Gross Profit": NaN,
        "Cost Of Revenue": NaN,
        "Total Revenue": NaN,
        "Operating Revenue": NaN
    },
    "2023-12-31": {
        "Tax Effect Of Unusual Items": NaN,
        "Tax Rate For Calcs": NaN,
        "Normalized EBITDA": NaN,
        "Total Unusual Items": NaN,
        "Total Unusual Items Excluding Goodwill": NaN,
        "Net Income From Continuing Operation Net Minority Interest": NaN,
        "Reconciled Depreciation": NaN,
        "Reconciled Cost Of Revenue": NaN,
        "EBITDA": NaN,
        "EBIT": NaN,
        "Net Interest Income": NaN,
        "Interest Expense": NaN,
        "Normalized Income": NaN,
        "Net Income From Continuing And Discontinued Operation": NaN,
        "Total Expenses": NaN,
        "Total Operating Income As Reported": NaN,
        "Diluted Average Shares": NaN,
        "Basic Average Shares": NaN,
        "Diluted EPS": NaN,
        "Basic EPS": NaN,
        "Diluted NI Availto Com Stockholders": NaN,
        "Net Income Common Stockholders": NaN,
        "Preferred Stock Dividends": NaN,
        "Net Income": NaN,
        "Net Income Including Noncontrolling Interests": NaN,
        "Net Income Continuous Operations": NaN,
        "Tax Provision": NaN,
        "Pretax Income": NaN,
        "Other Income Expense": NaN,
        "Other Non Operating Income Expenses": NaN,
        "Special Income Charges": NaN,
        "Gain On Sale Of Business": NaN,
        "Other Special Charges": NaN,
        "Impairment Of Capital Assets": NaN,
        "Restructuring And Mergern Acquisition": 1164000.0,
        "Gain On Sale Of Security": NaN,
        "Net Non Operating Interest Income Expense": NaN,
        "Interest Expense Non Operating": NaN,
        "Operating Income": NaN,
        "Operating Expense": NaN,
        "Other Operating Expenses": NaN,
        "Selling General And Administration": NaN,
        "General And Administrative Expense": NaN,
        "Other Gand A": NaN,
        "Gross Profit": NaN,
        "Cost Of Revenue": NaN,
        "Total Revenue": NaN,
        "Operating Revenue": NaN
    },
    "2024-03-31": {
        "Tax Effect Of Unusual Items": -2809590.0,
        "Tax Rate For Calcs": 0.21,
        "Normalized EBITDA": 73311000.0,
        "Total Unusual Items": -13379000.0,
        "Total Unusual Items Excluding Goodwill": -13379000.0,
        "Net Income From Continuing Operation Net Minority Interest": -5753000.0,
        "Reconciled Depreciation": 51226000.0,
        "Reconciled Cost Of Revenue": 170368000.0,
        "EBITDA": 59932000.0,
        "EBIT": 8706000.0,
        "Net Interest Income": -12644000.0,
        "Interest Expense": 12644000.0,
        "Normalized Income": 4816410.0,
        "Net Income From Continuing And Discontinued Operation": -5753000.0,
        "Total Expenses": 168955000.0,
        "Total Operating Income As Reported": 5064000.0,
        "Diluted Average Shares": 616199000.0,
        "Basic Average Shares": 616199000.0,
        "Diluted EPS": -0.01,
        "Basic EPS": -0.01,
        "Diluted NI Availto Com Stockholders": -5891000.0,
        "Net Income Common Stockholders": -5891000.0,
        "Preferred Stock Dividends": 138000.0,
        "Net Income": -5753000.0,
        "Net Income Including Noncontrolling Interests": -5753000.0,
        "Net Income Continuous Operations": -5753000.0,
        "Tax Provision": 1815000.0,
        "Pretax Income": -3938000.0,
        "Other Income Expense": -11867000.0,
        "Other Non Operating Income Expenses": 1512000.0,
        "Special Income Charges": -15509000.0,
        "Gain On Sale Of Business": -986000.0,
        "Other Special Charges": 14523000.0,
        "Impairment Of Capital Assets": NaN,
        "Restructuring And Mergern Acquisition": NaN,
        "Gain On Sale Of Security": 2130000.0,
        "Net Non Operating Interest Income Expense": -12644000.0,
        "Interest Expense Non Operating": 12644000.0,
        "Operating Income": 20573000.0,
        "Operating Expense": -1413000.0,
        "Other Operating Expenses": -12629000.0,
        "Selling General And Administration": 11216000.0,
        "General And Administrative Expense": 11216000.0,
        "Other Gand A": 11216000.0,
        "Gross Profit": 19160000.0,
        "Cost Of Revenue": 170368000.0,
        "Total Revenue": 189528000.0,
        "Operating Revenue": 189528000.0
    },
    "2024-06-30": {
        "Tax Effect Of Unusual Items": 242064.0,
        "Tax Rate For Calcs": 0.246,
        "Normalized EBITDA": 102392000.0,
        "Total Unusual Items": 984000.0,
        "Total Unusual Items Excluding Goodwill": 984000.0,
        "Net Income From Continuing Operation Net Minority Interest": 27870000.0,
        "Reconciled Depreciation": 53921000.0,
        "Reconciled Cost Of Revenue": 194227000.0,
        "EBITDA": 103376000.0,
        "EBIT": 49455000.0,
        "Net Interest Income": -12505000.0,
        "Interest Expense": 12505000.0,
        "Normalized Income": 27128064.0,
        "Net Income From Continuing And Discontinued Operation": 27870000.0,
        "Total Expenses": 198366000.0,
        "Total Operating Income As Reported": 40600000.0,
        "Diluted Average Shares": 622206000.0,
        "Basic Average Shares": 617106000.0,
        "Diluted EPS": 0.04,
        "Basic EPS": 0.04,
        "Diluted NI Availto Com Stockholders": 27732000.0,
        "Net Income Common Stockholders": 27732000.0,
        "Preferred Stock Dividends": 138000.0,
        "Net Income": 27870000.0,
        "Net Income Including Noncontrolling Interests": 27870000.0,
        "Net Income Continuous Operations": 27870000.0,
        "Tax Provision": 9080000.0,
        "Pretax Income": 36950000.0,
        "Other Income Expense": 2164000.0,
        "Other Non Operating Income Expenses": 1180000.0,
        "Special Income Charges": -6691000.0,
        "Gain On Sale Of Business": -1153000.0,
        "Other Special Charges": 5538000.0,
        "Impairment Of Capital Assets": NaN,
        "Gain On Sale Of Security": 7675000.0,
        "Net Non Operating Interest Income Expense": -12505000.0,
        "Interest Expense Non Operating": 12505000.0,
        "Operating Income": 47291000.0,
        "Operating Expense": 4139000.0,
        "Other Operating Expenses": -10601000.0,
        "Selling General And Administration": 14740000.0,
        "General And Administrative Expense": 14740000.0,
        "Other Gand A": 14740000.0,
        "Gross Profit": 51430000.0,
        "Cost Of Revenue": 194227000.0,
        "Total Revenue": 245657000.0,
        "Operating Revenue": 245657000.0
    },
    "2024-09-30": {
        "Tax Effect Of Unusual Items": -6148170.0,
        "Tax Rate For Calcs": 0.21,
        "Normalized EBITDA": 97507000.0,
        "Total Unusual Items": -29277000.0,
        "Total Unusual Items Excluding Goodwill": -29277000.0,
        "Net Income From Continuing Operation Net Minority Interest": 1761000.0,
        "Reconciled Depreciation": 44118000.0,
        "Reconciled Cost Of Revenue": 185799000.0,
        "EBITDA": 68230000.0,
        "EBIT": 24112000.0,
        "Net Interest Income": -10901000.0,
        "Interest Expense": 10901000.0,
        "Normalized Income": 24889830.0,
        "Net Income From Continuing And Discontinued Operation": 1761000.0,
        "Total Expenses": 192925000.0,
        "Total Operating Income As Reported": 22475000.0,
        "Diluted Average Shares": 625739000.0,
        "Basic Average Shares": 621921000.0,
        "Diluted EPS": 0.0,
        "Basic EPS": 0.0,
        "Diluted NI Availto Com Stockholders": 1623000.0,
        "Net Income Common Stockholders": 1623000.0,
        "Preferred Stock Dividends": 138000.0,
        "Net Income": 1761000.0,
        "Net Income Including Noncontrolling Interests": 1761000.0,
        "Net Income Continuous Operations": 1761000.0,
        "Tax Provision": 11450000.0,
        "Pretax Income": 13211000.0,
        "Other Income Expense": -28048000.0,
        "Other Non Operating Income Expenses": 1229000.0,
        "Special Income Charges": -29685000.0,
        "Gain On Sale Of Business": -1542000.0,
        "Other Special Charges": 13679000.0,
        "Impairment Of Capital Assets": 14464000.0,
        "Gain On Sale Of Security": 408000.0,
        "Net Non Operating Interest Income Expense": -10901000.0,
        "Interest Expense Non Operating": 10901000.0,
        "Operating Income": 52160000.0,
        "Operating Expense": 7126000.0,
        "Other Operating Expenses": -3275000.0,
        "Selling General And Administration": 10401000.0,
        "General And Administrative Expense": 10401000.0,
        "Other Gand A": 10401000.0,
        "Gross Profit": 59286000.0,
        "Cost Of Revenue": 185799000.0,
        "Total Revenue": 245085000.0,
        "Operating Revenue": 245085000.0
    },
    "2024-12-31": {
        "Tax Effect Of Unusual Items": -7081600.0,
        "Tax Rate For Calcs": 0.4,
        "Normalized EBITDA": 92687000.0,
        "Total Unusual Items": -17704000.0,
        "Total Unusual Items Excluding Goodwill": -17704000.0,
        "Net Income From Continuing Operation Net Minority Interest": 11924000.0,
        "Reconciled Depreciation": 41206000.0,
        "Reconciled Cost Of Revenue": 181321000.0,
        "EBITDA": 74983000.0,
        "EBIT": 33777000.0,
        "Net Interest Income": -13784000.0,
        "Interest Expense": 13784000.0,
        "Normalized Income": 22546400.0,
        "Net Income From Continuing And Discontinued Operation": 11924000.0,
        "Total Expenses": 198679000.0,
        "Total Operating Income As Reported": 38137000.0,
        "Diluted Average Shares": 631442000.0,
        "Basic Average Shares": 628025000.0,
        "Diluted EPS": 0.02,
        "Basic EPS": 0.02,
        "Diluted NI Availto Com Stockholders": 11786000.0,
        "Net Income Common Stockholders": 11786000.0,
        "Preferred Stock Dividends": 138000.0,
        "Net Income": 11924000.0,
        "Net Income Including Noncontrolling Interests": 11924000.0,
        "Net Income Continuous Operations": 11924000.0,
        "Tax Provision": 8069000.0,
        "Pretax Income": 19993000.0,
        "Other Income Expense": -17199000.0,
        "Other Non Operating Income Expenses": 505000.0,
        "Special Income Charges": -12839000.0,
        "Gain On Sale Of Business": -3162000.0,
        "Other Special Charges": 9567000.0,
        "Impairment Of Capital Assets": 110000.0,
        "Gain On Sale Of Security": -4865000.0,
        "Net Non Operating Interest Income Expense": -13784000.0,
        "Interest Expense Non Operating": 13784000.0,
        "Operating Income": 50976000.0,
        "Operating Expense": 17358000.0,
        "Other Operating Expenses": 8310000.0,
        "Selling General And Administration": 9048000.0,
        "General And Administrative Expense": 9048000.0,
        "Other Gand A": 9048000.0,
        "Gross Profit": 68334000.0,
        "Cost Of Revenue": 181321000.0,
        "Total Revenue": 249655000.0,
        "Operating Revenue": 249655000.0
    },
    "2025-03-31": {
        "Tax Effect Of Unusual Items": -296175.0,
        "Tax Rate For Calcs": 0.359,
        "Normalized EBITDA": 96565000.0,
        "Total Unusual Items": -825000.0,
        "Total Unusual Items Excluding Goodwill": -825000.0,
        "Net Income From Continuing Operation Net Minority Interest": 28872000.0,
        "Reconciled Depreciation": 39172000.0,
        "Reconciled Cost Of Revenue": 187335000.0,
        "EBITDA": 95740000.0,
        "EBIT": 56568000.0,
        "Net Interest Income": -11551000.0,
        "Interest Expense": 11551000.0,
        "Normalized Income": 29400825.0,
        "Net Income From Continuing And Discontinued Operation": 28872000.0,
        "Total Expenses": 204888000.0,
        "Total Operating Income As Reported": 52355000.0,
        "Diluted Average Shares": 634708000.0,
        "Basic Average Shares": 632047000.0,
        "Diluted EPS": 0.05,
        "Basic EPS": 0.05,
        "Diluted NI Availto Com Stockholders": 28734000.0,
        "Net Income Common Stockholders": 28734000.0,
        "Preferred Stock Dividends": 138000.0,
        "Net Income": 28872000.0,
        "Net Income Including Noncontrolling Interests": 28872000.0,
        "Net Income Continuous Operations": 28872000.0,
        "Tax Provision": 16145000.0,
        "Pretax Income": 45017000.0,
        "Other Income Expense": 117000.0,
        "Other Non Operating Income Expenses": 942000.0,
        "Special Income Charges": -4096000.0,
        "Gain On Sale Of Business": -790000.0,
        "Other Special Charges": 3306000.0,
        "Impairment Of Capital Assets": NaN,
        "Gain On Sale Of Security": 3271000.0,
        "Net Non Operating Interest Income Expense": -11551000.0,
        "Interest Expense Non Operating": 11551000.0,
        "Operating Income": 56451000.0,
        "Operating Expense": 17553000.0,
        "Other Operating Expenses": 5554000.0,
        "Selling General And Administration": 11999000.0,
        "General And Administrative Expense": 11999000.0,
        "Other Gand A": 11999000.0,
        "Gross Profit": 74004000.0,
        "Cost Of Revenue": 187335000.0,
        "Total Revenue": 261339000.0,
        "Operating Revenue": 261339000.0
    },
    "2025-06-30": {
        "Tax Effect Of Unusual Items": 393129.0,
        "Tax Rate For Calcs": 0.361,
        "Normalized EBITDA": 138190000.0,
        "Total Unusual Items": 1089000.0,
        "Total Unusual Items Excluding Goodwill": 1089000.0,
        "Net Income From Continuing Operation Net Minority Interest": 57705000.0,
        "Reconciled Depreciation": 37914000.0,
        "Reconciled Cost Of Revenue": 184503000.0,
        "EBITDA": 139279000.0,
        "EBIT": 101365000.0,
        "Net Interest Income": -11099000.0,
        "Interest Expense": 11099000.0,
        "Normalized Income": 57009129.0,
        "Net Income From Continuing And Discontinued Operation": 57705000.0,
        "Total Expenses": 205262000.0,
        "Total Operating Income As Reported": 93756000.0,
        "Diluted Average Shares": 639739000.0,
        "Basic Average Shares": 636928000.0,
        "Diluted EPS": 0.09,
        "Basic EPS": 0.09,
        "Diluted NI Availto Com Stockholders": 57567000.0,
        "Net Income Common Stockholders": 57567000.0,
        "Preferred Stock Dividends": 138000.0,
        "Net Income": 57705000.0,
        "Net Income Including Noncontrolling Interests": 57705000.0,
        "Net Income Continuous Operations": 57705000.0,
        "Tax Provision": 32561000.0,
        "Pretax Income": 90266000.0,
        "Other Income Expense": 2600000.0,
        "Other Non Operating Income Expenses": 1511000.0,
        "Special Income Charges": -5009000.0,
        "Gain On Sale Of Business": -844000.0,
        "Other Special Charges": 4165000.0,
        "Impairment Of Capital Assets": NaN,
        "Gain On Sale Of Security": 6098000.0,
        "Net Non Operating Interest Income Expense": -11099000.0,
        "Interest Expense Non Operating": 11099000.0,
        "Operating Income": 98765000.0,
        "Operating Expense": 20759000.0,
        "Other Operating Expenses": 8219000.0,
        "Selling General And Administration": 12540000.0,
        "General And Administrative Expense": 12540000.0,
        "Other Gand A": 12540000.0,
        "Gross Profit": 119524000.0,
        "Cost Of Revenue": 184503000.0,
        "Total Revenue": 304027000.0,
        "Operating Revenue": 304027000.0
    },
    "2025-09-30": {
        "Tax Effect Of Unusual Items": 4731965.0,
        "Tax Rate For Calcs": 0.353,
        "Normalized EBITDA": 204980000.0,
        "Total Unusual Items": 13405000.0,
        "Total Unusual Items Excluding Goodwill": 13405000.0,
        "Net Income From Continuing Operation Net Minority Interest": 100726000.0,
        "Reconciled Depreciation": 49377000.0,
        "Reconciled Cost Of Revenue": 229075000.0,
        "EBITDA": 218385000.0,
        "EBIT": 169008000.0,
        "Net Interest Income": -13405000.0,
        "Interest Expense": 13405000.0,
        "Normalized Income": 92052965.0,
        "Net Income From Continuing And Discontinued Operation": 100726000.0,
        "Total Expenses": 256372000.0,
        "Total Operating Income As Reported": 148645000.0,
        "Diluted Average Shares": 671938000.0,
        "Basic Average Shares": 669194000.0,
        "Diluted EPS": 0.15,
        "Basic EPS": 0.15,
        "Diluted NI Availto Com Stockholders": 100588000.0,
        "Net Income Common Stockholders": 100588000.0,
        "Preferred Stock Dividends": 138000.0,
        "Net Income": 100726000.0,
        "Net Income Including Noncontrolling Interests": 100726000.0,
        "Net Income Continuous Operations": 100726000.0,
        "Tax Provision": 54877000.0,
        "Pretax Income": 155603000.0,
        "Other Income Expense": 15838000.0,
        "Other Non Operating Income Expenses": 2433000.0,
        "Special Income Charges": -4525000.0,
        "Gain On Sale Of Business": -1268000.0,
        "Other Special Charges": 3257000.0,
        "Impairment Of Capital Assets": NaN,
        "Gain On Sale Of Security": 17930000.0,
        "Net Non Operating Interest Income Expense": -13405000.0,
        "Interest Expense Non Operating": 13405000.0,
        "Operating Income": 153170000.0,
        "Operating Expense": 27297000.0,
        "Other Operating Expenses": 13425000.0,
        "Selling General And Administration": 13872000.0,
        "General And Administrative Expense": 13872000.0,
        "Other Gand A": 13872000.0,
        "Gross Profit": 180467000.0,
        "Cost Of Revenue": 229075000.0,
        "Total Revenue": 409542000.0,
        "Operating Revenue": 409542000.0
    }
}