{
    "2023-03-31": {
        "Tax Effect Of Unusual Items": 0.0,
        "Tax Rate For Calcs": 0.0,
        "Normalized EBITDA": -9166000.0,
        "Total Unusual Items": -704000.0,
        "Total Unusual Items Excluding Goodwill": -704000.0,
        "Net Income From Continuing Operation Net Minority Interest": -10544000.0,
        "Reconciled Depreciation": 601000.0,
        "Reconciled Cost Of Revenue": 2382000.0,
        "EBITDA": -9870000.0,
        "EBIT": -9870000.0,
        "Net Interest Income": 283000.0,
        "Interest Income": 283000.0,
        "Normalized Income": -9840000.0,
        "Net Income From Continuing And Discontinued Operation": -10544000.0,
        "Total Expenses": 11807000.0,
        "Total Operating Income As Reported": -10878000.0,
        "Diluted Average Shares": 5625694.0,
        "Basic Average Shares": 5625694.0,
        "Diluted EPS": -1.75,
        "Basic EPS": -1.75,
        "Diluted NI Availto Com Stockholders": -10544000.0,
        "Net Income Common Stockholders": -10544000.0,
        "Net Income": -10544000.0,
        "Net Income Including Noncontrolling Interests": -10544000.0,
        "Net Income Continuous Operations": -10544000.0,
        "Tax Provision": 0.0,
        "Pretax Income": -10544000.0,
        "Other Income Expense": -957000.0,
        "Other Non Operating Income Expenses": -253000.0,
        "Special Income Charges": -1008000.0,
        "Impairment Of Capital Assets": 1008000.0,
        "Gain On Sale Of Security": 304000.0,
        "Net Non Operating Interest Income Expense": 283000.0,
        "Interest Income Non Operating": 283000.0,
        "Operating Income": -9870000.0,
        "Operating Expense": 9425000.0,
        "Other Operating Expenses": -1071000.0,
        "Research And Development": 5260000.0,
        "Selling General And Administration": 4165000.0,
        "General And Administrative Expense": 3670000.0,
        "Other Gand A": 7565000.0,
        "Salaries And Wages": -3895000.0,
        "Gross Profit": -445000.0,
        "Cost Of Revenue": 2382000.0,
        "Total Revenue": 1937000.0,
        "Operating Revenue": 1937000.0
    },
    "2022-12-31": {
        "Tax Effect Of Unusual Items": -37897.845036,
        "Tax Rate For Calcs": 0.006672,
        "Normalized EBITDA": -25399000.0,
        "Total Unusual Items": -5680000.0,
        "Total Unusual Items Excluding Goodwill": -5680000.0,
        "Net Income From Continuing Operation Net Minority Interest": -34986000.0,
        "Reconciled Depreciation": 298000.0,
        "Reconciled Cost Of Revenue": 3475000.0,
        "EBITDA": -31079000.0,
        "EBIT": -31079000.0,
        "Net Interest Income": 329000.0,
        "Interest Income": 329000.0,
        "Normalized Income": -29343897.845036,
        "Net Income From Continuing And Discontinued Operation": -34986000.0,
        "Total Expenses": 35799000.0,
        "Total Operating Income As Reported": -38001000.0,
        "Diluted Average Shares": 5538073.0,
        "Basic Average Shares": 5538073.0,
        "Diluted EPS": -6.3,
        "Basic EPS": -6.3,
        "Diluted NI Availto Com Stockholders": -34986000.0,
        "Net Income Common Stockholders": -34986000.0,
        "Net Income": -34986000.0,
        "Net Income Including Noncontrolling Interests": -34986000.0,
        "Net Income Continuous Operations": -34986000.0,
        "Tax Provision": -235000.0,
        "Pretax Income": -35221000.0,
        "Other Income Expense": -4471000.0,
        "Other Non Operating Income Expenses": 1209000.0,
        "Special Income Charges": -6922000.0,
        "Impairment Of Capital Assets": 6922000.0,
        "Gain On Sale Of Security": 1242000.0,
        "Net Non Operating Interest Income Expense": 329000.0,
        "Interest Income Non Operating": 329000.0,
        "Operating Income": -31079000.0,
        "Operating Expense": 32324000.0,
        "Other Operating Expenses": -2576000.0,
        "Research And Development": 11833000.0,
        "Selling General And Administration": 20491000.0,
        "General And Administrative Expense": NaN,
        "Other Gand A": NaN,
        "Salaries And Wages": NaN,
        "Gross Profit": 1245000.0,
        "Cost Of Revenue": 3475000.0,
        "Total Revenue": 4720000.0,
        "Operating Revenue": 4720000.0
    },
    "2022-09-30": {
        "Tax Effect Of Unusual Items": 608.932735,
        "Tax Rate For Calcs": 0.00165,
        "Normalized EBITDA": -30128000.0,
        "Total Unusual Items": 369000.0,
        "Total Unusual Items Excluding Goodwill": 369000.0,
        "Net Income From Continuing Operation Net Minority Interest": -27829000.0,
        "Reconciled Depreciation": 836000.0,
        "Reconciled Cost Of Revenue": 3423000.0,
        "EBITDA": -29759000.0,
        "EBIT": -29759000.0,
        "Net Interest Income": 259000.0,
        "Interest Income": 259000.0,
        "Normalized Income": -28197391.067265,
        "Net Income From Continuing And Discontinued Operation": -27829000.0,
        "Total Expenses": 32859000.0,
        "Total Operating Income As Reported": -29759000.0,
        "Diluted Average Shares": 5502289.0,
        "Basic Average Shares": 5502289.0,
        "Diluted EPS": -4.9,
        "Basic EPS": -4.9,
        "Diluted NI Availto Com Stockholders": -27829000.0,
        "Net Income Common Stockholders": -27829000.0,
        "Net Income": -27829000.0,
        "Net Income Including Noncontrolling Interests": -27829000.0,
        "Net Income Continuous Operations": -27829000.0,
        "Tax Provision": -46000.0,
        "Pretax Income": -27875000.0,
        "Other Income Expense": 1625000.0,
        "Other Non Operating Income Expenses": 1256000.0,
        "Special Income Charges": NaN,
        "Impairment Of Capital Assets": NaN,
        "Gain On Sale Of Security": 369000.0,
        "Net Non Operating Interest Income Expense": 259000.0,
        "Interest Income Non Operating": 259000.0,
        "Operating Income": -29759000.0,
        "Operating Expense": 29436000.0,
        "Other Operating Expenses": -1733000.0,
        "Research And Development": 11168000.0,
        "Selling General And Administration": 18268000.0,
        "General And Administrative Expense": NaN,
        "Other Gand A": NaN,
        "Salaries And Wages": NaN,
        "Gross Profit": -323000.0,
        "Cost Of Revenue": 3423000.0,
        "Total Revenue": 3100000.0,
        "Operating Revenue": 3100000.0
    },
    "2022-06-30": {
        "Tax Effect Of Unusual Items": 50904.532494,
        "Tax Rate For Calcs": 0.006145,
        "Normalized EBITDA": -37014000.0,
        "Total Unusual Items": 8284000.0,
        "Total Unusual Items Excluding Goodwill": 8284000.0,
        "Net Income From Continuing Operation Net Minority Interest": -20217000.0,
        "Reconciled Depreciation": 693000.0,
        "Reconciled Cost Of Revenue": 2386000.0,
        "EBITDA": -28730000.0,
        "EBIT": -28730000.0,
        "Net Interest Income": 213000.0,
        "Interest Income": 213000.0,
        "Normalized Income": -28450095.467506,
        "Net Income From Continuing And Discontinued Operation": -20217000.0,
        "Total Expenses": 31122000.0,
        "Total Operating Income As Reported": -28730000.0,
        "Diluted Average Shares": 5433784.0,
        "Basic Average Shares": 5433784.0,
        "Diluted EPS": -3.85,
        "Basic EPS": -3.85,
        "Diluted NI Availto Com Stockholders": -20217000.0,
        "Net Income Common Stockholders": -20217000.0,
        "Net Income": -20217000.0,
        "Net Income Including Noncontrolling Interests": -20217000.0,
        "Net Income Continuous Operations": -20217000.0,
        "Tax Provision": -125000.0,
        "Pretax Income": -20342000.0,
        "Other Income Expense": 8175000.0,
        "Other Non Operating Income Expenses": -109000.0,
        "Special Income Charges": NaN,
        "Impairment Of Capital Assets": NaN,
        "Gain On Sale Of Security": 8284000.0,
        "Net Non Operating Interest Income Expense": 213000.0,
        "Total Other Finance Cost": -213000.0,
        "Interest Income Non Operating": 213000.0,
        "Operating Income": -28730000.0,
        "Operating Expense": 28736000.0,
        "Other Operating Expenses": -1428000.0,
        "Research And Development": 6147000.0,
        "Selling General And Administration": 22589000.0,
        "General And Administrative Expense": NaN,
        "Other Gand A": NaN,
        "Salaries And Wages": NaN,
        "Gross Profit": 6000.0,
        "Cost Of Revenue": 2386000.0,
        "Total Revenue": 2392000.0,
        "Operating Revenue": 2392000.0
    },
    "2022-03-31": {
        "Diluted EPS": -0.32,
        "Total Revenue": 4,
        "Gross Profit": -34,
        "Operating Income": -64,
        "EBIT": -63,
        "Net Income": -59
    },
    "2021-12-31": {
        "Diluted EPS": -3.31,
        "Total Revenue": 5,
        "Gross Profit": -1,
        "Operating Income": -21,
        "EBIT": -21,
        "Net Income": -49
    },
    "2021-09-30": {
        "Diluted EPS": -2.45,
        "Total Revenue": 2,
        "Gross Profit": 1,
        "Operating Income": -12,
        "EBIT": -12,
        "Net Income": -28
    },
    "2021-06-30": {
        "Diluted EPS": -5.3,
        "Total Revenue": 1,
        "Gross Profit": NaN,
        "Operating Income": -7,
        "EBIT": -7,
        "Net Income": -56
    },
    "2021-03-31": {
        "Diluted EPS": -0.42,
        "Total Revenue": 1,
        "Gross Profit": NaN,
        "Operating Income": -4,
        "EBIT": -4,
        "Net Income": -4
    },
    "2020-12-31": {
        "Diluted EPS": 0.0,
        "Total Revenue": NaN,
        "Gross Profit": NaN,
        "Operating Income": NaN,
        "EBIT": NaN,
        "Net Income": NaN
    },
    "2023-06-30": {
        "Tax Effect Of Unusual Items": -10920.0,
        "Tax Rate For Calcs": 0.21,
        "Normalized EBITDA": -22674000.0,
        "Total Unusual Items": -52000.0,
        "Total Unusual Items Excluding Goodwill": -52000.0,
        "Net Income From Continuing Operation Net Minority Interest": -21683000.0,
        "Reconciled Depreciation": 592000.0,
        "Reconciled Cost Of Revenue": 1522000.0,
        "EBITDA": -22726000.0,
        "EBIT": -22726000.0,
        "Net Interest Income": 270000.0,
        "Interest Income": 270000.0,
        "Normalized Income": -21641920.0,
        "Net Income From Continuing And Discontinued Operation": -21683000.0,
        "Total Expenses": 24120000.0,
        "Total Operating Income As Reported": -22726000.0,
        "Diluted Average Shares": 5731909.0,
        "Basic Average Shares": 5731909.0,
        "Diluted EPS": -3.85,
        "Basic EPS": -3.85,
        "Diluted NI Availto Com Stockholders": -21683000.0,
        "Net Income Common Stockholders": -21683000.0,
        "Net Income": -21683000.0,
        "Net Income Including Noncontrolling Interests": -21683000.0,
        "Net Income Continuous Operations": -21683000.0,
        "Tax Provision": 2000.0,
        "Pretax Income": -21681000.0,
        "Other Income Expense": 775000.0,
        "Other Non Operating Income Expenses": 827000.0,
        "Special Income Charges": 0.0,
        "Impairment Of Capital Assets": 0.0,
        "Gain On Sale Of Security": -52000.0,
        "Net Non Operating Interest Income Expense": 270000.0,
        "Interest Income Non Operating": 270000.0,
        "Operating Income": -22726000.0,
        "Operating Expense": 22598000.0,
        "Other Operating Expenses": NaN,
        "Research And Development": 4946000.0,
        "Selling General And Administration": 17652000.0,
        "General And Administrative Expense": 17157000.0,
        "Other Gand A": 8964000.0,
        "Salaries And Wages": 8193000.0,
        "Gross Profit": -128000.0,
        "Cost Of Revenue": 1522000.0,
        "Total Revenue": 1394000.0,
        "Operating Revenue": 1394000.0
    }
}