{
    "2023-03-31": {
        "Tax Effect Of Unusual Items": NaN,
        "Tax Rate For Calcs": NaN,
        "Normalized EBITDA": NaN,
        "Total Unusual Items": 0.0,
        "Total Unusual Items Excluding Goodwill": 0.0,
        "Net Income From Continuing Operation Net Minority Interest": NaN,
        "Reconciled Cost Of Revenue": NaN,
        "EBITDA": NaN,
        "EBIT": NaN,
        "Net Interest Income": NaN,
        "Interest Expense": NaN,
        "Interest Income": 10000000.0,
        "Normalized Income": NaN,
        "Net Income From Continuing And Discontinued Operation": NaN,
        "Total Expenses": NaN,
        "Total Operating Income As Reported": NaN,
        "Diluted Average Shares": 4631.0,
        "Basic Average Shares": 4631.0,
        "Diluted EPS": 0.084,
        "Basic EPS": 0.084,
        "Diluted NI Availto Com Stockholders": NaN,
        "Net Income Common Stockholders": NaN,
        "Otherunder Preferred Stock Dividend": NaN,
        "Net Income": NaN,
        "Minority Interests": NaN,
        "Net Income Including Noncontrolling Interests": NaN,
        "Net Income Continuous Operations": NaN,
        "Tax Provision": NaN,
        "Pretax Income": NaN,
        "Special Income Charges": 0.0,
        "Other Special Charges": NaN,
        "Net Non Operating Interest Income Expense": NaN,
        "Interest Expense Non Operating": NaN,
        "Interest Income Non Operating": 10000000.0,
        "Operating Income": NaN,
        "Operating Expense": NaN,
        "Other Operating Expenses": NaN,
        "Research And Development": NaN,
        "Selling General And Administration": NaN,
        "General And Administrative Expense": NaN,
        "Gross Profit": NaN,
        "Cost Of Revenue": NaN,
        "Total Revenue": NaN,
        "Operating Revenue": NaN
    },
    "2022-12-31": {
        "Tax Effect Of Unusual Items": NaN,
        "Tax Rate For Calcs": NaN,
        "Normalized EBITDA": NaN,
        "Total Unusual Items": NaN,
        "Total Unusual Items Excluding Goodwill": NaN,
        "Net Income From Continuing Operation Net Minority Interest": NaN,
        "Reconciled Cost Of Revenue": NaN,
        "EBITDA": NaN,
        "EBIT": NaN,
        "Net Interest Income": NaN,
        "Interest Expense": NaN,
        "Interest Income": 49000000.0,
        "Normalized Income": NaN,
        "Net Income From Continuing And Discontinued Operation": NaN,
        "Total Expenses": NaN,
        "Total Operating Income As Reported": NaN,
        "Diluted Average Shares": NaN,
        "Basic Average Shares": NaN,
        "Diluted EPS": NaN,
        "Basic EPS": NaN,
        "Diluted NI Availto Com Stockholders": NaN,
        "Net Income Common Stockholders": NaN,
        "Otherunder Preferred Stock Dividend": NaN,
        "Net Income": NaN,
        "Minority Interests": NaN,
        "Net Income Including Noncontrolling Interests": NaN,
        "Net Income Continuous Operations": NaN,
        "Tax Provision": NaN,
        "Pretax Income": NaN,
        "Special Income Charges": NaN,
        "Other Special Charges": NaN,
        "Net Non Operating Interest Income Expense": NaN,
        "Interest Expense Non Operating": NaN,
        "Interest Income Non Operating": 49000000.0,
        "Operating Income": NaN,
        "Operating Expense": NaN,
        "Other Operating Expenses": NaN,
        "Research And Development": NaN,
        "Selling General And Administration": NaN,
        "General And Administrative Expense": NaN,
        "Gross Profit": NaN,
        "Cost Of Revenue": NaN,
        "Total Revenue": NaN,
        "Operating Revenue": NaN
    },
    "2022-09-30": {
        "Tax Effect Of Unusual Items": NaN,
        "Tax Rate For Calcs": NaN,
        "Normalized EBITDA": NaN,
        "Total Unusual Items": NaN,
        "Total Unusual Items Excluding Goodwill": NaN,
        "Net Income From Continuing Operation Net Minority Interest": NaN,
        "Reconciled Cost Of Revenue": NaN,
        "EBITDA": NaN,
        "EBIT": NaN,
        "Net Interest Income": NaN,
        "Interest Expense": NaN,
        "Interest Income": 7000000.0,
        "Normalized Income": NaN,
        "Net Income From Continuing And Discontinued Operation": NaN,
        "Total Expenses": NaN,
        "Total Operating Income As Reported": NaN,
        "Diluted Average Shares": 4617286916.0,
        "Basic Average Shares": 4617286916.0,
        "Diluted EPS": 0.074719,
        "Basic EPS": 0.074719,
        "Diluted NI Availto Com Stockholders": NaN,
        "Net Income Common Stockholders": NaN,
        "Otherunder Preferred Stock Dividend": NaN,
        "Net Income": NaN,
        "Minority Interests": NaN,
        "Net Income Including Noncontrolling Interests": NaN,
        "Net Income Continuous Operations": NaN,
        "Tax Provision": NaN,
        "Pretax Income": NaN,
        "Special Income Charges": NaN,
        "Other Special Charges": NaN,
        "Net Non Operating Interest Income Expense": NaN,
        "Interest Expense Non Operating": NaN,
        "Interest Income Non Operating": 7000000.0,
        "Operating Income": NaN,
        "Operating Expense": NaN,
        "Other Operating Expenses": NaN,
        "Research And Development": NaN,
        "Selling General And Administration": NaN,
        "General And Administrative Expense": NaN,
        "Gross Profit": NaN,
        "Cost Of Revenue": NaN,
        "Total Revenue": NaN,
        "Operating Revenue": NaN
    },
    "2022-06-30": {
        "Tax Effect Of Unusual Items": 0.0,
        "Tax Rate For Calcs": 0.4,
        "Normalized EBITDA": 470000000.0,
        "Net Income From Continuing Operation Net Minority Interest": 201000000.0,
        "Reconciled Cost Of Revenue": 963000000.0,
        "EBITDA": 470000000.0,
        "EBIT": 470000000.0,
        "Net Interest Income": -35000000.0,
        "Interest Expense": 71000000.0,
        "Interest Income": 36000000.0,
        "Normalized Income": 201000000.0,
        "Net Income From Continuing And Discontinued Operation": 201000000.0,
        "Total Expenses": 2127000000.0,
        "Total Operating Income As Reported": 434000000.0,
        "Diluted Average Shares": 4617286915.0,
        "Basic Average Shares": 4617286915.0,
        "Diluted EPS": 0.037684,
        "Basic EPS": 0.037684,
        "Diluted NI Availto Com Stockholders": 201000000.0,
        "Net Income Common Stockholders": 201000000.0,
        "Otherunder Preferred Stock Dividend": 0.0,
        "Net Income": 201000000.0,
        "Minority Interests": NaN,
        "Net Income Including Noncontrolling Interests": 187000000.0,
        "Net Income Continuous Operations": 187000000.0,
        "Tax Provision": 212000000.0,
        "Pretax Income": 399000000.0,
        "Net Non Operating Interest Income Expense": -35000000.0,
        "Interest Expense Non Operating": 71000000.0,
        "Interest Income Non Operating": 36000000.0,
        "Operating Income": 434000000.0,
        "Operating Expense": 1164000000.0,
        "Other Operating Expenses": -1000000.0,
        "Research And Development": 72000000.0,
        "Selling General And Administration": 1093000000.0,
        "General And Administrative Expense": 1093000000.0,
        "Gross Profit": 1598000000.0,
        "Cost Of Revenue": 963000000.0,
        "Total Revenue": 2561000000.0,
        "Operating Revenue": 2561000000.0
    },
    "2023-06-30": {
        "Tax Effect Of Unusual Items": NaN,
        "Tax Rate For Calcs": NaN,
        "Normalized EBITDA": NaN,
        "Total Unusual Items": NaN,
        "Total Unusual Items Excluding Goodwill": NaN,
        "Net Income From Continuing Operation Net Minority Interest": NaN,
        "Reconciled Cost Of Revenue": NaN,
        "EBITDA": NaN,
        "EBIT": NaN,
        "Net Interest Income": NaN,
        "Interest Expense": NaN,
        "Interest Income": 28000000.0,
        "Normalized Income": NaN,
        "Net Income From Continuing And Discontinued Operation": NaN,
        "Total Expenses": NaN,
        "Total Operating Income As Reported": NaN,
        "Diluted Average Shares": NaN,
        "Basic Average Shares": NaN,
        "Diluted EPS": NaN,
        "Basic EPS": NaN,
        "Diluted NI Availto Com Stockholders": NaN,
        "Net Income Common Stockholders": NaN,
        "Otherunder Preferred Stock Dividend": NaN,
        "Net Income": NaN,
        "Minority Interests": NaN,
        "Net Income Including Noncontrolling Interests": NaN,
        "Net Income Continuous Operations": NaN,
        "Tax Provision": NaN,
        "Pretax Income": NaN,
        "Special Income Charges": NaN,
        "Other Special Charges": NaN,
        "Net Non Operating Interest Income Expense": NaN,
        "Interest Expense Non Operating": NaN,
        "Interest Income Non Operating": 28000000.0,
        "Operating Income": NaN,
        "Operating Expense": NaN,
        "Other Operating Expenses": NaN,
        "Research And Development": NaN,
        "Selling General And Administration": NaN,
        "General And Administrative Expense": NaN,
        "Gross Profit": NaN,
        "Cost Of Revenue": NaN,
        "Total Revenue": NaN,
        "Operating Revenue": NaN
    },
    "2023-09-30": {
        "Tax Effect Of Unusual Items": 0.0,
        "Tax Rate For Calcs": 0.245968,
        "Normalized EBITDA": 584000000.0,
        "Total Unusual Items": NaN,
        "Total Unusual Items Excluding Goodwill": NaN,
        "Net Income From Continuing Operation Net Minority Interest": 365000000.0,
        "Reconciled Cost Of Revenue": 1082000000.0,
        "EBITDA": 584000000.0,
        "EBIT": 584000000.0,
        "Net Interest Income": -88000000.0,
        "Interest Expense": 88000000.0,
        "Interest Income": NaN,
        "Normalized Income": 365000000.0,
        "Net Income From Continuing And Discontinued Operation": 365000000.0,
        "Total Expenses": 2214000000.0,
        "Total Operating Income As Reported": 584000000.0,
        "Diluted Average Shares": 4617286916.0,
        "Basic Average Shares": 4617286916.0,
        "Diluted EPS": 0.079051,
        "Basic EPS": 0.079051,
        "Diluted NI Availto Com Stockholders": 365000000.0,
        "Net Income Common Stockholders": 365000000.0,
        "Otherunder Preferred Stock Dividend": 0.0,
        "Net Income": 365000000.0,
        "Minority Interests": -9000000.0,
        "Net Income Including Noncontrolling Interests": 374000000.0,
        "Net Income Continuous Operations": 374000000.0,
        "Tax Provision": 122000000.0,
        "Pretax Income": 496000000.0,
        "Special Income Charges": NaN,
        "Other Special Charges": NaN,
        "Net Non Operating Interest Income Expense": -88000000.0,
        "Interest Expense Non Operating": 88000000.0,
        "Interest Income Non Operating": NaN,
        "Operating Income": 584000000.0,
        "Operating Expense": 1132000000.0,
        "Other Operating Expenses": -1000000.0,
        "Research And Development": 75000000.0,
        "Selling General And Administration": 1058000000.0,
        "General And Administrative Expense": 1058000000.0,
        "Gross Profit": 1716000000.0,
        "Cost Of Revenue": 1082000000.0,
        "Total Revenue": 2798000000.0,
        "Operating Revenue": 2798000000.0
    },
    "2023-12-31": {
        "Tax Effect Of Unusual Items": 0.0,
        "Tax Rate For Calcs": 0.19,
        "Normalized EBITDA": 317000000.0,
        "Total Unusual Items": NaN,
        "Total Unusual Items Excluding Goodwill": NaN,
        "Net Income From Continuing Operation Net Minority Interest": -3000000.0,
        "Reconciled Cost Of Revenue": 1285000000.0,
        "EBITDA": 317000000.0,
        "EBIT": 317000000.0,
        "Net Interest Income": -131000000.0,
        "Interest Expense": 145000000.0,
        "Interest Income": NaN,
        "Normalized Income": -3000000.0,
        "Net Income From Continuing And Discontinued Operation": -3000000.0,
        "Total Expenses": 2495000000.0,
        "Total Operating Income As Reported": 271000000.0,
        "Diluted Average Shares": NaN,
        "Basic Average Shares": NaN,
        "Diluted EPS": NaN,
        "Basic EPS": NaN,
        "Diluted NI Availto Com Stockholders": -3000000.0,
        "Net Income Common Stockholders": -3000000.0,
        "Otherunder Preferred Stock Dividend": 0.0,
        "Net Income": -3000000.0,
        "Minority Interests": -10000000.0,
        "Net Income Including Noncontrolling Interests": 7000000.0,
        "Net Income Continuous Operations": 7000000.0,
        "Tax Provision": 165000000.0,
        "Pretax Income": 172000000.0,
        "Special Income Charges": NaN,
        "Other Special Charges": NaN,
        "Net Non Operating Interest Income Expense": -131000000.0,
        "Interest Expense Non Operating": 145000000.0,
        "Interest Income Non Operating": NaN,
        "Operating Income": 271000000.0,
        "Operating Expense": 1210000000.0,
        "Other Operating Expenses": 23000000.0,
        "Research And Development": 94000000.0,
        "Selling General And Administration": 1093000000.0,
        "General And Administrative Expense": 1093000000.0,
        "Gross Profit": 1481000000.0,
        "Cost Of Revenue": 1285000000.0,
        "Total Revenue": 2766000000.0,
        "Operating Revenue": 2766000000.0
    },
    "2024-03-31": {
        "Tax Effect Of Unusual Items": 2525423.728814,
        "Tax Rate For Calcs": 0.252542,
        "Normalized EBITDA": 677000000.0,
        "Total Unusual Items": 10000000.0,
        "Total Unusual Items Excluding Goodwill": 10000000.0,
        "Net Income From Continuing Operation Net Minority Interest": 423000000.0,
        "Reconciled Cost Of Revenue": 1081000000.0,
        "EBITDA": 687000000.0,
        "EBIT": 687000000.0,
        "Net Interest Income": -75000000.0,
        "Interest Expense": 97000000.0,
        "Interest Income": 22000000.0,
        "Normalized Income": 415525423.728814,
        "Net Income From Continuing And Discontinued Operation": 423000000.0,
        "Total Expenses": 2264000000.0,
        "Total Operating Income As Reported": 655000000.0,
        "Diluted Average Shares": 4597826087.0,
        "Basic Average Shares": 4597826087.0,
        "Diluted EPS": 0.092,
        "Basic EPS": 0.092,
        "Diluted NI Availto Com Stockholders": 423000000.0,
        "Net Income Common Stockholders": 423000000.0,
        "Otherunder Preferred Stock Dividend": 0.0,
        "Net Income": 423000000.0,
        "Minority Interests": -18000000.0,
        "Net Income Including Noncontrolling Interests": 441000000.0,
        "Net Income Continuous Operations": 441000000.0,
        "Tax Provision": 149000000.0,
        "Pretax Income": 590000000.0,
        "Special Income Charges": 10000000.0,
        "Other Special Charges": -10000000.0,
        "Net Non Operating Interest Income Expense": -75000000.0,
        "Interest Expense Non Operating": 97000000.0,
        "Interest Income Non Operating": 22000000.0,
        "Operating Income": 655000000.0,
        "Operating Expense": 1183000000.0,
        "Other Operating Expenses": 7000000.0,
        "Research And Development": 71000000.0,
        "Selling General And Administration": 1105000000.0,
        "General And Administrative Expense": 1105000000.0,
        "Gross Profit": 1838000000.0,
        "Cost Of Revenue": 1081000000.0,
        "Total Revenue": 2919000000.0,
        "Operating Revenue": 2919000000.0
    },
    "2024-06-30": {
        "Tax Effect Of Unusual Items": -687192.118227,
        "Tax Rate For Calcs": 0.229064,
        "Normalized EBITDA": 505000000.0,
        "Total Unusual Items": -3000000.0,
        "Total Unusual Items Excluding Goodwill": -3000000.0,
        "Net Income From Continuing Operation Net Minority Interest": 303000000.0,
        "Reconciled Cost Of Revenue": 1065000000.0,
        "EBITDA": 502000000.0,
        "EBIT": 502000000.0,
        "Net Interest Income": -87000000.0,
        "Interest Expense": 96000000.0,
        "Interest Income": 9000000.0,
        "Normalized Income": 305312807.881773,
        "Net Income From Continuing And Discontinued Operation": 303000000.0,
        "Total Expenses": 2279000000.0,
        "Total Operating Income As Reported": 496000000.0,
        "Diluted Average Shares": NaN,
        "Basic Average Shares": NaN,
        "Diluted EPS": NaN,
        "Basic EPS": NaN,
        "Diluted NI Availto Com Stockholders": 303000000.0,
        "Net Income Common Stockholders": 303000000.0,
        "Otherunder Preferred Stock Dividend": 0.0,
        "Net Income": 303000000.0,
        "Minority Interests": -10000000.0,
        "Net Income Including Noncontrolling Interests": 313000000.0,
        "Net Income Continuous Operations": 313000000.0,
        "Tax Provision": 93000000.0,
        "Pretax Income": 406000000.0,
        "Special Income Charges": -3000000.0,
        "Other Special Charges": 3000000.0,
        "Net Non Operating Interest Income Expense": -87000000.0,
        "Interest Expense Non Operating": 96000000.0,
        "Interest Income Non Operating": 9000000.0,
        "Operating Income": 496000000.0,
        "Operating Expense": 1214000000.0,
        "Other Operating Expenses": -9000000.0,
        "Research And Development": 73000000.0,
        "Selling General And Administration": 1150000000.0,
        "General And Administrative Expense": 1150000000.0,
        "Gross Profit": 1710000000.0,
        "Cost Of Revenue": 1065000000.0,
        "Total Revenue": 2775000000.0,
        "Operating Revenue": 2775000000.0
    },
    "2024-09-30": {
        "Tax Effect Of Unusual Items": -202875.399361,
        "Tax Rate For Calcs": 0.202875,
        "Normalized EBITDA": 717000000.0,
        "Total Unusual Items": -1000000.0,
        "Total Unusual Items Excluding Goodwill": -1000000.0,
        "Net Income From Continuing Operation Net Minority Interest": 485000000.0,
        "Reconciled Cost Of Revenue": 1032000000.0,
        "EBITDA": 716000000.0,
        "EBIT": 716000000.0,
        "Net Interest Income": -78000000.0,
        "Interest Expense": 90000000.0,
        "Interest Income": 12000000.0,
        "Normalized Income": 485797124.600639,
        "Net Income From Continuing And Discontinued Operation": 485000000.0,
        "Total Expenses": 2075000000.0,
        "Total Operating Income As Reported": 705000000.0,
        "Diluted Average Shares": 4561743599.0,
        "Basic Average Shares": 4561743599.0,
        "Diluted EPS": 0.106319,
        "Basic EPS": 0.106319,
        "Diluted NI Availto Com Stockholders": 485000000.0,
        "Net Income Common Stockholders": 485000000.0,
        "Otherunder Preferred Stock Dividend": 0.0,
        "Net Income": 485000000.0,
        "Minority Interests": -14000000.0,
        "Net Income Including Noncontrolling Interests": 499000000.0,
        "Net Income Continuous Operations": 499000000.0,
        "Tax Provision": 127000000.0,
        "Pretax Income": 626000000.0,
        "Special Income Charges": -1000000.0,
        "Other Special Charges": 1000000.0,
        "Net Non Operating Interest Income Expense": -78000000.0,
        "Interest Expense Non Operating": 90000000.0,
        "Interest Income Non Operating": 12000000.0,
        "Operating Income": 705000000.0,
        "Operating Expense": 1043000000.0,
        "Other Operating Expenses": -124000000.0,
        "Research And Development": 76000000.0,
        "Selling General And Administration": 1091000000.0,
        "General And Administrative Expense": 1091000000.0,
        "Gross Profit": 1748000000.0,
        "Cost Of Revenue": 1032000000.0,
        "Total Revenue": 2780000000.0,
        "Operating Revenue": 2780000000.0
    }
}