{
    "2023-06-30": {
        "Tax Effect Of Unusual Items": NaN,
        "Tax Rate For Calcs": NaN,
        "Normalized EBITDA": NaN,
        "Total Unusual Items": NaN,
        "Total Unusual Items Excluding Goodwill": NaN,
        "Net Income From Continuing Operation Net Minority Interest": NaN,
        "Reconciled Depreciation": NaN,
        "Reconciled Cost Of Revenue": NaN,
        "EBITDA": NaN,
        "EBIT": NaN,
        "Net Interest Income": NaN,
        "Interest Expense": NaN,
        "Normalized Income": NaN,
        "Net Income From Continuing And Discontinued Operation": NaN,
        "Total Expenses": NaN,
        "Total Operating Income As Reported": NaN,
        "Diluted Average Shares": NaN,
        "Basic Average Shares": NaN,
        "Diluted EPS": NaN,
        "Basic EPS": NaN,
        "Diluted NI Availto Com Stockholders": NaN,
        "Net Income Common Stockholders": NaN,
        "Net Income": NaN,
        "Minority Interests": NaN,
        "Net Income Including Noncontrolling Interests": NaN,
        "Net Income Continuous Operations": NaN,
        "Tax Provision": NaN,
        "Pretax Income": NaN,
        "Other Income Expense": NaN,
        "Other Non Operating Income Expenses": NaN,
        "Special Income Charges": 0.0,
        "Gain On Sale Of Ppe": 0.0,
        "Earnings From Equity Interest": NaN,
        "Gain On Sale Of Security": NaN,
        "Net Non Operating Interest Income Expense": NaN,
        "Interest Expense Non Operating": NaN,
        "Operating Income": NaN,
        "Operating Expense": NaN,
        "Other Operating Expenses": NaN,
        "Depreciation Amortization Depletion Income Statement": NaN,
        "Depreciation And Amortization In Income Statement": NaN,
        "Selling General And Administration": NaN,
        "General And Administrative Expense": NaN,
        "Other Gand A": NaN,
        "Gross Profit": NaN,
        "Cost Of Revenue": NaN,
        "Total Revenue": NaN,
        "Operating Revenue": NaN
    },
    "2023-03-31": {
        "Tax Effect Of Unusual Items": NaN,
        "Tax Rate For Calcs": NaN,
        "Normalized EBITDA": NaN,
        "Total Unusual Items": NaN,
        "Total Unusual Items Excluding Goodwill": NaN,
        "Net Income From Continuing Operation Net Minority Interest": NaN,
        "Reconciled Depreciation": NaN,
        "Reconciled Cost Of Revenue": NaN,
        "EBITDA": NaN,
        "EBIT": NaN,
        "Net Interest Income": NaN,
        "Interest Expense": NaN,
        "Normalized Income": NaN,
        "Net Income From Continuing And Discontinued Operation": NaN,
        "Total Expenses": NaN,
        "Total Operating Income As Reported": NaN,
        "Diluted Average Shares": NaN,
        "Basic Average Shares": NaN,
        "Diluted EPS": NaN,
        "Basic EPS": NaN,
        "Diluted NI Availto Com Stockholders": NaN,
        "Net Income Common Stockholders": NaN,
        "Net Income": NaN,
        "Minority Interests": NaN,
        "Net Income Including Noncontrolling Interests": NaN,
        "Net Income Continuous Operations": NaN,
        "Tax Provision": NaN,
        "Pretax Income": NaN,
        "Other Income Expense": NaN,
        "Other Non Operating Income Expenses": NaN,
        "Special Income Charges": 0.0,
        "Gain On Sale Of Ppe": 0.0,
        "Earnings From Equity Interest": NaN,
        "Gain On Sale Of Security": NaN,
        "Net Non Operating Interest Income Expense": NaN,
        "Interest Expense Non Operating": NaN,
        "Operating Income": NaN,
        "Operating Expense": NaN,
        "Other Operating Expenses": NaN,
        "Depreciation Amortization Depletion Income Statement": NaN,
        "Depreciation And Amortization In Income Statement": NaN,
        "Selling General And Administration": NaN,
        "General And Administrative Expense": NaN,
        "Other Gand A": NaN,
        "Gross Profit": NaN,
        "Cost Of Revenue": NaN,
        "Total Revenue": NaN,
        "Operating Revenue": NaN
    },
    "2022-12-31": {
        "Tax Effect Of Unusual Items": NaN,
        "Tax Rate For Calcs": NaN,
        "Normalized EBITDA": NaN,
        "Total Unusual Items": NaN,
        "Total Unusual Items Excluding Goodwill": NaN,
        "Net Income From Continuing Operation Net Minority Interest": NaN,
        "Reconciled Depreciation": NaN,
        "Reconciled Cost Of Revenue": NaN,
        "EBITDA": NaN,
        "EBIT": NaN,
        "Net Interest Income": NaN,
        "Interest Expense": NaN,
        "Normalized Income": NaN,
        "Net Income From Continuing And Discontinued Operation": NaN,
        "Total Expenses": NaN,
        "Total Operating Income As Reported": NaN,
        "Diluted Average Shares": NaN,
        "Basic Average Shares": NaN,
        "Diluted EPS": NaN,
        "Basic EPS": NaN,
        "Diluted NI Availto Com Stockholders": NaN,
        "Net Income Common Stockholders": NaN,
        "Net Income": NaN,
        "Minority Interests": NaN,
        "Net Income Including Noncontrolling Interests": NaN,
        "Net Income Continuous Operations": NaN,
        "Tax Provision": NaN,
        "Pretax Income": NaN,
        "Other Income Expense": NaN,
        "Other Non Operating Income Expenses": NaN,
        "Special Income Charges": 0.0,
        "Gain On Sale Of Ppe": 0.0,
        "Earnings From Equity Interest": NaN,
        "Gain On Sale Of Security": NaN,
        "Net Non Operating Interest Income Expense": NaN,
        "Interest Expense Non Operating": NaN,
        "Operating Income": NaN,
        "Operating Expense": NaN,
        "Other Operating Expenses": NaN,
        "Depreciation Amortization Depletion Income Statement": NaN,
        "Depreciation And Amortization In Income Statement": NaN,
        "Selling General And Administration": NaN,
        "General And Administrative Expense": NaN,
        "Other Gand A": NaN,
        "Gross Profit": NaN,
        "Cost Of Revenue": NaN,
        "Total Revenue": NaN,
        "Operating Revenue": NaN
    },
    "2022-09-30": {
        "Tax Effect Of Unusual Items": NaN,
        "Tax Rate For Calcs": NaN,
        "Normalized EBITDA": NaN,
        "Total Unusual Items": NaN,
        "Total Unusual Items Excluding Goodwill": NaN,
        "Net Income From Continuing Operation Net Minority Interest": NaN,
        "Reconciled Depreciation": NaN,
        "Reconciled Cost Of Revenue": NaN,
        "EBITDA": NaN,
        "EBIT": NaN,
        "Net Interest Income": NaN,
        "Interest Expense": NaN,
        "Normalized Income": NaN,
        "Net Income From Continuing And Discontinued Operation": NaN,
        "Total Expenses": NaN,
        "Total Operating Income As Reported": NaN,
        "Diluted Average Shares": NaN,
        "Basic Average Shares": NaN,
        "Diluted EPS": NaN,
        "Basic EPS": NaN,
        "Diluted NI Availto Com Stockholders": NaN,
        "Net Income Common Stockholders": NaN,
        "Net Income": NaN,
        "Minority Interests": NaN,
        "Net Income Including Noncontrolling Interests": NaN,
        "Net Income Continuous Operations": NaN,
        "Tax Provision": NaN,
        "Pretax Income": NaN,
        "Other Income Expense": NaN,
        "Other Non Operating Income Expenses": NaN,
        "Special Income Charges": 0.0,
        "Gain On Sale Of Ppe": 0.0,
        "Earnings From Equity Interest": NaN,
        "Gain On Sale Of Security": NaN,
        "Net Non Operating Interest Income Expense": NaN,
        "Interest Expense Non Operating": NaN,
        "Operating Income": NaN,
        "Operating Expense": NaN,
        "Other Operating Expenses": NaN,
        "Depreciation Amortization Depletion Income Statement": NaN,
        "Depreciation And Amortization In Income Statement": NaN,
        "Selling General And Administration": NaN,
        "General And Administrative Expense": NaN,
        "Other Gand A": NaN,
        "Gross Profit": NaN,
        "Cost Of Revenue": NaN,
        "Total Revenue": NaN,
        "Operating Revenue": NaN
    },
    "2022-06-30": {
        "Tax Effect Of Unusual Items": 2276803.118908,
        "Tax Rate For Calcs": 0.2846,
        "Normalized EBITDA": 644000000.0,
        "Total Unusual Items": 8000000.0,
        "Total Unusual Items Excluding Goodwill": 8000000.0,
        "Net Income From Continuing Operation Net Minority Interest": 368000000.0,
        "Reconciled Depreciation": 40000000.0,
        "Reconciled Cost Of Revenue": 1488000000.0,
        "EBITDA": 652000000.0,
        "EBIT": 612000000.0,
        "Net Interest Income": -99000000.0,
        "Interest Expense": 99000000.0,
        "Normalized Income": 362276803.118908,
        "Net Income From Continuing And Discontinued Operation": 368000000.0,
        "Total Expenses": 1642000000.0,
        "Total Operating Income As Reported": 598000000.0,
        "Diluted Average Shares": 280000000.0,
        "Basic Average Shares": 278000000.0,
        "Diluted EPS": 1.32,
        "Basic EPS": 1.33,
        "Diluted NI Availto Com Stockholders": 368000000.0,
        "Net Income Common Stockholders": 368000000.0,
        "Net Income": 368000000.0,
        "Minority Interests": 1000000.0,
        "Net Income Including Noncontrolling Interests": 367000000.0,
        "Net Income Continuous Operations": 367000000.0,
        "Tax Provision": 146000000.0,
        "Pretax Income": 513000000.0,
        "Other Income Expense": 14000000.0,
        "Other Non Operating Income Expenses": 6000000.0,
        "Special Income Charges": 0.0,
        "Gain On Sale Of Ppe": NaN,
        "Earnings From Equity Interest": NaN,
        "Gain On Sale Of Security": 8000000.0,
        "Net Non Operating Interest Income Expense": -99000000.0,
        "Interest Expense Non Operating": 99000000.0,
        "Operating Income": 598000000.0,
        "Operating Expense": 154000000.0,
        "Other Operating Expenses": 11000000.0,
        "Depreciation Amortization Depletion Income Statement": 40000000.0,
        "Depreciation And Amortization In Income Statement": 40000000.0,
        "Selling General And Administration": 103000000.0,
        "General And Administrative Expense": 103000000.0,
        "Other Gand A": 103000000.0,
        "Gross Profit": 752000000.0,
        "Cost Of Revenue": 1488000000.0,
        "Total Revenue": 2240000000.0,
        "Operating Revenue": 948000000.0
    },
    "2022-03-31": {
        "Diluted EPS": 0.75,
        "Total Revenue": NaN,
        "Gross Profit": NaN,
        "Operating Income": 369,
        "EBIT": 421,
        "Net Income": 212
    },
    "2021-12-31": {
        "Diluted EPS": 0.53,
        "Total Revenue": NaN,
        "Gross Profit": NaN,
        "Operating Income": 333,
        "EBIT": 403,
        "Net Income": 147
    },
    "2021-09-30": {
        "Diluted EPS": 0.86,
        "Total Revenue": NaN,
        "Gross Profit": NaN,
        "Operating Income": 432,
        "EBIT": 487,
        "Net Income": 241
    },
    "2021-06-30": {
        "Diluted EPS": 0.46,
        "Total Revenue": NaN,
        "Gross Profit": NaN,
        "Operating Income": 224,
        "EBIT": 277,
        "Net Income": 130
    },
    "2021-03-31": {
        "Diluted EPS": -0.39,
        "Total Revenue": 874,
        "Gross Profit": 764,
        "Operating Income": 21,
        "EBIT": 79,
        "Net Income": -108
    },
    "2020-12-31": {
        "Diluted EPS": -0.8,
        "Total Revenue": 890,
        "Gross Profit": 748,
        "Operating Income": -195,
        "EBIT": -109,
        "Net Income": -224
    },
    "2020-09-30": {
        "Diluted EPS": -0.29,
        "Total Revenue": 933,
        "Gross Profit": 789,
        "Operating Income": 11,
        "EBIT": 108,
        "Net Income": -79
    },
    "2020-06-30": {
        "Diluted EPS": -1.55,
        "Total Revenue": 564,
        "Gross Profit": 469,
        "Operating Income": -302,
        "EBIT": -207,
        "Net Income": -430
    },
    "2020-03-31": {
        "Diluted EPS": 0.06,
        "Total Revenue": NaN,
        "Gross Profit": NaN,
        "Operating Income": 68,
        "EBIT": 167,
        "Net Income": 18
    },
    "2019-12-31": {
        "Diluted EPS": 0.61,
        "Total Revenue": NaN,
        "Gross Profit": NaN,
        "Operating Income": 348,
        "EBIT": 462,
        "Net Income": 175
    },
    "2019-09-30": {
        "Diluted EPS": 1.0,
        "Total Revenue": NaN,
        "Gross Profit": NaN,
        "Operating Income": 519,
        "EBIT": 612,
        "Net Income": 288
    },
    "2019-06-30": {
        "Diluted EPS": 0.89,
        "Total Revenue": NaN,
        "Gross Profit": NaN,
        "Operating Income": 478,
        "EBIT": 571,
        "Net Income": 260
    },
    "2019-03-31": {
        "Diluted EPS": 0.54,
        "Total Revenue": NaN,
        "Gross Profit": NaN,
        "Operating Income": 312,
        "EBIT": 403,
        "Net Income": 158
    },
    "2018-12-31": {
        "Diluted EPS": 0.74,
        "Total Revenue": NaN,
        "Gross Profit": NaN,
        "Operating Income": 362,
        "EBIT": 468,
        "Net Income": 224
    },
    "2018-09-30": {
        "Diluted EPS": 0.54,
        "Total Revenue": NaN,
        "Gross Profit": NaN,
        "Operating Income": 385,
        "EBIT": 472,
        "Net Income": 162
    },
    "2018-06-30": {
        "Diluted EPS": 0.71,
        "Total Revenue": NaN,
        "Gross Profit": NaN,
        "Operating Income": 406,
        "EBIT": 492,
        "Net Income": 217
    },
    "2018-03-31": {
        "Diluted EPS": 0.51,
        "Total Revenue": NaN,
        "Gross Profit": NaN,
        "Operating Income": 279,
        "EBIT": 368,
        "Net Income": 161
    },
    "2017-12-31": {
        "Diluted EPS": 2.23,
        "Total Revenue": NaN,
        "Gross Profit": NaN,
        "Operating Income": 259,
        "EBIT": 363,
        "Net Income": 729
    },
    "2017-09-30": {
        "Diluted EPS": 0.49,
        "Total Revenue": NaN,
        "Gross Profit": NaN,
        "Operating Income": 332,
        "EBIT": 419,
        "Net Income": 158
    },
    "2017-06-30": {
        "Diluted EPS": 0.46,
        "Total Revenue": NaN,
        "Gross Profit": NaN,
        "Operating Income": 324,
        "EBIT": 412,
        "Net Income": 150
    },
    "2017-03-31": {
        "Diluted EPS": 0.14,
        "Total Revenue": NaN,
        "Gross Profit": NaN,
        "Operating Income": 217,
        "EBIT": 306,
        "Net Income": 47
    },
    "2016-12-31": {
        "Diluted EPS": -1.2,
        "Total Revenue": NaN,
        "Gross Profit": 735,
        "Operating Income": 160,
        "EBIT": 372,
        "Net Income": -397
    },
    "2016-09-30": {
        "Diluted EPS": 0.57,
        "Total Revenue": NaN,
        "Gross Profit": NaN,
        "Operating Income": 265,
        "EBIT": 434,
        "Net Income": 187
    },
    "2016-06-30": {
        "Diluted EPS": 0.72,
        "Total Revenue": NaN,
        "Gross Profit": NaN,
        "Operating Income": 273,
        "EBIT": 444,
        "Net Income": 239
    },
    "2016-03-31": {
        "Diluted EPS": 0.94,
        "Total Revenue": NaN,
        "Gross Profit": NaN,
        "Operating Income": 170,
        "EBIT": 339,
        "Net Income": 309
    },
    "2015-12-31": {
        "Diluted EPS": 2.49,
        "Total Revenue": NaN,
        "Gross Profit": 359,
        "Operating Income": -680,
        "EBIT": -469,
        "Net Income": 814
    },
    "2015-09-30": {
        "Diluted EPS": 0.84,
        "Total Revenue": NaN,
        "Gross Profit": NaN,
        "Operating Income": 663,
        "EBIT": 834,
        "Net Income": 279
    },
    "2015-06-30": {
        "Diluted EPS": 0.48,
        "Total Revenue": NaN,
        "Gross Profit": NaN,
        "Operating Income": 427,
        "EBIT": 600,
        "Net Income": 161
    },
    "2015-03-31": {
        "Diluted EPS": 0.45,
        "Total Revenue": NaN,
        "Gross Profit": NaN,
        "Operating Income": 490,
        "EBIT": 665,
        "Net Income": 150
    },
    "2014-12-31": {
        "Diluted EPS": 0.49,
        "Total Revenue": NaN,
        "Gross Profit": NaN,
        "Operating Income": 455,
        "EBIT": 663,
        "Net Income": 158
    },
    "2014-09-30": {
        "Diluted EPS": 0.57,
        "Total Revenue": NaN,
        "Gross Profit": NaN,
        "Operating Income": 445,
        "EBIT": 604,
        "Net Income": 183
    },
    "2014-06-30": {
        "Diluted EPS": 0.63,
        "Total Revenue": NaN,
        "Gross Profit": NaN,
        "Operating Income": 435,
        "EBIT": 593,
        "Net Income": 209
    },
    "2014-03-31": {
        "Diluted EPS": 0.36,
        "Total Revenue": NaN,
        "Gross Profit": NaN,
        "Operating Income": 338,
        "EBIT": 491,
        "Net Income": 123
    },
    "2013-12-31": {
        "Diluted EPS": 0.09,
        "Total Revenue": NaN,
        "Gross Profit": NaN,
        "Operating Income": 89,
        "EBIT": 262,
        "Net Income": 26
    },
    "2013-09-30": {
        "Diluted EPS": 0.66,
        "Total Revenue": NaN,
        "Gross Profit": NaN,
        "Operating Income": 357,
        "EBIT": 503,
        "Net Income": 200
    },
    "2013-06-30": {
        "Diluted EPS": 0.51,
        "Total Revenue": NaN,
        "Gross Profit": NaN,
        "Operating Income": 404,
        "EBIT": 553,
        "Net Income": 155
    },
    "2013-03-31": {
        "Diluted EPS": 0.09,
        "Total Revenue": NaN,
        "Gross Profit": NaN,
        "Operating Income": 252,
        "EBIT": 412,
        "Net Income": 34
    },
    "2012-12-31": {
        "Diluted EPS": 0.0,
        "Total Revenue": NaN,
        "Gross Profit": NaN,
        "Operating Income": NaN,
        "EBIT": NaN,
        "Net Income": NaN
    },
    "2012-09-30": {
        "Diluted EPS": 0.0,
        "Total Revenue": NaN,
        "Gross Profit": NaN,
        "Operating Income": NaN,
        "EBIT": NaN,
        "Net Income": NaN
    },
    "2011-12-31": {
        "Diluted EPS": 0.0,
        "Total Revenue": NaN,
        "Gross Profit": NaN,
        "Operating Income": NaN,
        "EBIT": NaN,
        "Net Income": NaN
    },
    "2010-12-31": {
        "Diluted EPS": 0.0,
        "Total Revenue": NaN,
        "Gross Profit": NaN,
        "Operating Income": NaN,
        "EBIT": NaN,
        "Net Income": NaN
    },
    "2023-09-30": {
        "Tax Effect Of Unusual Items": NaN,
        "Tax Rate For Calcs": NaN,
        "Normalized EBITDA": NaN,
        "Total Unusual Items": NaN,
        "Total Unusual Items Excluding Goodwill": NaN,
        "Net Income From Continuing Operation Net Minority Interest": NaN,
        "Reconciled Depreciation": NaN,
        "Reconciled Cost Of Revenue": NaN,
        "EBITDA": NaN,
        "EBIT": NaN,
        "Net Interest Income": NaN,
        "Interest Expense": NaN,
        "Normalized Income": NaN,
        "Net Income From Continuing And Discontinued Operation": NaN,
        "Total Expenses": NaN,
        "Total Operating Income As Reported": NaN,
        "Diluted Average Shares": 262000000.0,
        "Basic Average Shares": 260000000.0,
        "Diluted EPS": 1.44,
        "Basic EPS": 1.45,
        "Diluted NI Availto Com Stockholders": NaN,
        "Net Income Common Stockholders": NaN,
        "Net Income": NaN,
        "Minority Interests": NaN,
        "Net Income Including Noncontrolling Interests": NaN,
        "Net Income Continuous Operations": NaN,
        "Tax Provision": NaN,
        "Pretax Income": NaN,
        "Other Income Expense": NaN,
        "Other Non Operating Income Expenses": NaN,
        "Special Income Charges": 0.0,
        "Gain On Sale Of Ppe": 0.0,
        "Earnings From Equity Interest": NaN,
        "Gain On Sale Of Security": NaN,
        "Net Non Operating Interest Income Expense": NaN,
        "Interest Expense Non Operating": NaN,
        "Operating Income": NaN,
        "Operating Expense": NaN,
        "Other Operating Expenses": NaN,
        "Depreciation Amortization Depletion Income Statement": NaN,
        "Depreciation And Amortization In Income Statement": NaN,
        "Selling General And Administration": NaN,
        "General And Administrative Expense": NaN,
        "Other Gand A": NaN,
        "Gross Profit": NaN,
        "Cost Of Revenue": NaN,
        "Total Revenue": NaN,
        "Operating Revenue": NaN
    },
    "2023-12-31": {
        "Tax Effect Of Unusual Items": NaN,
        "Tax Rate For Calcs": NaN,
        "Normalized EBITDA": NaN,
        "Total Unusual Items": NaN,
        "Total Unusual Items Excluding Goodwill": NaN,
        "Net Income From Continuing Operation Net Minority Interest": NaN,
        "Reconciled Depreciation": NaN,
        "Reconciled Cost Of Revenue": NaN,
        "EBITDA": NaN,
        "EBIT": NaN,
        "Net Interest Income": NaN,
        "Interest Expense": NaN,
        "Normalized Income": NaN,
        "Net Income From Continuing And Discontinued Operation": NaN,
        "Total Expenses": NaN,
        "Total Operating Income As Reported": NaN,
        "Diluted Average Shares": NaN,
        "Basic Average Shares": NaN,
        "Diluted EPS": NaN,
        "Basic EPS": NaN,
        "Diluted NI Availto Com Stockholders": NaN,
        "Net Income Common Stockholders": NaN,
        "Net Income": NaN,
        "Minority Interests": NaN,
        "Net Income Including Noncontrolling Interests": NaN,
        "Net Income Continuous Operations": NaN,
        "Tax Provision": NaN,
        "Pretax Income": NaN,
        "Other Income Expense": NaN,
        "Other Non Operating Income Expenses": NaN,
        "Special Income Charges": NaN,
        "Gain On Sale Of Ppe": NaN,
        "Earnings From Equity Interest": 0.0,
        "Gain On Sale Of Security": NaN,
        "Net Non Operating Interest Income Expense": NaN,
        "Interest Expense Non Operating": NaN,
        "Operating Income": NaN,
        "Operating Expense": NaN,
        "Other Operating Expenses": NaN,
        "Depreciation Amortization Depletion Income Statement": NaN,
        "Depreciation And Amortization In Income Statement": NaN,
        "Selling General And Administration": NaN,
        "General And Administrative Expense": NaN,
        "Other Gand A": NaN,
        "Gross Profit": NaN,
        "Cost Of Revenue": NaN,
        "Total Revenue": NaN,
        "Operating Revenue": NaN
    },
    "2024-03-31": {
        "Tax Effect Of Unusual Items": 1594520.547945,
        "Tax Rate For Calcs": 0.265753,
        "Normalized EBITDA": 526000000.0,
        "Total Unusual Items": 6000000.0,
        "Total Unusual Items Excluding Goodwill": 6000000.0,
        "Net Income From Continuing Operation Net Minority Interest": 265000000.0,
        "Reconciled Depreciation": 36000000.0,
        "Reconciled Cost Of Revenue": 1877000000.0,
        "EBITDA": 532000000.0,
        "EBIT": 496000000.0,
        "Net Interest Income": -131000000.0,
        "Interest Expense": 131000000.0,
        "Normalized Income": 260594520.547945,
        "Net Income From Continuing And Discontinued Operation": 265000000.0,
        "Total Expenses": 2047000000.0,
        "Total Operating Income As Reported": 533000000.0,
        "Diluted Average Shares": 255000000.0,
        "Basic Average Shares": 252000000.0,
        "Diluted EPS": 1.04,
        "Basic EPS": 1.05,
        "Diluted NI Availto Com Stockholders": 265000000.0,
        "Net Income Common Stockholders": 265000000.0,
        "Net Income": 265000000.0,
        "Minority Interests": -3000000.0,
        "Net Income Including Noncontrolling Interests": 268000000.0,
        "Net Income Continuous Operations": 268000000.0,
        "Tax Provision": 97000000.0,
        "Pretax Income": 365000000.0,
        "Other Income Expense": -30000000.0,
        "Other Non Operating Income Expenses": -36000000.0,
        "Special Income Charges": 7000000.0,
        "Gain On Sale Of Ppe": 7000000.0,
        "Earnings From Equity Interest": 0.0,
        "Gain On Sale Of Security": -1000000.0,
        "Net Non Operating Interest Income Expense": -131000000.0,
        "Interest Expense Non Operating": 131000000.0,
        "Operating Income": 526000000.0,
        "Operating Expense": 170000000.0,
        "Other Operating Expenses": 30000000.0,
        "Depreciation Amortization Depletion Income Statement": 36000000.0,
        "Depreciation And Amortization In Income Statement": 36000000.0,
        "Selling General And Administration": 104000000.0,
        "General And Administrative Expense": 104000000.0,
        "Other Gand A": 104000000.0,
        "Gross Profit": 696000000.0,
        "Cost Of Revenue": 1877000000.0,
        "Total Revenue": 2573000000.0,
        "Operating Revenue": 1002000000.0
    },
    "2024-06-30": {
        "Tax Effect Of Unusual Items": -285956.006768,
        "Tax Rate For Calcs": 0.285956,
        "Normalized EBITDA": 767000000.0,
        "Total Unusual Items": -1000000.0,
        "Total Unusual Items Excluding Goodwill": -1000000.0,
        "Net Income From Continuing Operation Net Minority Interest": 421000000.0,
        "Reconciled Depreciation": 34000000.0,
        "Reconciled Cost Of Revenue": 2042000000.0,
        "EBITDA": 766000000.0,
        "EBIT": 732000000.0,
        "Net Interest Income": -141000000.0,
        "Interest Expense": 141000000.0,
        "Normalized Income": 421714043.993232,
        "Net Income From Continuing And Discontinued Operation": 421000000.0,
        "Total Expenses": 2226000000.0,
        "Total Operating Income As Reported": 725000000.0,
        "Diluted Average Shares": 252000000.0,
        "Basic Average Shares": 249000000.0,
        "Diluted EPS": 1.67,
        "Basic EPS": 1.69,
        "Diluted NI Availto Com Stockholders": 421000000.0,
        "Net Income Common Stockholders": 421000000.0,
        "Net Income": 421000000.0,
        "Minority Interests": -1000000.0,
        "Net Income Including Noncontrolling Interests": 422000000.0,
        "Net Income Continuous Operations": 422000000.0,
        "Tax Provision": 169000000.0,
        "Pretax Income": 591000000.0,
        "Other Income Expense": 7000000.0,
        "Other Non Operating Income Expenses": 8000000.0,
        "Special Income Charges": 0.0,
        "Gain On Sale Of Ppe": 0.0,
        "Earnings From Equity Interest": 0.0,
        "Gain On Sale Of Security": -1000000.0,
        "Net Non Operating Interest Income Expense": -141000000.0,
        "Interest Expense Non Operating": 141000000.0,
        "Operating Income": 725000000.0,
        "Operating Expense": 184000000.0,
        "Other Operating Expenses": 37000000.0,
        "Depreciation Amortization Depletion Income Statement": 34000000.0,
        "Depreciation And Amortization In Income Statement": 34000000.0,
        "Selling General And Administration": 113000000.0,
        "General And Administrative Expense": 113000000.0,
        "Other Gand A": 113000000.0,
        "Gross Profit": 909000000.0,
        "Cost Of Revenue": 2042000000.0,
        "Total Revenue": 2951000000.0,
        "Operating Revenue": 1187000000.0
    },
    "2024-09-30": {
        "Tax Effect Of Unusual Items": -1496945.010183,
        "Tax Rate For Calcs": 0.299389,
        "Normalized EBITDA": 673000000.0,
        "Total Unusual Items": -5000000.0,
        "Total Unusual Items Excluding Goodwill": -5000000.0,
        "Net Income From Continuing Operation Net Minority Interest": 344000000.0,
        "Reconciled Depreciation": 37000000.0,
        "Reconciled Cost Of Revenue": 2078000000.0,
        "EBITDA": 668000000.0,
        "EBIT": 631000000.0,
        "Net Interest Income": -140000000.0,
        "Interest Expense": 140000000.0,
        "Normalized Income": 347503054.989817,
        "Net Income From Continuing And Discontinued Operation": 344000000.0,
        "Total Expenses": 2242000000.0,
        "Total Operating Income As Reported": 623000000.0,
        "Diluted Average Shares": 249000000.0,
        "Basic Average Shares": 246000000.0,
        "Diluted EPS": 1.38,
        "Basic EPS": 1.4,
        "Diluted NI Availto Com Stockholders": 344000000.0,
        "Net Income Common Stockholders": 344000000.0,
        "Net Income": 344000000.0,
        "Minority Interests": 0.0,
        "Net Income Including Noncontrolling Interests": 344000000.0,
        "Net Income Continuous Operations": 344000000.0,
        "Tax Provision": 147000000.0,
        "Pretax Income": 491000000.0,
        "Other Income Expense": 6000000.0,
        "Other Non Operating Income Expenses": 11000000.0,
        "Special Income Charges": -2000000.0,
        "Gain On Sale Of Ppe": -2000000.0,
        "Earnings From Equity Interest": 0.0,
        "Gain On Sale Of Security": -3000000.0,
        "Net Non Operating Interest Income Expense": -140000000.0,
        "Interest Expense Non Operating": 140000000.0,
        "Operating Income": 625000000.0,
        "Operating Expense": 164000000.0,
        "Other Operating Expenses": 26000000.0,
        "Depreciation Amortization Depletion Income Statement": 37000000.0,
        "Depreciation And Amortization In Income Statement": 37000000.0,
        "Selling General And Administration": 101000000.0,
        "General And Administrative Expense": 101000000.0,
        "Other Gand A": 101000000.0,
        "Gross Profit": 789000000.0,
        "Cost Of Revenue": 2078000000.0,
        "Total Revenue": 2867000000.0,
        "Operating Revenue": 1182000000.0
    },
    "2024-12-31": {
        "Tax Effect Of Unusual Items": -1470000.0,
        "Tax Rate For Calcs": 0.21,
        "Normalized EBITDA": 539000000.0,
        "Total Unusual Items": -7000000.0,
        "Total Unusual Items Excluding Goodwill": -7000000.0,
        "Net Income From Continuing Operation Net Minority Interest": 505000000.0,
        "Reconciled Depreciation": 39000000.0,
        "Reconciled Cost Of Revenue": 2114000000.0,
        "EBITDA": 532000000.0,
        "EBIT": 493000000.0,
        "Net Interest Income": -157000000.0,
        "Interest Expense": 157000000.0,
        "Normalized Income": 510530000.0,
        "Net Income From Continuing And Discontinued Operation": 505000000.0,
        "Total Expenses": 2294000000.0,
        "Total Operating Income As Reported": 489000000.0,
        "Diluted Average Shares": 246000000.0,
        "Basic Average Shares": 243000000.0,
        "Diluted EPS": 2.06,
        "Basic EPS": 2.08,
        "Diluted NI Availto Com Stockholders": 505000000.0,
        "Net Income Common Stockholders": 505000000.0,
        "Net Income": 505000000.0,
        "Minority Interests": 0.0,
        "Net Income Including Noncontrolling Interests": 505000000.0,
        "Net Income Continuous Operations": 505000000.0,
        "Tax Provision": -169000000.0,
        "Pretax Income": 336000000.0,
        "Other Income Expense": 4000000.0,
        "Other Non Operating Income Expenses": 11000000.0,
        "Special Income Charges": 0.0,
        "Gain On Sale Of Ppe": 0.0,
        "Earnings From Equity Interest": 0.0,
        "Gain On Sale Of Security": -7000000.0,
        "Net Non Operating Interest Income Expense": -157000000.0,
        "Interest Expense Non Operating": 157000000.0,
        "Operating Income": 489000000.0,
        "Operating Expense": 180000000.0,
        "Other Operating Expenses": 44000000.0,
        "Depreciation Amortization Depletion Income Statement": 39000000.0,
        "Depreciation And Amortization In Income Statement": 39000000.0,
        "Selling General And Administration": 97000000.0,
        "General And Administrative Expense": 97000000.0,
        "Other Gand A": 97000000.0,
        "Gross Profit": 669000000.0,
        "Cost Of Revenue": 2114000000.0,
        "Total Revenue": 2783000000.0,
        "Operating Revenue": 1143000000.0
    },
    "2025-03-31": {
        "Tax Effect Of Unusual Items": 536585.365854,
        "Tax Rate For Calcs": 0.268293,
        "Normalized EBITDA": 594000000.0,
        "Total Unusual Items": 2000000.0,
        "Total Unusual Items Excluding Goodwill": 2000000.0,
        "Net Income From Continuing Operation Net Minority Interest": 300000000.0,
        "Reconciled Depreciation": 41000000.0,
        "Reconciled Cost Of Revenue": 1998000000.0,
        "EBITDA": 596000000.0,
        "EBIT": 555000000.0,
        "Net Interest Income": -145000000.0,
        "Interest Expense": 145000000.0,
        "Normalized Income": 298536585.365854,
        "Net Income From Continuing And Discontinued Operation": 300000000.0,
        "Total Expenses": 2159000000.0,
        "Total Operating Income As Reported": 536000000.0,
        "Diluted Average Shares": 243000000.0,
        "Basic Average Shares": 240000000.0,
        "Diluted EPS": 1.23,
        "Basic EPS": 1.25,
        "Diluted NI Availto Com Stockholders": 300000000.0,
        "Net Income Common Stockholders": 300000000.0,
        "Net Income": 300000000.0,
        "Minority Interests": 0.0,
        "Net Income Including Noncontrolling Interests": 300000000.0,
        "Net Income Continuous Operations": 300000000.0,
        "Tax Provision": 110000000.0,
        "Pretax Income": 410000000.0,
        "Other Income Expense": 19000000.0,
        "Other Non Operating Income Expenses": 17000000.0,
        "Special Income Charges": 0.0,
        "Gain On Sale Of Ppe": 0.0,
        "Earnings From Equity Interest": NaN,
        "Gain On Sale Of Security": 2000000.0,
        "Net Non Operating Interest Income Expense": -145000000.0,
        "Interest Expense Non Operating": 145000000.0,
        "Operating Income": 536000000.0,
        "Operating Expense": 161000000.0,
        "Other Operating Expenses": 26000000.0,
        "Depreciation Amortization Depletion Income Statement": 41000000.0,
        "Depreciation And Amortization In Income Statement": 41000000.0,
        "Selling General And Administration": 94000000.0,
        "General And Administrative Expense": 94000000.0,
        "Other Gand A": 94000000.0,
        "Gross Profit": 697000000.0,
        "Cost Of Revenue": 1998000000.0,
        "Total Revenue": 2695000000.0,
        "Operating Revenue": 1019000000.0
    }
}