{
    "2023-03-31": {
        "Tax Effect Of Unusual Items": 0.0,
        "Tax Rate For Calcs": 0.0,
        "Normalized EBITDA": -26079000.0,
        "Total Unusual Items": 0.0,
        "Total Unusual Items Excluding Goodwill": 0.0,
        "Net Income From Continuing Operation Net Minority Interest": -26889000.0,
        "Reconciled Depreciation": 361000.0,
        "EBITDA": -26079000.0,
        "EBIT": -26440000.0,
        "Net Interest Income": 2125000.0,
        "Interest Expense": 449000.0,
        "Interest Income": 2574000.0,
        "Normalized Income": -26889000.0,
        "Net Income From Continuing And Discontinued Operation": -26889000.0,
        "Total Expenses": 28959000.0,
        "Total Operating Income As Reported": -28959000.0,
        "Diluted Average Shares": 37753522.0,
        "Basic Average Shares": 37753522.0,
        "Diluted EPS": -0.71,
        "Basic EPS": -0.71,
        "Diluted NI Availto Com Stockholders": -26889000.0,
        "Net Income Common Stockholders": -26889000.0,
        "Net Income": -26889000.0,
        "Net Income Including Noncontrolling Interests": -26889000.0,
        "Net Income Continuous Operations": -26889000.0,
        "Pretax Income": -26889000.0,
        "Other Income Expense": -55000.0,
        "Other Non Operating Income Expenses": -55000.0,
        "Special Income Charges": 0.0,
        "Other Special Charges": NaN,
        "Gain On Sale Of Security": NaN,
        "Net Non Operating Interest Income Expense": 2125000.0,
        "Interest Expense Non Operating": 449000.0,
        "Interest Income Non Operating": 2574000.0,
        "Operating Income": -28959000.0,
        "Operating Expense": 28959000.0,
        "Research And Development": 23164000.0,
        "Selling General And Administration": 5795000.0,
        "General And Administrative Expense": 5795000.0,
        "Other Gand A": 5795000.0,
        "Total Revenue": 0.0,
        "Operating Revenue": 0.0
    },
    "2022-12-31": {
        "Tax Effect Of Unusual Items": NaN,
        "Tax Rate For Calcs": NaN,
        "Normalized EBITDA": NaN,
        "Total Unusual Items": NaN,
        "Total Unusual Items Excluding Goodwill": NaN,
        "Net Income From Continuing Operation Net Minority Interest": NaN,
        "Reconciled Depreciation": NaN,
        "EBITDA": NaN,
        "EBIT": NaN,
        "Net Interest Income": NaN,
        "Interest Expense": NaN,
        "Interest Income": NaN,
        "Normalized Income": NaN,
        "Net Income From Continuing And Discontinued Operation": NaN,
        "Total Expenses": NaN,
        "Total Operating Income As Reported": NaN,
        "Diluted Average Shares": NaN,
        "Basic Average Shares": NaN,
        "Diluted EPS": NaN,
        "Basic EPS": NaN,
        "Diluted NI Availto Com Stockholders": NaN,
        "Net Income Common Stockholders": NaN,
        "Net Income": NaN,
        "Net Income Including Noncontrolling Interests": NaN,
        "Net Income Continuous Operations": NaN,
        "Pretax Income": NaN,
        "Other Income Expense": NaN,
        "Other Non Operating Income Expenses": NaN,
        "Special Income Charges": NaN,
        "Other Special Charges": 0.0,
        "Write Off": NaN,
        "Gain On Sale Of Security": 0.0,
        "Net Non Operating Interest Income Expense": NaN,
        "Interest Expense Non Operating": NaN,
        "Interest Income Non Operating": NaN,
        "Operating Income": NaN,
        "Operating Expense": NaN,
        "Research And Development": NaN,
        "Selling General And Administration": NaN,
        "General And Administrative Expense": NaN,
        "Other Gand A": NaN,
        "Total Revenue": NaN,
        "Operating Revenue": NaN
    },
    "2022-09-30": {
        "Tax Effect Of Unusual Items": 0.0,
        "Tax Rate For Calcs": 0.0,
        "Normalized EBITDA": -16600000.0,
        "Total Unusual Items": 0.0,
        "Total Unusual Items Excluding Goodwill": 0.0,
        "Net Income From Continuing Operation Net Minority Interest": -16805000.0,
        "Reconciled Depreciation": 0.0,
        "EBITDA": -16600000.0,
        "EBIT": -16600000.0,
        "Net Interest Income": 1112000.0,
        "Interest Expense": 205000.0,
        "Interest Income": 1317000.0,
        "Normalized Income": -16805000.0,
        "Net Income From Continuing And Discontinued Operation": -16805000.0,
        "Total Expenses": 17892000.0,
        "Total Operating Income As Reported": -17892000.0,
        "Diluted Average Shares": 37323626.0,
        "Basic Average Shares": 37323626.0,
        "Diluted EPS": -0.45,
        "Basic EPS": -0.45,
        "Diluted NI Availto Com Stockholders": -16805000.0,
        "Net Income Common Stockholders": -16805000.0,
        "Net Income": -16805000.0,
        "Net Income Including Noncontrolling Interests": -16805000.0,
        "Net Income Continuous Operations": -16805000.0,
        "Pretax Income": -16805000.0,
        "Other Income Expense": -25000.0,
        "Other Non Operating Income Expenses": -25000.0,
        "Special Income Charges": 0.0,
        "Other Special Charges": NaN,
        "Gain On Sale Of Security": NaN,
        "Net Non Operating Interest Income Expense": 1112000.0,
        "Interest Expense Non Operating": 205000.0,
        "Interest Income Non Operating": 1317000.0,
        "Operating Income": -17892000.0,
        "Operating Expense": 17892000.0,
        "Research And Development": 13315000.0,
        "Selling General And Administration": 4577000.0,
        "General And Administrative Expense": 4577000.0,
        "Other Gand A": 4577000.0,
        "Total Revenue": 0.0,
        "Operating Revenue": 0.0
    },
    "2022-06-30": {
        "Tax Effect Of Unusual Items": 0.0,
        "Tax Rate For Calcs": 0.0,
        "Normalized EBITDA": -46890000.0,
        "Total Unusual Items": -6151000.0,
        "Total Unusual Items Excluding Goodwill": -6151000.0,
        "Net Income From Continuing Operation Net Minority Interest": -53929000.0,
        "Reconciled Depreciation": NaN,
        "EBITDA": -53041000.0,
        "EBIT": -53041000.0,
        "Net Interest Income": -554000.0,
        "Interest Expense": 888000.0,
        "Interest Income": 334000.0,
        "Normalized Income": -47778000.0,
        "Net Income From Continuing And Discontinued Operation": -53929000.0,
        "Total Expenses": 12808000.0,
        "Total Operating Income As Reported": -12808000.0,
        "Diluted Average Shares": 26512881.0,
        "Basic Average Shares": 26512881.0,
        "Diluted EPS": -2.03,
        "Basic EPS": -2.03,
        "Diluted NI Availto Com Stockholders": -53929000.0,
        "Net Income Common Stockholders": -53929000.0,
        "Net Income": -53929000.0,
        "Net Income Including Noncontrolling Interests": -53929000.0,
        "Net Income Continuous Operations": -53929000.0,
        "Pretax Income": -53929000.0,
        "Other Income Expense": -40567000.0,
        "Other Non Operating Income Expenses": -34416000.0,
        "Special Income Charges": 0.0,
        "Other Special Charges": NaN,
        "Gain On Sale Of Security": -6151000.0,
        "Net Non Operating Interest Income Expense": -554000.0,
        "Interest Expense Non Operating": 888000.0,
        "Interest Income Non Operating": 334000.0,
        "Operating Income": -12808000.0,
        "Operating Expense": 12808000.0,
        "Research And Development": 8826000.0,
        "Selling General And Administration": 3982000.0,
        "General And Administrative Expense": 3982000.0,
        "Other Gand A": 3982000.0,
        "Total Revenue": 0.0,
        "Operating Revenue": 0.0
    },
    "2022-03-31": {
        "Diluted EPS": -10.06,
        "Total Revenue": NaN,
        "Gross Profit": NaN,
        "Operating Income": -11,
        "EBIT": -11,
        "Net Income": -68
    },
    "2021-12-31": {
        "Diluted EPS": -7.53,
        "Total Revenue": NaN,
        "Gross Profit": NaN,
        "Operating Income": -11,
        "EBIT": -11,
        "Net Income": -37
    },
    "2021-09-30": {
        "Diluted EPS": -10.03,
        "Total Revenue": NaN,
        "Gross Profit": NaN,
        "Operating Income": -40,
        "EBIT": -40,
        "Net Income": -62
    },
    "2021-06-30": {
        "Diluted EPS": -0.34,
        "Total Revenue": NaN,
        "Gross Profit": NaN,
        "Operating Income": -1,
        "EBIT": -1,
        "Net Income": -2
    },
    "2021-03-31": {
        "Diluted EPS": -0.32,
        "Total Revenue": NaN,
        "Gross Profit": NaN,
        "Operating Income": -1,
        "EBIT": -1,
        "Net Income": -2
    },
    "2023-06-30": {
        "Tax Effect Of Unusual Items": NaN,
        "Tax Rate For Calcs": NaN,
        "Normalized EBITDA": NaN,
        "Total Unusual Items": NaN,
        "Total Unusual Items Excluding Goodwill": NaN,
        "Net Income From Continuing Operation Net Minority Interest": NaN,
        "Reconciled Depreciation": NaN,
        "EBITDA": NaN,
        "EBIT": NaN,
        "Net Interest Income": NaN,
        "Interest Expense": NaN,
        "Interest Income": NaN,
        "Normalized Income": NaN,
        "Net Income From Continuing And Discontinued Operation": NaN,
        "Total Expenses": NaN,
        "Total Operating Income As Reported": NaN,
        "Diluted Average Shares": NaN,
        "Basic Average Shares": NaN,
        "Diluted EPS": NaN,
        "Basic EPS": NaN,
        "Diluted NI Availto Com Stockholders": NaN,
        "Net Income Common Stockholders": NaN,
        "Net Income": NaN,
        "Net Income Including Noncontrolling Interests": NaN,
        "Net Income Continuous Operations": NaN,
        "Pretax Income": NaN,
        "Other Income Expense": NaN,
        "Other Non Operating Income Expenses": NaN,
        "Special Income Charges": NaN,
        "Other Special Charges": NaN,
        "Write Off": 0.0,
        "Impairment Of Capital Assets": 0.0,
        "Net Non Operating Interest Income Expense": NaN,
        "Interest Expense Non Operating": NaN,
        "Interest Income Non Operating": NaN,
        "Operating Income": NaN,
        "Operating Expense": NaN,
        "Research And Development": NaN,
        "Selling General And Administration": NaN,
        "General And Administrative Expense": NaN,
        "Other Gand A": NaN,
        "Total Revenue": NaN,
        "Operating Revenue": NaN
    },
    "2023-09-30": {
        "Tax Effect Of Unusual Items": NaN,
        "Tax Rate For Calcs": NaN,
        "Normalized EBITDA": NaN,
        "Total Unusual Items": NaN,
        "Total Unusual Items Excluding Goodwill": NaN,
        "Net Income From Continuing Operation Net Minority Interest": NaN,
        "Reconciled Depreciation": NaN,
        "EBITDA": NaN,
        "EBIT": NaN,
        "Net Interest Income": NaN,
        "Interest Expense": NaN,
        "Interest Income": NaN,
        "Normalized Income": NaN,
        "Net Income From Continuing And Discontinued Operation": NaN,
        "Total Expenses": NaN,
        "Total Operating Income As Reported": NaN,
        "Diluted Average Shares": NaN,
        "Basic Average Shares": NaN,
        "Diluted EPS": NaN,
        "Basic EPS": NaN,
        "Diluted NI Availto Com Stockholders": NaN,
        "Net Income Common Stockholders": NaN,
        "Net Income": NaN,
        "Net Income Including Noncontrolling Interests": NaN,
        "Net Income Continuous Operations": NaN,
        "Pretax Income": NaN,
        "Other Income Expense": NaN,
        "Other Non Operating Income Expenses": NaN,
        "Special Income Charges": NaN,
        "Other Special Charges": NaN,
        "Write Off": NaN,
        "Impairment Of Capital Assets": 0.0,
        "Net Non Operating Interest Income Expense": NaN,
        "Interest Expense Non Operating": NaN,
        "Interest Income Non Operating": NaN,
        "Operating Income": NaN,
        "Operating Expense": NaN,
        "Research And Development": NaN,
        "Selling General And Administration": NaN,
        "General And Administrative Expense": NaN,
        "Other Gand A": NaN,
        "Total Revenue": NaN,
        "Operating Revenue": NaN
    },
    "2023-12-31": {
        "Tax Effect Of Unusual Items": 0.0,
        "Tax Rate For Calcs": 0.0,
        "Normalized EBITDA": -35510000.0,
        "Total Unusual Items": 0.0,
        "Total Unusual Items Excluding Goodwill": 0.0,
        "Net Income From Continuing Operation Net Minority Interest": -36960000.0,
        "Reconciled Depreciation": 724000.0,
        "EBITDA": -35510000.0,
        "EBIT": -36234000.0,
        "Net Interest Income": 2263000.0,
        "Interest Expense": 726000.0,
        "Interest Income": 2989000.0,
        "Normalized Income": -36960000.0,
        "Net Income From Continuing And Discontinued Operation": -36960000.0,
        "Total Expenses": 40291000.0,
        "Total Operating Income As Reported": -40291000.0,
        "Diluted Average Shares": 47557423.0,
        "Basic Average Shares": 47557423.0,
        "Diluted EPS": -0.78,
        "Basic EPS": -0.78,
        "Diluted NI Availto Com Stockholders": -36960000.0,
        "Net Income Common Stockholders": -36960000.0,
        "Net Income": -36960000.0,
        "Net Income Including Noncontrolling Interests": -36960000.0,
        "Net Income Continuous Operations": -36960000.0,
        "Pretax Income": -36960000.0,
        "Other Income Expense": 1068000.0,
        "Other Non Operating Income Expenses": 1068000.0,
        "Special Income Charges": 0.0,
        "Other Special Charges": NaN,
        "Write Off": NaN,
        "Impairment Of Capital Assets": NaN,
        "Net Non Operating Interest Income Expense": 2263000.0,
        "Interest Expense Non Operating": 726000.0,
        "Interest Income Non Operating": 2989000.0,
        "Operating Income": -40291000.0,
        "Operating Expense": 40291000.0,
        "Research And Development": 33258000.0,
        "Selling General And Administration": 7033000.0,
        "General And Administrative Expense": 7033000.0,
        "Other Gand A": 7033000.0,
        "Total Revenue": 0.0,
        "Operating Revenue": 0.0
    },
    "2024-03-31": {
        "Tax Effect Of Unusual Items": 0.0,
        "Tax Rate For Calcs": 0.0,
        "Normalized EBITDA": -30070000.0,
        "Total Unusual Items": -15325000.0,
        "Total Unusual Items Excluding Goodwill": -15325000.0,
        "Net Income From Continuing Operation Net Minority Interest": -46829000.0,
        "Reconciled Depreciation": 707000.0,
        "EBITDA": -45395000.0,
        "EBIT": -46102000.0,
        "Net Interest Income": 1675000.0,
        "Interest Expense": 727000.0,
        "Interest Income": 2402000.0,
        "Normalized Income": -31504000.0,
        "Net Income From Continuing And Discontinued Operation": -46829000.0,
        "Total Expenses": 34472000.0,
        "Total Operating Income As Reported": -49797000.0,
        "Diluted Average Shares": 48460185.0,
        "Basic Average Shares": 48460185.0,
        "Diluted EPS": -0.97,
        "Basic EPS": -0.97,
        "Diluted NI Availto Com Stockholders": -46829000.0,
        "Net Income Common Stockholders": -46829000.0,
        "Net Income": -46829000.0,
        "Net Income Including Noncontrolling Interests": -46829000.0,
        "Net Income Continuous Operations": -46829000.0,
        "Pretax Income": -46829000.0,
        "Other Income Expense": -14032000.0,
        "Other Non Operating Income Expenses": 1293000.0,
        "Special Income Charges": -15325000.0,
        "Other Special Charges": 15325000.0,
        "Write Off": NaN,
        "Impairment Of Capital Assets": NaN,
        "Net Non Operating Interest Income Expense": 1675000.0,
        "Interest Expense Non Operating": 727000.0,
        "Interest Income Non Operating": 2402000.0,
        "Operating Income": -34472000.0,
        "Operating Expense": 34472000.0,
        "Research And Development": 25978000.0,
        "Selling General And Administration": 8494000.0,
        "General And Administrative Expense": 8494000.0,
        "Other Gand A": 8494000.0,
        "Total Revenue": 0.0,
        "Operating Revenue": 0.0
    },
    "2024-06-30": {
        "Tax Effect Of Unusual Items": 0.0,
        "Tax Rate For Calcs": 0.0,
        "Normalized EBITDA": -30900000.0,
        "Total Unusual Items": -8235000.0,
        "Total Unusual Items Excluding Goodwill": -8235000.0,
        "Net Income From Continuing Operation Net Minority Interest": -40668000.0,
        "Reconciled Depreciation": 795000.0,
        "EBITDA": -39135000.0,
        "EBIT": -39930000.0,
        "Net Interest Income": 960000.0,
        "Interest Expense": 738000.0,
        "Interest Income": 1698000.0,
        "Normalized Income": -32433000.0,
        "Net Income From Continuing And Discontinued Operation": -40668000.0,
        "Total Expenses": 34728000.0,
        "Total Operating Income As Reported": -42963000.0,
        "Diluted Average Shares": 49179109.0,
        "Basic Average Shares": 49179109.0,
        "Diluted EPS": -0.83,
        "Basic EPS": -0.83,
        "Diluted NI Availto Com Stockholders": -40668000.0,
        "Net Income Common Stockholders": -40668000.0,
        "Net Income": -40668000.0,
        "Net Income Including Noncontrolling Interests": -40668000.0,
        "Net Income Continuous Operations": -40668000.0,
        "Pretax Income": -40668000.0,
        "Other Income Expense": -6900000.0,
        "Other Non Operating Income Expenses": 1335000.0,
        "Special Income Charges": -8235000.0,
        "Other Special Charges": NaN,
        "Write Off": 8235000.0,
        "Impairment Of Capital Assets": 8235000.0,
        "Net Non Operating Interest Income Expense": 960000.0,
        "Interest Expense Non Operating": 738000.0,
        "Interest Income Non Operating": 1698000.0,
        "Operating Income": -34728000.0,
        "Operating Expense": 34728000.0,
        "Research And Development": 26601000.0,
        "Selling General And Administration": 8127000.0,
        "General And Administrative Expense": 8127000.0,
        "Other Gand A": 8127000.0,
        "Total Revenue": 0.0,
        "Operating Revenue": 0.0
    },
    "2024-09-30": {
        "Tax Effect Of Unusual Items": 0.0,
        "Tax Rate For Calcs": 0.0,
        "Normalized EBITDA": -23128000.0,
        "Total Unusual Items": 0.0,
        "Total Unusual Items Excluding Goodwill": 0.0,
        "Net Income From Continuing Operation Net Minority Interest": -25823000.0,
        "Reconciled Depreciation": 842000.0,
        "EBITDA": -23128000.0,
        "EBIT": -23970000.0,
        "Net Interest Income": -500000.0,
        "Interest Expense": 1853000.0,
        "Interest Income": 1353000.0,
        "Normalized Income": -25823000.0,
        "Net Income From Continuing And Discontinued Operation": -25823000.0,
        "Total Expenses": 26380000.0,
        "Total Operating Income As Reported": -26380000.0,
        "Diluted Average Shares": 49382277.0,
        "Basic Average Shares": 49382277.0,
        "Diluted EPS": -0.52,
        "Basic EPS": -0.52,
        "Diluted NI Availto Com Stockholders": -25823000.0,
        "Net Income Common Stockholders": -25823000.0,
        "Net Income": -25823000.0,
        "Net Income Including Noncontrolling Interests": -25823000.0,
        "Net Income Continuous Operations": -25823000.0,
        "Pretax Income": -25823000.0,
        "Other Income Expense": 1057000.0,
        "Other Non Operating Income Expenses": 1057000.0,
        "Special Income Charges": 0.0,
        "Other Special Charges": NaN,
        "Write Off": NaN,
        "Impairment Of Capital Assets": 0.0,
        "Net Non Operating Interest Income Expense": -500000.0,
        "Interest Expense Non Operating": 1853000.0,
        "Interest Income Non Operating": 1353000.0,
        "Operating Income": -26380000.0,
        "Operating Expense": 26380000.0,
        "Research And Development": 20165000.0,
        "Selling General And Administration": 6215000.0,
        "General And Administrative Expense": 6215000.0,
        "Other Gand A": 6215000.0,
        "Total Revenue": 0.0,
        "Operating Revenue": 0.0
    },
    "2024-12-31": {
        "Tax Effect Of Unusual Items": 0.0,
        "Tax Rate For Calcs": 0.0,
        "Normalized EBITDA": -8321000.0,
        "Total Unusual Items": -24772000.0,
        "Total Unusual Items Excluding Goodwill": -24772000.0,
        "Net Income From Continuing Operation Net Minority Interest": -33947000.0,
        "Reconciled Depreciation": 854000.0,
        "EBITDA": -33093000.0,
        "EBIT": -33947000.0,
        "Net Interest Income": 1601000.0,
        "Interest Expense": 0.0,
        "Interest Income": 1601000.0,
        "Normalized Income": -9175000.0,
        "Net Income From Continuing And Discontinued Operation": -33947000.0,
        "Total Expenses": 11379000.0,
        "Total Operating Income As Reported": -36151000.0,
        "Diluted Average Shares": 49583518.0,
        "Basic Average Shares": 49583518.0,
        "Diluted EPS": -0.68,
        "Basic EPS": -0.68,
        "Diluted NI Availto Com Stockholders": -33947000.0,
        "Net Income Common Stockholders": -33947000.0,
        "Net Income": -33947000.0,
        "Net Income Including Noncontrolling Interests": -33947000.0,
        "Net Income Continuous Operations": -33947000.0,
        "Pretax Income": -33947000.0,
        "Other Income Expense": -24169000.0,
        "Other Non Operating Income Expenses": 603000.0,
        "Special Income Charges": -24772000.0,
        "Other Special Charges": 0.0,
        "Write Off": NaN,
        "Impairment Of Capital Assets": NaN,
        "Net Non Operating Interest Income Expense": 1601000.0,
        "Interest Expense Non Operating": 0.0,
        "Interest Income Non Operating": 1601000.0,
        "Operating Income": -11379000.0,
        "Operating Expense": 11379000.0,
        "Research And Development": 5428000.0,
        "Selling General And Administration": 5951000.0,
        "General And Administrative Expense": 5951000.0,
        "Other Gand A": 5951000.0,
        "Total Revenue": 0.0,
        "Operating Revenue": 0.0
    },
    "2025-03-31": {
        "Tax Effect Of Unusual Items": 0.0,
        "Tax Rate For Calcs": 0.0,
        "Normalized EBITDA": -5571000.0,
        "Total Unusual Items": 0.0,
        "Total Unusual Items Excluding Goodwill": 0.0,
        "Net Income From Continuing Operation Net Minority Interest": -6061000.0,
        "Reconciled Depreciation": 490000.0,
        "EBITDA": -5571000.0,
        "EBIT": -6061000.0,
        "Net Interest Income": 776000.0,
        "Interest Expense": 0.0,
        "Interest Income": 776000.0,
        "Normalized Income": -6061000.0,
        "Net Income From Continuing And Discontinued Operation": -6061000.0,
        "Total Expenses": 7604000.0,
        "Total Operating Income As Reported": -7604000.0,
        "Diluted Average Shares": 49980752.0,
        "Basic Average Shares": 49980752.0,
        "Diluted EPS": -0.12,
        "Basic EPS": -0.12,
        "Diluted NI Availto Com Stockholders": -6061000.0,
        "Net Income Common Stockholders": -6061000.0,
        "Net Income": -6061000.0,
        "Net Income Including Noncontrolling Interests": -6061000.0,
        "Net Income Continuous Operations": -6061000.0,
        "Pretax Income": -6061000.0,
        "Other Income Expense": 767000.0,
        "Other Non Operating Income Expenses": 767000.0,
        "Special Income Charges": 0.0,
        "Other Special Charges": NaN,
        "Write Off": NaN,
        "Impairment Of Capital Assets": NaN,
        "Net Non Operating Interest Income Expense": 776000.0,
        "Interest Expense Non Operating": 0.0,
        "Interest Income Non Operating": 776000.0,
        "Operating Income": -7604000.0,
        "Operating Expense": 7604000.0,
        "Research And Development": 1983000.0,
        "Selling General And Administration": 5621000.0,
        "General And Administrative Expense": 5621000.0,
        "Other Gand A": 5621000.0,
        "Total Revenue": 0.0,
        "Operating Revenue": 0.0
    }
}