{
    "2023-03-31": {
        "Tax Effect Of Unusual Items": NaN,
        "Tax Rate For Calcs": NaN,
        "Normalized EBITDA": NaN,
        "Total Unusual Items": 0.0,
        "Total Unusual Items Excluding Goodwill": 0.0,
        "Net Income From Continuing Operation Net Minority Interest": NaN,
        "Reconciled Depreciation": NaN,
        "EBITDA": NaN,
        "EBIT": NaN,
        "Net Interest Income": NaN,
        "Interest Expense": NaN,
        "Interest Income": NaN,
        "Normalized Income": NaN,
        "Net Income From Continuing And Discontinued Operation": NaN,
        "Total Expenses": NaN,
        "Total Operating Income As Reported": NaN,
        "Diluted Average Shares": 7221782.0,
        "Basic Average Shares": 7221782.0,
        "Diluted EPS": -2.7,
        "Basic EPS": -2.7,
        "Diluted NI Availto Com Stockholders": NaN,
        "Net Income Common Stockholders": NaN,
        "Net Income": NaN,
        "Net Income Including Noncontrolling Interests": NaN,
        "Net Income Continuous Operations": NaN,
        "Tax Provision": NaN,
        "Pretax Income": NaN,
        "Other Income Expense": NaN,
        "Other Non Operating Income Expenses": NaN,
        "Special Income Charges": 0.0,
        "Restructuring And Mergern Acquisition": 0.0,
        "Net Non Operating Interest Income Expense": NaN,
        "Interest Expense Non Operating": NaN,
        "Interest Income Non Operating": NaN,
        "Operating Income": NaN,
        "Operating Expense": NaN,
        "Other Operating Expenses": NaN,
        "Research And Development": NaN,
        "Selling General And Administration": NaN,
        "Total Revenue": NaN,
        "Operating Revenue": NaN
    },
    "2022-12-31": {
        "Tax Effect Of Unusual Items": NaN,
        "Tax Rate For Calcs": NaN,
        "Normalized EBITDA": NaN,
        "Total Unusual Items": NaN,
        "Total Unusual Items Excluding Goodwill": NaN,
        "Net Income From Continuing Operation Net Minority Interest": NaN,
        "Reconciled Depreciation": NaN,
        "EBITDA": NaN,
        "EBIT": NaN,
        "Net Interest Income": NaN,
        "Interest Expense": NaN,
        "Interest Income": NaN,
        "Normalized Income": NaN,
        "Net Income From Continuing And Discontinued Operation": NaN,
        "Total Expenses": NaN,
        "Total Operating Income As Reported": NaN,
        "Diluted Average Shares": NaN,
        "Basic Average Shares": NaN,
        "Diluted EPS": NaN,
        "Basic EPS": NaN,
        "Diluted NI Availto Com Stockholders": NaN,
        "Net Income Common Stockholders": NaN,
        "Net Income": NaN,
        "Net Income Including Noncontrolling Interests": NaN,
        "Net Income Continuous Operations": NaN,
        "Tax Provision": NaN,
        "Pretax Income": NaN,
        "Other Income Expense": NaN,
        "Other Non Operating Income Expenses": NaN,
        "Special Income Charges": NaN,
        "Restructuring And Mergern Acquisition": NaN,
        "Net Non Operating Interest Income Expense": NaN,
        "Interest Expense Non Operating": NaN,
        "Interest Income Non Operating": NaN,
        "Operating Income": NaN,
        "Operating Expense": NaN,
        "Other Operating Expenses": NaN,
        "Research And Development": NaN,
        "Selling General And Administration": NaN,
        "General And Administrative Expense": 3824000.0,
        "Other Gand A": 3824000.0,
        "Total Revenue": NaN,
        "Operating Revenue": NaN
    },
    "2022-09-30": {
        "Tax Effect Of Unusual Items": NaN,
        "Tax Rate For Calcs": NaN,
        "Normalized EBITDA": NaN,
        "Total Unusual Items": NaN,
        "Total Unusual Items Excluding Goodwill": NaN,
        "Net Income From Continuing Operation Net Minority Interest": NaN,
        "Reconciled Depreciation": NaN,
        "EBITDA": NaN,
        "EBIT": NaN,
        "Net Interest Income": NaN,
        "Interest Expense": NaN,
        "Interest Income": NaN,
        "Normalized Income": NaN,
        "Net Income From Continuing And Discontinued Operation": NaN,
        "Total Expenses": NaN,
        "Total Operating Income As Reported": NaN,
        "Diluted Average Shares": NaN,
        "Basic Average Shares": NaN,
        "Diluted EPS": NaN,
        "Basic EPS": NaN,
        "Diluted NI Availto Com Stockholders": NaN,
        "Net Income Common Stockholders": NaN,
        "Net Income": NaN,
        "Net Income Including Noncontrolling Interests": NaN,
        "Net Income Continuous Operations": NaN,
        "Tax Provision": NaN,
        "Pretax Income": NaN,
        "Other Income Expense": NaN,
        "Other Non Operating Income Expenses": NaN,
        "Special Income Charges": NaN,
        "Restructuring And Mergern Acquisition": NaN,
        "Net Non Operating Interest Income Expense": NaN,
        "Interest Expense Non Operating": NaN,
        "Interest Income Non Operating": NaN,
        "Operating Income": NaN,
        "Operating Expense": NaN,
        "Other Operating Expenses": NaN,
        "Research And Development": NaN,
        "Selling General And Administration": NaN,
        "General And Administrative Expense": 4937000.0,
        "Other Gand A": 4937000.0,
        "Total Revenue": NaN,
        "Operating Revenue": NaN
    },
    "2022-06-30": {
        "Tax Effect Of Unusual Items": 0.0,
        "Tax Rate For Calcs": 0.4,
        "Normalized EBITDA": -15264000.0,
        "Net Income From Continuing Operation Net Minority Interest": -16356000.0,
        "Reconciled Depreciation": 860000.0,
        "EBITDA": -15264000.0,
        "EBIT": -16124000.0,
        "Net Interest Income": -49000.0,
        "Interest Expense": 231000.0,
        "Interest Income": 182000.0,
        "Normalized Income": -16356000.0,
        "Net Income From Continuing And Discontinued Operation": -16356000.0,
        "Total Expenses": 19215000.0,
        "Total Operating Income As Reported": -18427000.0,
        "Diluted Average Shares": 72195007.0,
        "Basic Average Shares": 72195007.0,
        "Diluted EPS": -0.23,
        "Basic EPS": -0.23,
        "Diluted NI Availto Com Stockholders": -16356000.0,
        "Net Income Common Stockholders": -16356000.0,
        "Net Income": -16356000.0,
        "Net Income Including Noncontrolling Interests": -16356000.0,
        "Net Income Continuous Operations": -16356000.0,
        "Tax Provision": 1000.0,
        "Pretax Income": -16355000.0,
        "Other Income Expense": 163000.0,
        "Other Non Operating Income Expenses": 163000.0,
        "Net Non Operating Interest Income Expense": -49000.0,
        "Total Other Finance Cost": NaN,
        "Interest Expense Non Operating": 231000.0,
        "Interest Income Non Operating": 182000.0,
        "Operating Income": -16469000.0,
        "Operating Expense": 19215000.0,
        "Other Operating Expenses": -1958000.0,
        "Research And Development": 16147000.0,
        "Selling General And Administration": 5026000.0,
        "General And Administrative Expense": 5026000.0,
        "Other Gand A": 5026000.0,
        "Total Revenue": 2746000.0,
        "Operating Revenue": 2746000.0
    },
    "2022-03-31": {
        "Diluted EPS": -0.4,
        "Total Revenue": 1,
        "Gross Profit": 1,
        "Operating Income": -20,
        "EBIT": -19,
        "Net Income": -18
    },
    "2021-12-31": {
        "Diluted EPS": -0.64,
        "Total Revenue": 4,
        "Gross Profit": 4,
        "Operating Income": -22,
        "EBIT": -21,
        "Net Income": -21
    },
    "2021-09-30": {
        "Diluted EPS": -0.61,
        "Total Revenue": 4,
        "Gross Profit": 4,
        "Operating Income": -21,
        "EBIT": -20,
        "Net Income": -20
    },
    "2021-06-30": {
        "Diluted EPS": -0.52,
        "Total Revenue": 5,
        "Gross Profit": 5,
        "Operating Income": -19,
        "EBIT": -18,
        "Net Income": -17
    },
    "2021-03-31": {
        "Diluted EPS": -0.53,
        "Total Revenue": 5,
        "Gross Profit": 5,
        "Operating Income": -19,
        "EBIT": -18,
        "Net Income": -17
    },
    "2020-12-31": {
        "Diluted EPS": -0.45,
        "Total Revenue": 5,
        "Gross Profit": 5,
        "Operating Income": -15,
        "EBIT": -14,
        "Net Income": -12
    },
    "2020-09-30": {
        "Diluted EPS": -0.53,
        "Total Revenue": 4,
        "Gross Profit": 4,
        "Operating Income": -16,
        "EBIT": -15,
        "Net Income": -14
    },
    "2020-06-30": {
        "Diluted EPS": -0.28,
        "Total Revenue": 7,
        "Gross Profit": 7,
        "Operating Income": -9,
        "EBIT": -8,
        "Net Income": -7
    },
    "2020-03-31": {
        "Diluted EPS": -0.43,
        "Total Revenue": 4,
        "Gross Profit": 4,
        "Operating Income": -12,
        "EBIT": -12,
        "Net Income": -11
    },
    "2019-12-31": {
        "Diluted EPS": 7.94,
        "Total Revenue": 4,
        "Gross Profit": 4,
        "Operating Income": -13,
        "EBIT": -11,
        "Net Income": -10
    },
    "2019-09-30": {
        "Diluted EPS": -0.45,
        "Total Revenue": 2,
        "Gross Profit": 2,
        "Operating Income": -14,
        "EBIT": -13,
        "Net Income": -11
    },
    "2019-06-30": {
        "Diluted EPS": -0.63,
        "Total Revenue": 4,
        "Gross Profit": 4,
        "Operating Income": -14,
        "EBIT": -13,
        "Net Income": -12
    },
    "2019-03-31": {
        "Diluted EPS": -9.27,
        "Total Revenue": 2,
        "Gross Profit": 2,
        "Operating Income": -11,
        "EBIT": -10,
        "Net Income": -9
    },
    "2018-12-31": {
        "Diluted EPS": -2.02,
        "Total Revenue": 5,
        "Gross Profit": 5,
        "Operating Income": -2,
        "EBIT": -2,
        "Net Income": -2
    },
    "2018-09-30": {
        "Diluted EPS": -4.34,
        "Total Revenue": 2,
        "Gross Profit": 2,
        "Operating Income": -6,
        "EBIT": -5,
        "Net Income": -4
    },
    "2018-06-30": {
        "Diluted EPS": -6.38,
        "Total Revenue": 1,
        "Gross Profit": 1,
        "Operating Income": -7,
        "EBIT": -7,
        "Net Income": -6
    },
    "2018-03-31": {
        "Diluted EPS": -5.02,
        "Total Revenue": NaN,
        "Gross Profit": NaN,
        "Operating Income": -6,
        "EBIT": -6,
        "Net Income": -5
    },
    "2017-12-31": {
        "Diluted EPS": 0.0,
        "Total Revenue": NaN,
        "Gross Profit": NaN,
        "Operating Income": NaN,
        "EBIT": NaN,
        "Net Income": NaN
    },
    "2023-06-30": {
        "Tax Effect Of Unusual Items": NaN,
        "Tax Rate For Calcs": NaN,
        "Normalized EBITDA": NaN,
        "Total Unusual Items": NaN,
        "Total Unusual Items Excluding Goodwill": NaN,
        "Net Income From Continuing Operation Net Minority Interest": NaN,
        "Reconciled Depreciation": NaN,
        "EBITDA": NaN,
        "EBIT": NaN,
        "Net Interest Income": NaN,
        "Interest Expense": NaN,
        "Interest Income": NaN,
        "Normalized Income": NaN,
        "Net Income From Continuing And Discontinued Operation": NaN,
        "Total Expenses": NaN,
        "Total Operating Income As Reported": NaN,
        "Diluted Average Shares": 8270527.0,
        "Basic Average Shares": 8270527.0,
        "Diluted EPS": -2.18,
        "Basic EPS": -2.18,
        "Diluted NI Availto Com Stockholders": NaN,
        "Net Income Common Stockholders": NaN,
        "Net Income": NaN,
        "Net Income Including Noncontrolling Interests": NaN,
        "Net Income Continuous Operations": NaN,
        "Tax Provision": NaN,
        "Pretax Income": NaN,
        "Other Income Expense": NaN,
        "Other Non Operating Income Expenses": NaN,
        "Special Income Charges": NaN,
        "Impairment Of Capital Assets": NaN,
        "Restructuring And Mergern Acquisition": NaN,
        "Net Non Operating Interest Income Expense": NaN,
        "Interest Expense Non Operating": NaN,
        "Interest Income Non Operating": NaN,
        "Operating Income": NaN,
        "Operating Expense": NaN,
        "Other Operating Expenses": NaN,
        "Research And Development": NaN,
        "Selling General And Administration": NaN,
        "Total Revenue": NaN,
        "Operating Revenue": NaN
    },
    "2023-09-30": {
        "Tax Effect Of Unusual Items": NaN,
        "Tax Rate For Calcs": NaN,
        "Normalized EBITDA": NaN,
        "Total Unusual Items": NaN,
        "Total Unusual Items Excluding Goodwill": NaN,
        "Net Income From Continuing Operation Net Minority Interest": NaN,
        "Reconciled Depreciation": NaN,
        "EBITDA": NaN,
        "EBIT": NaN,
        "Net Interest Income": NaN,
        "Interest Expense": NaN,
        "Interest Income": NaN,
        "Normalized Income": NaN,
        "Net Income From Continuing And Discontinued Operation": NaN,
        "Total Expenses": NaN,
        "Total Operating Income As Reported": NaN,
        "Diluted Average Shares": 11038811.0,
        "Basic Average Shares": 11038811.0,
        "Diluted EPS": -1.73,
        "Basic EPS": -1.73,
        "Diluted NI Availto Com Stockholders": NaN,
        "Net Income Common Stockholders": NaN,
        "Net Income": NaN,
        "Net Income Including Noncontrolling Interests": NaN,
        "Net Income Continuous Operations": NaN,
        "Tax Provision": NaN,
        "Pretax Income": NaN,
        "Other Income Expense": NaN,
        "Other Non Operating Income Expenses": NaN,
        "Special Income Charges": NaN,
        "Impairment Of Capital Assets": 0.0,
        "Restructuring And Mergern Acquisition": NaN,
        "Net Non Operating Interest Income Expense": NaN,
        "Interest Expense Non Operating": NaN,
        "Interest Income Non Operating": NaN,
        "Operating Income": NaN,
        "Operating Expense": NaN,
        "Other Operating Expenses": NaN,
        "Research And Development": NaN,
        "Selling General And Administration": NaN,
        "Total Revenue": NaN,
        "Operating Revenue": NaN
    },
    "2023-12-31": {
        "Tax Effect Of Unusual Items": 0.0,
        "Tax Rate For Calcs": 0.21,
        "Normalized EBITDA": -23327000.0,
        "Total Unusual Items": NaN,
        "Total Unusual Items Excluding Goodwill": NaN,
        "Net Income From Continuing Operation Net Minority Interest": -24818000.0,
        "Reconciled Depreciation": 1278000.0,
        "EBITDA": -23327000.0,
        "EBIT": -24605000.0,
        "Net Interest Income": 1192000.0,
        "Interest Expense": 49000.0,
        "Interest Income": 1241000.0,
        "Normalized Income": -24818000.0,
        "Net Income From Continuing And Discontinued Operation": -24818000.0,
        "Total Expenses": 21829000.0,
        "Total Operating Income As Reported": -30895000.0,
        "Diluted Average Shares": NaN,
        "Basic Average Shares": NaN,
        "Diluted EPS": NaN,
        "Basic EPS": NaN,
        "Diluted NI Availto Com Stockholders": -24818000.0,
        "Net Income Common Stockholders": -24818000.0,
        "Net Income": -24818000.0,
        "Net Income Including Noncontrolling Interests": -24818000.0,
        "Net Income Continuous Operations": -24818000.0,
        "Tax Provision": 164000.0,
        "Pretax Income": -24654000.0,
        "Other Income Expense": -11424000.0,
        "Other Non Operating Income Expenses": 1342000.0,
        "Special Income Charges": NaN,
        "Impairment Of Capital Assets": NaN,
        "Restructuring And Mergern Acquisition": NaN,
        "Net Non Operating Interest Income Expense": 1192000.0,
        "Interest Expense Non Operating": 49000.0,
        "Interest Income Non Operating": 1241000.0,
        "Operating Income": -14422000.0,
        "Operating Expense": 21829000.0,
        "Other Operating Expenses": -3707000.0,
        "Research And Development": 21162000.0,
        "Selling General And Administration": 4374000.0,
        "Total Revenue": 7407000.0,
        "Operating Revenue": 7407000.0
    },
    "2024-03-31": {
        "Tax Effect Of Unusual Items": 0.0,
        "Tax Rate For Calcs": 0.0,
        "Normalized EBITDA": 16294000.0,
        "Total Unusual Items": -1269000.0,
        "Total Unusual Items Excluding Goodwill": -1269000.0,
        "Net Income From Continuing Operation Net Minority Interest": 14383000.0,
        "Reconciled Depreciation": 640000.0,
        "EBITDA": 15025000.0,
        "EBIT": 14385000.0,
        "Net Interest Income": 1329000.0,
        "Interest Expense": 2000.0,
        "Interest Income": 1331000.0,
        "Normalized Income": 15652000.0,
        "Net Income From Continuing And Discontinued Operation": 14383000.0,
        "Total Expenses": 21991000.0,
        "Total Operating Income As Reported": 11106000.0,
        "Diluted Average Shares": 12616667.0,
        "Basic Average Shares": 12506957.0,
        "Diluted EPS": 1.14,
        "Basic EPS": 1.15,
        "Diluted NI Availto Com Stockholders": 14383000.0,
        "Net Income Common Stockholders": 14383000.0,
        "Net Income": 14383000.0,
        "Net Income Including Noncontrolling Interests": 14383000.0,
        "Net Income Continuous Operations": 14383000.0,
        "Tax Provision": 0.0,
        "Pretax Income": 14383000.0,
        "Other Income Expense": -1554000.0,
        "Other Non Operating Income Expenses": -285000.0,
        "Special Income Charges": -1269000.0,
        "Impairment Of Capital Assets": NaN,
        "Restructuring And Mergern Acquisition": 1269000.0,
        "Net Non Operating Interest Income Expense": 1329000.0,
        "Interest Expense Non Operating": 2000.0,
        "Interest Income Non Operating": 1331000.0,
        "Operating Income": 14608000.0,
        "Operating Expense": 21991000.0,
        "Other Operating Expenses": -2233000.0,
        "Research And Development": 20168000.0,
        "Selling General And Administration": 4056000.0,
        "Total Revenue": 36599000.0,
        "Operating Revenue": 36599000.0
    },
    "2024-06-30": {
        "Tax Effect Of Unusual Items": 0.0,
        "Tax Rate For Calcs": 0.0,
        "Normalized EBITDA": -18327000.0,
        "Total Unusual Items": -54000.0,
        "Total Unusual Items Excluding Goodwill": -54000.0,
        "Net Income From Continuing Operation Net Minority Interest": -19095000.0,
        "Reconciled Depreciation": 714000.0,
        "EBITDA": -18381000.0,
        "EBIT": -19095000.0,
        "Net Interest Income": 1073000.0,
        "Interest Expense": 0.0,
        "Interest Income": 1073000.0,
        "Normalized Income": -19041000.0,
        "Net Income From Continuing And Discontinued Operation": -19095000.0,
        "Total Expenses": 21186000.0,
        "Total Operating Income As Reported": -22458000.0,
        "Diluted Average Shares": 12538774.0,
        "Basic Average Shares": 12538774.0,
        "Diluted EPS": -1.52,
        "Basic EPS": -1.52,
        "Diluted NI Availto Com Stockholders": -19095000.0,
        "Net Income Common Stockholders": -19095000.0,
        "Net Income": -19095000.0,
        "Net Income Including Noncontrolling Interests": -19095000.0,
        "Net Income Continuous Operations": -19095000.0,
        "Tax Provision": 0.0,
        "Pretax Income": -19095000.0,
        "Other Income Expense": -272000.0,
        "Other Non Operating Income Expenses": -218000.0,
        "Special Income Charges": -54000.0,
        "Impairment Of Capital Assets": NaN,
        "Restructuring And Mergern Acquisition": 54000.0,
        "Net Non Operating Interest Income Expense": 1073000.0,
        "Interest Expense Non Operating": 0.0,
        "Interest Income Non Operating": 1073000.0,
        "Operating Income": -19896000.0,
        "Operating Expense": 21186000.0,
        "Other Operating Expenses": -2508000.0,
        "Research And Development": 19749000.0,
        "Selling General And Administration": 3945000.0,
        "Total Revenue": 1290000.0,
        "Operating Revenue": 1290000.0
    },
    "2024-09-30": {
        "Tax Effect Of Unusual Items": 0.0,
        "Tax Rate For Calcs": 0.0,
        "Normalized EBITDA": -12091000.0,
        "Total Unusual Items": -1050000.0,
        "Total Unusual Items Excluding Goodwill": -1050000.0,
        "Net Income From Continuing Operation Net Minority Interest": -13841000.0,
        "Reconciled Depreciation": 700000.0,
        "EBITDA": -13141000.0,
        "EBIT": -13841000.0,
        "Net Interest Income": 809000.0,
        "Interest Expense": 0.0,
        "Interest Income": 809000.0,
        "Normalized Income": -12791000.0,
        "Net Income From Continuing And Discontinued Operation": -13841000.0,
        "Total Expenses": 20114000.0,
        "Total Operating Income As Reported": -18644000.0,
        "Diluted Average Shares": 12538774.0,
        "Basic Average Shares": 12538774.0,
        "Diluted EPS": -1.1,
        "Basic EPS": -1.1,
        "Diluted NI Availto Com Stockholders": -13841000.0,
        "Net Income Common Stockholders": -13841000.0,
        "Net Income": -13841000.0,
        "Net Income Including Noncontrolling Interests": -13841000.0,
        "Net Income Continuous Operations": -13841000.0,
        "Tax Provision": 0.0,
        "Pretax Income": -13841000.0,
        "Other Income Expense": 761000.0,
        "Other Non Operating Income Expenses": 1811000.0,
        "Special Income Charges": -1050000.0,
        "Impairment Of Capital Assets": 172000.0,
        "Restructuring And Mergern Acquisition": 878000.0,
        "Net Non Operating Interest Income Expense": 809000.0,
        "Interest Expense Non Operating": 0.0,
        "Interest Income Non Operating": 809000.0,
        "Operating Income": -15411000.0,
        "Operating Expense": 20114000.0,
        "Other Operating Expenses": -2183000.0,
        "Research And Development": 15565000.0,
        "Selling General And Administration": 6732000.0,
        "Total Revenue": 4703000.0,
        "Operating Revenue": 4703000.0
    },
    "2024-12-31": {
        "Tax Effect Of Unusual Items": -18170.098978,
        "Tax Rate For Calcs": 0.004231,
        "Normalized EBITDA": -20062000.0,
        "Total Unusual Items": -4295000.0,
        "Total Unusual Items Excluding Goodwill": -4295000.0,
        "Net Income From Continuing Operation Net Minority Interest": -24950000.0,
        "Reconciled Depreciation": 699000.0,
        "EBITDA": -24357000.0,
        "EBIT": -25056000.0,
        "Net Interest Income": 488000.0,
        "Interest Expense": 0.0,
        "Interest Income": 488000.0,
        "Normalized Income": -20673170.098978,
        "Net Income From Continuing And Discontinued Operation": -24950000.0,
        "Total Expenses": 18046000.0,
        "Total Operating Income As Reported": -21459000.0,
        "Diluted Average Shares": NaN,
        "Basic Average Shares": NaN,
        "Diluted EPS": NaN,
        "Basic EPS": NaN,
        "Diluted NI Availto Com Stockholders": -24950000.0,
        "Net Income Common Stockholders": -24950000.0,
        "Net Income": -24950000.0,
        "Net Income Including Noncontrolling Interests": -24950000.0,
        "Net Income Continuous Operations": -24950000.0,
        "Tax Provision": -106000.0,
        "Pretax Income": -25056000.0,
        "Other Income Expense": -8852000.0,
        "Other Non Operating Income Expenses": -4557000.0,
        "Special Income Charges": -4295000.0,
        "Impairment Of Capital Assets": NaN,
        "Restructuring And Mergern Acquisition": 463000.0,
        "Net Non Operating Interest Income Expense": 488000.0,
        "Interest Expense Non Operating": 0.0,
        "Interest Income Non Operating": 488000.0,
        "Operating Income": -16692000.0,
        "Operating Expense": 18046000.0,
        "Other Operating Expenses": -472000.0,
        "Research And Development": 13025000.0,
        "Selling General And Administration": 5493000.0,
        "Total Revenue": 1354000.0,
        "Operating Revenue": 1354000.0
    },
    "2025-03-31": {
        "Tax Effect Of Unusual Items": 0.0,
        "Tax Rate For Calcs": 0.0,
        "Normalized EBITDA": -14905000.0,
        "Total Unusual Items": -133000.0,
        "Total Unusual Items Excluding Goodwill": -133000.0,
        "Net Income From Continuing Operation Net Minority Interest": -15427000.0,
        "Reconciled Depreciation": 389000.0,
        "EBITDA": -15038000.0,
        "EBIT": -15427000.0,
        "Net Interest Income": 236000.0,
        "Interest Expense": 0.0,
        "Interest Income": 236000.0,
        "Normalized Income": -15294000.0,
        "Net Income From Continuing And Discontinued Operation": -15427000.0,
        "Total Expenses": 19518000.0,
        "Total Operating Income As Reported": -17874000.0,
        "Diluted Average Shares": 12542276.0,
        "Basic Average Shares": 12542276.0,
        "Diluted EPS": -1.23,
        "Basic EPS": -1.23,
        "Diluted NI Availto Com Stockholders": -15427000.0,
        "Net Income Common Stockholders": -15427000.0,
        "Net Income": -15427000.0,
        "Net Income Including Noncontrolling Interests": -15427000.0,
        "Net Income Continuous Operations": -15427000.0,
        "Tax Provision": 0.0,
        "Pretax Income": -15427000.0,
        "Other Income Expense": 1851000.0,
        "Other Non Operating Income Expenses": 1984000.0,
        "Special Income Charges": -133000.0,
        "Impairment Of Capital Assets": NaN,
        "Restructuring And Mergern Acquisition": 133000.0,
        "Net Non Operating Interest Income Expense": 236000.0,
        "Interest Expense Non Operating": 0.0,
        "Interest Income Non Operating": 236000.0,
        "Operating Income": -17514000.0,
        "Operating Expense": 19518000.0,
        "Other Operating Expenses": -227000.0,
        "Research And Development": 12859000.0,
        "Selling General And Administration": 6886000.0,
        "Total Revenue": 2004000.0,
        "Operating Revenue": 2004000.0
    }
}