{
    "2023-03-31": {
        "Tax Effect Of Unusual Items": NaN,
        "Tax Rate For Calcs": NaN,
        "Normalized EBITDA": NaN,
        "Total Unusual Items": NaN,
        "Total Unusual Items Excluding Goodwill": NaN,
        "Net Income From Continuing Operation Net Minority Interest": NaN,
        "EBITDA": NaN,
        "EBIT": NaN,
        "Normalized Income": NaN,
        "Net Income From Continuing And Discontinued Operation": NaN,
        "Total Expenses": NaN,
        "Rent Expense Supplemental": 15120.0,
        "Total Operating Income As Reported": NaN,
        "Diluted Average Shares": NaN,
        "Basic Average Shares": NaN,
        "Diluted EPS": NaN,
        "Basic EPS": NaN,
        "Diluted NI Availto Com Stockholders": NaN,
        "Net Income Common Stockholders": NaN,
        "Net Income": NaN,
        "Net Income Including Noncontrolling Interests": NaN,
        "Net Income Continuous Operations": NaN,
        "Pretax Income": NaN,
        "Other Income Expense": NaN,
        "Other Non Operating Income Expenses": NaN,
        "Earnings From Equity Interest": NaN,
        "Gain On Sale Of Security": NaN,
        "Operating Income": NaN,
        "Operating Expense": NaN,
        "Research And Development": NaN,
        "Selling General And Administration": NaN,
        "General And Administrative Expense": NaN,
        "Other Gand A": NaN,
        "Rent And Landing Fees": 15120.0,
        "Salaries And Wages": 295564.0,
        "Total Revenue": NaN,
        "Operating Revenue": NaN
    },
    "2022-12-31": {
        "Tax Effect Of Unusual Items": NaN,
        "Tax Rate For Calcs": NaN,
        "Normalized EBITDA": NaN,
        "Total Unusual Items": NaN,
        "Total Unusual Items Excluding Goodwill": NaN,
        "Net Income From Continuing Operation Net Minority Interest": NaN,
        "EBITDA": NaN,
        "EBIT": NaN,
        "Normalized Income": NaN,
        "Net Income From Continuing And Discontinued Operation": NaN,
        "Total Expenses": NaN,
        "Rent Expense Supplemental": 19722.0,
        "Total Operating Income As Reported": NaN,
        "Diluted Average Shares": NaN,
        "Basic Average Shares": NaN,
        "Diluted EPS": NaN,
        "Basic EPS": NaN,
        "Diluted NI Availto Com Stockholders": NaN,
        "Net Income Common Stockholders": NaN,
        "Net Income": NaN,
        "Net Income Including Noncontrolling Interests": NaN,
        "Net Income Continuous Operations": NaN,
        "Pretax Income": NaN,
        "Other Income Expense": NaN,
        "Other Non Operating Income Expenses": 410309.0,
        "Earnings From Equity Interest": NaN,
        "Gain On Sale Of Security": NaN,
        "Operating Income": NaN,
        "Operating Expense": NaN,
        "Research And Development": NaN,
        "Selling General And Administration": NaN,
        "General And Administrative Expense": NaN,
        "Other Gand A": NaN,
        "Rent And Landing Fees": 19722.0,
        "Salaries And Wages": 766982.0,
        "Total Revenue": NaN,
        "Operating Revenue": NaN
    },
    "2022-09-30": {
        "Tax Effect Of Unusual Items": NaN,
        "Tax Rate For Calcs": NaN,
        "Normalized EBITDA": NaN,
        "Total Unusual Items": NaN,
        "Total Unusual Items Excluding Goodwill": NaN,
        "Net Income From Continuing Operation Net Minority Interest": NaN,
        "EBITDA": NaN,
        "EBIT": NaN,
        "Normalized Income": NaN,
        "Net Income From Continuing And Discontinued Operation": NaN,
        "Total Expenses": NaN,
        "Rent Expense Supplemental": 17625.0,
        "Total Operating Income As Reported": NaN,
        "Diluted Average Shares": 1288481.0,
        "Basic Average Shares": 1288481.0,
        "Diluted EPS": -2.05,
        "Basic EPS": -2.05,
        "Diluted NI Availto Com Stockholders": NaN,
        "Net Income Common Stockholders": NaN,
        "Net Income": NaN,
        "Net Income Including Noncontrolling Interests": NaN,
        "Net Income Continuous Operations": NaN,
        "Pretax Income": NaN,
        "Other Income Expense": NaN,
        "Other Non Operating Income Expenses": -592.0,
        "Earnings From Equity Interest": NaN,
        "Gain On Sale Of Security": NaN,
        "Operating Income": NaN,
        "Operating Expense": NaN,
        "Research And Development": NaN,
        "Selling General And Administration": NaN,
        "General And Administrative Expense": NaN,
        "Other Gand A": NaN,
        "Rent And Landing Fees": 17625.0,
        "Salaries And Wages": 348754.0,
        "Total Revenue": NaN,
        "Operating Revenue": NaN
    },
    "2022-06-30": {
        "Tax Effect Of Unusual Items": 0.0,
        "Tax Rate For Calcs": 0.0,
        "Normalized EBITDA": -1944363.0,
        "Total Unusual Items": -355184.0,
        "Total Unusual Items Excluding Goodwill": -355184.0,
        "Net Income From Continuing Operation Net Minority Interest": -2677593.0,
        "EBITDA": -2299547.0,
        "EBIT": -2299547.0,
        "Normalized Income": -2322409.0,
        "Net Income From Continuing And Discontinued Operation": -2677593.0,
        "Total Expenses": 2299547.0,
        "Rent Expense Supplemental": 15591.0,
        "Total Operating Income As Reported": -2299547.0,
        "Diluted Average Shares": 1241398.0,
        "Basic Average Shares": 1241398.0,
        "Diluted EPS": -2.16,
        "Basic EPS": -2.16,
        "Diluted NI Availto Com Stockholders": -2677593.0,
        "Net Income Common Stockholders": -2677593.0,
        "Net Income": -2677593.0,
        "Net Income Including Noncontrolling Interests": -2677593.0,
        "Net Income Continuous Operations": -2677593.0,
        "Pretax Income": -2677593.0,
        "Other Income Expense": -378046.0,
        "Other Non Operating Income Expenses": -262.0,
        "Earnings From Equity Interest": -22600.0,
        "Gain On Sale Of Security": -355184.0,
        "Operating Income": -2299547.0,
        "Operating Expense": 2299547.0,
        "Research And Development": 1007635.0,
        "Selling General And Administration": 1291912.0,
        "General And Administrative Expense": 1291912.0,
        "Other Gand A": 761231.0,
        "Rent And Landing Fees": 15591.0,
        "Salaries And Wages": 515090.0,
        "Total Revenue": 0.0,
        "Operating Revenue": 0.0
    },
    "2022-03-31": {
        "Diluted EPS": -2.68,
        "Total Revenue": NaN,
        "Gross Profit": NaN,
        "Operating Income": -3,
        "EBIT": -3,
        "Net Income": -3
    },
    "2021-12-31": {
        "Diluted EPS": -3.07,
        "Total Revenue": NaN,
        "Gross Profit": NaN,
        "Operating Income": -3,
        "EBIT": -3,
        "Net Income": -3
    },
    "2021-09-30": {
        "Diluted EPS": -3.45,
        "Total Revenue": NaN,
        "Gross Profit": NaN,
        "Operating Income": -3,
        "EBIT": -3,
        "Net Income": -3
    },
    "2021-06-30": {
        "Diluted EPS": -3.5,
        "Total Revenue": NaN,
        "Gross Profit": NaN,
        "Operating Income": -3,
        "EBIT": -3,
        "Net Income": -3
    },
    "2021-03-31": {
        "Diluted EPS": -6.0,
        "Total Revenue": NaN,
        "Gross Profit": NaN,
        "Operating Income": -4,
        "EBIT": -4,
        "Net Income": -4
    },
    "2020-12-31": {
        "Diluted EPS": -1.0,
        "Total Revenue": NaN,
        "Gross Profit": NaN,
        "Operating Income": -1,
        "EBIT": -1,
        "Net Income": -1
    },
    "2020-09-30": {
        "Diluted EPS": -4.0,
        "Total Revenue": NaN,
        "Gross Profit": NaN,
        "Operating Income": -2,
        "EBIT": -2,
        "Net Income": -2
    },
    "2020-06-30": {
        "Diluted EPS": -5.0,
        "Total Revenue": NaN,
        "Gross Profit": NaN,
        "Operating Income": -3,
        "EBIT": -3,
        "Net Income": -2
    },
    "2020-03-31": {
        "Diluted EPS": -4.5,
        "Total Revenue": NaN,
        "Gross Profit": NaN,
        "Operating Income": -2,
        "EBIT": -2,
        "Net Income": -2
    },
    "2019-12-31": {
        "Diluted EPS": -10.5,
        "Total Revenue": NaN,
        "Gross Profit": NaN,
        "Operating Income": -4,
        "EBIT": -4,
        "Net Income": -4
    },
    "2019-09-30": {
        "Diluted EPS": -4.25,
        "Total Revenue": NaN,
        "Gross Profit": NaN,
        "Operating Income": -2,
        "EBIT": -2,
        "Net Income": -2
    },
    "2019-06-30": {
        "Diluted EPS": -3.25,
        "Total Revenue": NaN,
        "Gross Profit": NaN,
        "Operating Income": -1,
        "EBIT": -1,
        "Net Income": -1
    },
    "2019-03-31": {
        "Diluted EPS": -3.0,
        "Total Revenue": NaN,
        "Gross Profit": NaN,
        "Operating Income": -1,
        "EBIT": -1,
        "Net Income": -1
    },
    "2018-12-31": {
        "Diluted EPS": -3.0,
        "Total Revenue": NaN,
        "Gross Profit": NaN,
        "Operating Income": -1,
        "EBIT": -1,
        "Net Income": -1
    },
    "2018-09-30": {
        "Diluted EPS": -3.0,
        "Total Revenue": NaN,
        "Gross Profit": NaN,
        "Operating Income": -1,
        "EBIT": -1,
        "Net Income": -1
    },
    "2018-06-30": {
        "Diluted EPS": -3.75,
        "Total Revenue": NaN,
        "Gross Profit": NaN,
        "Operating Income": -1,
        "EBIT": -1,
        "Net Income": -1
    },
    "2018-03-31": {
        "Diluted EPS": -2.75,
        "Total Revenue": NaN,
        "Gross Profit": NaN,
        "Operating Income": -1,
        "EBIT": -1,
        "Net Income": -1
    },
    "2017-12-31": {
        "Diluted EPS": 0.0,
        "Total Revenue": NaN,
        "Gross Profit": NaN,
        "Operating Income": NaN,
        "EBIT": NaN,
        "Net Income": NaN
    },
    "2023-06-30": {
        "Tax Effect Of Unusual Items": NaN,
        "Tax Rate For Calcs": NaN,
        "Normalized EBITDA": NaN,
        "Total Unusual Items": NaN,
        "Total Unusual Items Excluding Goodwill": NaN,
        "Net Income From Continuing Operation Net Minority Interest": NaN,
        "EBITDA": NaN,
        "EBIT": NaN,
        "Normalized Income": NaN,
        "Net Income From Continuing And Discontinued Operation": NaN,
        "Total Expenses": NaN,
        "Rent Expense Supplemental": 7897.0,
        "Total Operating Income As Reported": NaN,
        "Diluted Average Shares": 3302113.0,
        "Basic Average Shares": 3302113.0,
        "Diluted EPS": -0.57,
        "Basic EPS": -0.57,
        "Diluted NI Availto Com Stockholders": NaN,
        "Net Income Common Stockholders": NaN,
        "Net Income": NaN,
        "Net Income Including Noncontrolling Interests": NaN,
        "Net Income Continuous Operations": NaN,
        "Pretax Income": NaN,
        "Other Income Expense": NaN,
        "Other Non Operating Income Expenses": NaN,
        "Earnings From Equity Interest": NaN,
        "Gain On Sale Of Security": NaN,
        "Operating Income": NaN,
        "Operating Expense": NaN,
        "Research And Development": NaN,
        "Selling General And Administration": NaN,
        "General And Administrative Expense": NaN,
        "Other Gand A": NaN,
        "Rent And Landing Fees": 7897.0,
        "Salaries And Wages": 518476.0,
        "Total Revenue": NaN,
        "Operating Revenue": NaN
    },
    "2023-09-30": {
        "Tax Effect Of Unusual Items": NaN,
        "Tax Rate For Calcs": NaN,
        "Normalized EBITDA": NaN,
        "Total Unusual Items": NaN,
        "Total Unusual Items Excluding Goodwill": NaN,
        "Net Income From Continuing Operation Net Minority Interest": NaN,
        "Reconciled Depreciation": NaN,
        "EBITDA": NaN,
        "EBIT": NaN,
        "Normalized Income": NaN,
        "Net Income From Continuing And Discontinued Operation": NaN,
        "Total Expenses": NaN,
        "Rent Expense Supplemental": 6752.0,
        "Total Operating Income As Reported": NaN,
        "Diluted Average Shares": 3483735.0,
        "Basic Average Shares": 3483735.0,
        "Diluted EPS": -0.6,
        "Basic EPS": -0.6,
        "Diluted NI Availto Com Stockholders": NaN,
        "Net Income Common Stockholders": NaN,
        "Net Income": NaN,
        "Net Income Including Noncontrolling Interests": NaN,
        "Net Income Continuous Operations": NaN,
        "Pretax Income": NaN,
        "Other Income Expense": NaN,
        "Other Non Operating Income Expenses": 786.0,
        "Earnings From Equity Interest": NaN,
        "Gain On Sale Of Security": NaN,
        "Operating Income": NaN,
        "Operating Expense": NaN,
        "Research And Development": NaN,
        "Selling General And Administration": NaN,
        "General And Administrative Expense": NaN,
        "Other Gand A": NaN,
        "Rent And Landing Fees": 6752.0,
        "Salaries And Wages": 566139.0,
        "Total Revenue": NaN,
        "Operating Revenue": NaN
    },
    "2023-12-31": {
        "Tax Effect Of Unusual Items": 0.0,
        "Tax Rate For Calcs": 0.0,
        "Normalized EBITDA": -1688968.0,
        "Total Unusual Items": -8848.0,
        "Total Unusual Items Excluding Goodwill": -8848.0,
        "Net Income From Continuing Operation Net Minority Interest": -1702269.0,
        "EBITDA": -1697816.0,
        "EBIT": -1697816.0,
        "Normalized Income": -1693421.0,
        "Net Income From Continuing And Discontinued Operation": -1702269.0,
        "Total Expenses": 1697816.0,
        "Rent Expense Supplemental": NaN,
        "Total Operating Income As Reported": -1697816.0,
        "Diluted Average Shares": NaN,
        "Basic Average Shares": NaN,
        "Diluted EPS": NaN,
        "Basic EPS": NaN,
        "Diluted NI Availto Com Stockholders": -1702269.0,
        "Net Income Common Stockholders": -1702269.0,
        "Net Income": -1702269.0,
        "Net Income Including Noncontrolling Interests": -1702269.0,
        "Net Income Continuous Operations": -1702269.0,
        "Pretax Income": -1702269.0,
        "Other Income Expense": -5234.0,
        "Other Non Operating Income Expenses": NaN,
        "Earnings From Equity Interest": 4400.0,
        "Gain On Sale Of Security": -8848.0,
        "Operating Income": -1697816.0,
        "Operating Expense": 1697816.0,
        "Research And Development": 914599.0,
        "Selling General And Administration": 783217.0,
        "General And Administrative Expense": 783217.0,
        "Other Gand A": 2193165.0,
        "Rent And Landing Fees": NaN,
        "Salaries And Wages": NaN,
        "Total Revenue": 0.0,
        "Operating Revenue": 0.0
    },
    "2024-03-31": {
        "Tax Effect Of Unusual Items": NaN,
        "Tax Rate For Calcs": NaN,
        "Normalized EBITDA": NaN,
        "Total Unusual Items": NaN,
        "Total Unusual Items Excluding Goodwill": NaN,
        "Net Income From Continuing Operation Net Minority Interest": NaN,
        "Reconciled Depreciation": 0.0,
        "EBITDA": NaN,
        "EBIT": NaN,
        "Normalized Income": NaN,
        "Net Income From Continuing And Discontinued Operation": NaN,
        "Total Expenses": NaN,
        "Rent Expense Supplemental": NaN,
        "Total Operating Income As Reported": NaN,
        "Diluted Average Shares": 4398909.0,
        "Basic Average Shares": 4398909.0,
        "Diluted EPS": -0.49,
        "Basic EPS": -0.49,
        "Diluted NI Availto Com Stockholders": NaN,
        "Net Income Common Stockholders": NaN,
        "Net Income": NaN,
        "Net Income Including Noncontrolling Interests": NaN,
        "Net Income Continuous Operations": NaN,
        "Pretax Income": NaN,
        "Other Income Expense": NaN,
        "Earnings From Equity Interest": NaN,
        "Gain On Sale Of Security": NaN,
        "Operating Income": NaN,
        "Operating Expense": NaN,
        "Research And Development": NaN,
        "Selling General And Administration": NaN,
        "General And Administrative Expense": NaN,
        "Other Gand A": NaN,
        "Rent And Landing Fees": NaN,
        "Total Revenue": NaN,
        "Operating Revenue": NaN
    },
    "2024-06-30": {
        "Tax Effect Of Unusual Items": 0.0,
        "Tax Rate For Calcs": 0.0,
        "Normalized EBITDA": -1440390.0,
        "Total Unusual Items": 13365.0,
        "Total Unusual Items Excluding Goodwill": 13365.0,
        "Net Income From Continuing Operation Net Minority Interest": -1710164.0,
        "Reconciled Depreciation": NaN,
        "EBITDA": -1427025.0,
        "EBIT": -1427025.0,
        "Normalized Income": -1723529.0,
        "Net Income From Continuing And Discontinued Operation": -1710164.0,
        "Total Expenses": 1427025.0,
        "Rent Expense Supplemental": 11000.0,
        "Total Operating Income As Reported": -1723529.0,
        "Diluted Average Shares": 6876331.0,
        "Basic Average Shares": 6876331.0,
        "Diluted EPS": -0.25,
        "Basic EPS": -0.25,
        "Diluted NI Availto Com Stockholders": -1710164.0,
        "Net Income Common Stockholders": -1710164.0,
        "Net Income": -1710164.0,
        "Net Income Including Noncontrolling Interests": -1413660.0,
        "Net Income Continuous Operations": -1413660.0,
        "Pretax Income": -1413660.0,
        "Other Income Expense": 13365.0,
        "Earnings From Equity Interest": 0.0,
        "Gain On Sale Of Security": 13365.0,
        "Operating Income": -1427025.0,
        "Operating Expense": 1427025.0,
        "Research And Development": 644025.0,
        "Selling General And Administration": 783000.0,
        "General And Administrative Expense": 783000.0,
        "Other Gand A": 772000.0,
        "Rent And Landing Fees": 11000.0,
        "Total Revenue": 0.0,
        "Operating Revenue": 0.0
    },
    "2024-09-30": {
        "Tax Effect Of Unusual Items": 0.0,
        "Tax Rate For Calcs": 0.0,
        "Normalized EBITDA": -2132453.0,
        "Total Unusual Items": 200.0,
        "Total Unusual Items Excluding Goodwill": 200.0,
        "Net Income From Continuing Operation Net Minority Interest": -2132053.0,
        "Reconciled Depreciation": NaN,
        "EBITDA": -2132253.0,
        "EBIT": -2132253.0,
        "Normalized Income": -2132253.0,
        "Net Income From Continuing And Discontinued Operation": -2132053.0,
        "Total Expenses": 2132253.0,
        "Rent Expense Supplemental": NaN,
        "Total Operating Income As Reported": -2132253.0,
        "Diluted Average Shares": 6903804.0,
        "Basic Average Shares": 6903804.0,
        "Diluted EPS": -0.31,
        "Basic EPS": -0.31,
        "Diluted NI Availto Com Stockholders": -2132053.0,
        "Net Income Common Stockholders": -2132053.0,
        "Net Income": -2132053.0,
        "Net Income Including Noncontrolling Interests": -2132053.0,
        "Net Income Continuous Operations": -2132053.0,
        "Pretax Income": -2132053.0,
        "Other Income Expense": 200.0,
        "Earnings From Equity Interest": 0.0,
        "Gain On Sale Of Security": 200.0,
        "Operating Income": -2132253.0,
        "Operating Expense": 2132253.0,
        "Research And Development": 897510.0,
        "Selling General And Administration": 1234743.0,
        "General And Administrative Expense": 1234743.0,
        "Other Gand A": 1234743.0,
        "Rent And Landing Fees": NaN,
        "Total Revenue": 0.0,
        "Operating Revenue": 0.0
    },
    "2024-12-31": {
        "Tax Effect Of Unusual Items": 0.0,
        "Tax Rate For Calcs": 0.0,
        "Normalized EBITDA": -2383374.0,
        "Total Unusual Items": 192.0,
        "Total Unusual Items Excluding Goodwill": 192.0,
        "Net Income From Continuing Operation Net Minority Interest": -2382990.0,
        "Reconciled Depreciation": NaN,
        "EBITDA": -2383182.0,
        "EBIT": -2383182.0,
        "Normalized Income": -2383182.0,
        "Net Income From Continuing And Discontinued Operation": -2382990.0,
        "Total Expenses": 2383182.0,
        "Rent Expense Supplemental": NaN,
        "Total Operating Income As Reported": -2383182.0,
        "Diluted Average Shares": NaN,
        "Basic Average Shares": NaN,
        "Diluted EPS": NaN,
        "Basic EPS": NaN,
        "Diluted NI Availto Com Stockholders": -2382990.0,
        "Net Income Common Stockholders": -2382990.0,
        "Net Income": -2382990.0,
        "Net Income Including Noncontrolling Interests": -2382990.0,
        "Net Income Continuous Operations": -2382990.0,
        "Pretax Income": -2382990.0,
        "Other Income Expense": 192.0,
        "Earnings From Equity Interest": 0.0,
        "Gain On Sale Of Security": 192.0,
        "Operating Income": -2383182.0,
        "Operating Expense": 2383182.0,
        "Research And Development": 1319355.0,
        "Selling General And Administration": 1063827.0,
        "General And Administrative Expense": 1063827.0,
        "Other Gand A": 1063827.0,
        "Rent And Landing Fees": NaN,
        "Total Revenue": 0.0,
        "Operating Revenue": 0.0
    },
    "2025-03-31": {
        "Tax Effect Of Unusual Items": 0.0,
        "Tax Rate For Calcs": 0.0,
        "Normalized EBITDA": -3471844.0,
        "Total Unusual Items": 181.0,
        "Total Unusual Items Excluding Goodwill": 181.0,
        "Net Income From Continuing Operation Net Minority Interest": -3475836.0,
        "Reconciled Depreciation": 4354.0,
        "EBITDA": -3471663.0,
        "EBIT": -3476017.0,
        "Normalized Income": -3476017.0,
        "Net Income From Continuing And Discontinued Operation": -3475836.0,
        "Total Expenses": 3476017.0,
        "Rent Expense Supplemental": NaN,
        "Total Operating Income As Reported": -3476017.0,
        "Diluted Average Shares": 12727581.0,
        "Basic Average Shares": 12727581.0,
        "Diluted EPS": -0.27,
        "Basic EPS": -0.27,
        "Diluted NI Availto Com Stockholders": -3475836.0,
        "Net Income Common Stockholders": -3475836.0,
        "Net Income": -3475836.0,
        "Net Income Including Noncontrolling Interests": -3475836.0,
        "Net Income Continuous Operations": -3475836.0,
        "Pretax Income": -3475836.0,
        "Other Income Expense": 181.0,
        "Earnings From Equity Interest": 0.0,
        "Gain On Sale Of Security": 181.0,
        "Operating Income": -3476017.0,
        "Operating Expense": 3476017.0,
        "Research And Development": 1958602.0,
        "Selling General And Administration": 1517415.0,
        "General And Administrative Expense": 1517415.0,
        "Other Gand A": 1517415.0,
        "Rent And Landing Fees": NaN,
        "Total Revenue": 0.0,
        "Operating Revenue": 0.0
    },
    "2025-06-30": {
        "Tax Effect Of Unusual Items": 0.0,
        "Tax Rate For Calcs": 0.0,
        "Normalized EBITDA": -1991886.0,
        "Total Unusual Items": 173.0,
        "Total Unusual Items Excluding Goodwill": 173.0,
        "Net Income From Continuing Operation Net Minority Interest": -2199476.0,
        "Reconciled Depreciation": NaN,
        "EBITDA": -1991713.0,
        "EBIT": -1991713.0,
        "Normalized Income": -2199649.0,
        "Net Income From Continuing And Discontinued Operation": -2199476.0,
        "Total Expenses": 1991713.0,
        "Rent Expense Supplemental": 13000.0,
        "Total Operating Income As Reported": -2199649.0,
        "Diluted Average Shares": 13180243.0,
        "Basic Average Shares": 13180243.0,
        "Diluted EPS": -0.17,
        "Basic EPS": -0.17,
        "Diluted NI Availto Com Stockholders": -2199476.0,
        "Net Income Common Stockholders": -2199476.0,
        "Net Income": -2199476.0,
        "Net Income Including Noncontrolling Interests": -1991540.0,
        "Net Income Continuous Operations": -1991540.0,
        "Pretax Income": -1991540.0,
        "Other Income Expense": 173.0,
        "Earnings From Equity Interest": 0.0,
        "Gain On Sale Of Security": 173.0,
        "Operating Income": -1991713.0,
        "Operating Expense": 1991713.0,
        "Research And Development": 1039713.0,
        "Selling General And Administration": 952000.0,
        "General And Administrative Expense": 952000.0,
        "Other Gand A": 939000.0,
        "Rent And Landing Fees": 13000.0,
        "Total Revenue": 0.0,
        "Operating Revenue": 0.0
    }
}