{
    "2023-06-30": {
        "Tax Effect Of Unusual Items": -3000000.0,
        "Tax Rate For Calcs": 0.3,
        "Normalized EBITDA": 120000000.0,
        "Total Unusual Items": -10000000.0,
        "Total Unusual Items Excluding Goodwill": -10000000.0,
        "Net Income From Continuing Operation Net Minority Interest": 19000000.0,
        "Reconciled Depreciation": 49000000.0,
        "Reconciled Cost Of Revenue": 1092000000.0,
        "EBITDA": 110000000.0,
        "EBIT": 61000000.0,
        "Net Interest Income": -39000000.0,
        "Interest Expense": 39000000.0,
        "Normalized Income": 26000000.0,
        "Net Income From Continuing And Discontinued Operation": 19000000.0,
        "Total Expenses": 1600000000.0,
        "Diluted Average Shares": 111300000.0,
        "Basic Average Shares": 110400000.0,
        "Diluted EPS": 0.17,
        "Basic EPS": 0.17,
        "Diluted NI Availto Com Stockholders": 19000000.0,
        "Net Income Common Stockholders": 19000000.0,
        "Net Income": 19000000.0,
        "Minority Interests": 0.0,
        "Net Income Including Noncontrolling Interests": 19000000.0,
        "Net Income Continuous Operations": 19000000.0,
        "Earnings From Equity Interest Net Of Tax": 5000000.0,
        "Tax Provision": 8000000.0,
        "Pretax Income": 22000000.0,
        "Other Income Expense": -10000000.0,
        "Other Non Operating Income Expenses": NaN,
        "Special Income Charges": -10000000.0,
        "Other Special Charges": NaN,
        "Impairment Of Capital Assets": 4000000.0,
        "Restructuring And Mergern Acquisition": 6000000.0,
        "Net Non Operating Interest Income Expense": -39000000.0,
        "Interest Expense Non Operating": 39000000.0,
        "Operating Income": 71000000.0,
        "Operating Expense": 508000000.0,
        "Other Operating Expenses": 299000000.0,
        "Depreciation Amortization Depletion Income Statement": 49000000.0,
        "Depreciation And Amortization In Income Statement": 49000000.0,
        "Selling General And Administration": 160000000.0,
        "Selling And Marketing Expense": 56000000.0,
        "General And Administrative Expense": 104000000.0,
        "Other Gand A": 104000000.0,
        "Gross Profit": 579000000.0,
        "Cost Of Revenue": 1092000000.0,
        "Total Revenue": 1671000000.0,
        "Operating Revenue": 1628000000.0
    },
    "2023-03-31": {
        "Tax Effect Of Unusual Items": NaN,
        "Tax Rate For Calcs": NaN,
        "Normalized EBITDA": NaN,
        "Total Unusual Items": NaN,
        "Total Unusual Items Excluding Goodwill": NaN,
        "Net Income From Continuing Operation Net Minority Interest": NaN,
        "Reconciled Depreciation": NaN,
        "Reconciled Cost Of Revenue": NaN,
        "EBITDA": NaN,
        "EBIT": NaN,
        "Net Interest Income": NaN,
        "Interest Expense": NaN,
        "Normalized Income": NaN,
        "Net Income From Continuing And Discontinued Operation": NaN,
        "Total Expenses": NaN,
        "Diluted Average Shares": NaN,
        "Basic Average Shares": NaN,
        "Diluted EPS": NaN,
        "Basic EPS": NaN,
        "Diluted NI Availto Com Stockholders": NaN,
        "Net Income Common Stockholders": NaN,
        "Net Income": NaN,
        "Minority Interests": NaN,
        "Net Income Including Noncontrolling Interests": NaN,
        "Net Income Continuous Operations": NaN,
        "Earnings From Equity Interest Net Of Tax": NaN,
        "Tax Provision": NaN,
        "Pretax Income": NaN,
        "Other Income Expense": NaN,
        "Other Non Operating Income Expenses": -15000000.0,
        "Special Income Charges": NaN,
        "Other Special Charges": NaN,
        "Impairment Of Capital Assets": NaN,
        "Restructuring And Mergern Acquisition": NaN,
        "Net Non Operating Interest Income Expense": NaN,
        "Interest Expense Non Operating": NaN,
        "Operating Income": NaN,
        "Operating Expense": NaN,
        "Other Operating Expenses": NaN,
        "Depreciation Amortization Depletion Income Statement": NaN,
        "Depreciation And Amortization In Income Statement": NaN,
        "Selling General And Administration": NaN,
        "Selling And Marketing Expense": NaN,
        "General And Administrative Expense": NaN,
        "Other Gand A": NaN,
        "Gross Profit": NaN,
        "Cost Of Revenue": NaN,
        "Total Revenue": NaN,
        "Operating Revenue": NaN
    },
    "2022-12-31": {
        "Tax Effect Of Unusual Items": NaN,
        "Tax Rate For Calcs": NaN,
        "Normalized EBITDA": NaN,
        "Total Unusual Items": NaN,
        "Total Unusual Items Excluding Goodwill": NaN,
        "Net Income From Continuing Operation Net Minority Interest": NaN,
        "Reconciled Depreciation": NaN,
        "Reconciled Cost Of Revenue": NaN,
        "EBITDA": NaN,
        "EBIT": NaN,
        "Net Interest Income": NaN,
        "Interest Expense": NaN,
        "Normalized Income": NaN,
        "Net Income From Continuing And Discontinued Operation": NaN,
        "Total Expenses": NaN,
        "Diluted Average Shares": NaN,
        "Basic Average Shares": NaN,
        "Diluted EPS": NaN,
        "Basic EPS": NaN,
        "Diluted NI Availto Com Stockholders": NaN,
        "Net Income Common Stockholders": NaN,
        "Net Income": NaN,
        "Minority Interests": NaN,
        "Net Income Including Noncontrolling Interests": NaN,
        "Net Income Continuous Operations": NaN,
        "Earnings From Equity Interest Net Of Tax": NaN,
        "Tax Provision": NaN,
        "Pretax Income": NaN,
        "Other Income Expense": NaN,
        "Other Non Operating Income Expenses": 0.0,
        "Special Income Charges": NaN,
        "Other Special Charges": 4000000.0,
        "Impairment Of Capital Assets": NaN,
        "Restructuring And Mergern Acquisition": NaN,
        "Net Non Operating Interest Income Expense": NaN,
        "Interest Expense Non Operating": NaN,
        "Operating Income": NaN,
        "Operating Expense": NaN,
        "Other Operating Expenses": NaN,
        "Depreciation Amortization Depletion Income Statement": NaN,
        "Depreciation And Amortization In Income Statement": NaN,
        "Selling General And Administration": NaN,
        "Selling And Marketing Expense": NaN,
        "General And Administrative Expense": NaN,
        "Other Gand A": NaN,
        "Gross Profit": NaN,
        "Cost Of Revenue": NaN,
        "Total Revenue": NaN,
        "Operating Revenue": NaN
    },
    "2022-09-30": {
        "Tax Effect Of Unusual Items": NaN,
        "Tax Rate For Calcs": NaN,
        "Normalized EBITDA": NaN,
        "Total Unusual Items": NaN,
        "Total Unusual Items Excluding Goodwill": NaN,
        "Net Income From Continuing Operation Net Minority Interest": NaN,
        "Reconciled Depreciation": NaN,
        "Reconciled Cost Of Revenue": NaN,
        "EBITDA": NaN,
        "EBIT": NaN,
        "Net Interest Income": NaN,
        "Interest Expense": NaN,
        "Normalized Income": NaN,
        "Net Income From Continuing And Discontinued Operation": NaN,
        "Total Expenses": NaN,
        "Diluted Average Shares": NaN,
        "Basic Average Shares": NaN,
        "Diluted EPS": NaN,
        "Basic EPS": NaN,
        "Diluted NI Availto Com Stockholders": NaN,
        "Net Income Common Stockholders": NaN,
        "Net Income": NaN,
        "Minority Interests": NaN,
        "Net Income Including Noncontrolling Interests": NaN,
        "Net Income Continuous Operations": NaN,
        "Earnings From Equity Interest Net Of Tax": NaN,
        "Tax Provision": NaN,
        "Pretax Income": NaN,
        "Other Income Expense": NaN,
        "Other Non Operating Income Expenses": 1000000.0,
        "Special Income Charges": NaN,
        "Other Special Charges": NaN,
        "Impairment Of Capital Assets": NaN,
        "Restructuring And Mergern Acquisition": NaN,
        "Net Non Operating Interest Income Expense": NaN,
        "Interest Expense Non Operating": NaN,
        "Operating Income": NaN,
        "Operating Expense": NaN,
        "Other Operating Expenses": NaN,
        "Depreciation Amortization Depletion Income Statement": NaN,
        "Depreciation And Amortization In Income Statement": NaN,
        "Selling General And Administration": NaN,
        "Selling And Marketing Expense": NaN,
        "General And Administrative Expense": NaN,
        "Other Gand A": NaN,
        "Gross Profit": NaN,
        "Cost Of Revenue": NaN,
        "Total Revenue": NaN,
        "Operating Revenue": NaN
    },
    "2022-06-30": {
        "Tax Effect Of Unusual Items": -761904.761905,
        "Tax Rate For Calcs": 0.253968,
        "Normalized EBITDA": 212000000.0,
        "Total Unusual Items": -3000000.0,
        "Total Unusual Items Excluding Goodwill": -3000000.0,
        "Net Income From Continuing Operation Net Minority Interest": 88000000.0,
        "Reconciled Depreciation": 55000000.0,
        "Reconciled Cost Of Revenue": 1402000000.0,
        "EBITDA": 209000000.0,
        "EBIT": 154000000.0,
        "Net Interest Income": -28000000.0,
        "Interest Expense": 28000000.0,
        "Normalized Income": 90238095.238095,
        "Net Income From Continuing And Discontinued Operation": 88000000.0,
        "Total Expenses": 1992000000.0,
        "Diluted Average Shares": 117800000.0,
        "Basic Average Shares": 116500000.0,
        "Diluted EPS": 0.75,
        "Basic EPS": 0.76,
        "Diluted NI Availto Com Stockholders": 88000000.0,
        "Net Income Common Stockholders": 88000000.0,
        "Net Income": 88000000.0,
        "Minority Interests": -2000000.0,
        "Net Income Including Noncontrolling Interests": 90000000.0,
        "Net Income Continuous Operations": 90000000.0,
        "Earnings From Equity Interest Net Of Tax": -4000000.0,
        "Tax Provision": 32000000.0,
        "Pretax Income": 126000000.0,
        "Other Income Expense": 4000000.0,
        "Other Non Operating Income Expenses": 7000000.0,
        "Special Income Charges": -3000000.0,
        "Other Special Charges": NaN,
        "Impairment Of Capital Assets": 0.0,
        "Restructuring And Mergern Acquisition": 3000000.0,
        "Net Non Operating Interest Income Expense": -28000000.0,
        "Interest Expense Non Operating": 28000000.0,
        "Operating Income": 150000000.0,
        "Operating Expense": 590000000.0,
        "Other Operating Expenses": 356000000.0,
        "Depreciation Amortization Depletion Income Statement": 55000000.0,
        "Depreciation And Amortization In Income Statement": 55000000.0,
        "Selling General And Administration": 179000000.0,
        "Selling And Marketing Expense": 72000000.0,
        "General And Administrative Expense": 107000000.0,
        "Other Gand A": 107000000.0,
        "Gross Profit": 740000000.0,
        "Cost Of Revenue": 1402000000.0,
        "Total Revenue": 2142000000.0,
        "Operating Revenue": 2099000000.0
    },
    "2022-03-31": {
        "Diluted EPS": 0.19,
        "Total Revenue": NaN,
        "Gross Profit": 647,
        "Operating Income": 24,
        "EBIT": 78,
        "Net Income": 23
    },
    "2021-12-31": {
        "Diluted EPS": 0.37,
        "Total Revenue": NaN,
        "Gross Profit": 788,
        "Operating Income": 106,
        "EBIT": 164,
        "Net Income": 47
    },
    "2021-09-30": {
        "Diluted EPS": 0.95,
        "Total Revenue": NaN,
        "Gross Profit": 877,
        "Operating Income": 209,
        "EBIT": 265,
        "Net Income": 114
    },
    "2021-06-30": {
        "Diluted EPS": 1.25,
        "Total Revenue": NaN,
        "Gross Profit": 903,
        "Operating Income": 243,
        "EBIT": 297,
        "Net Income": 149
    },
    "2021-03-31": {
        "Diluted EPS": 0.28,
        "Total Revenue": NaN,
        "Gross Profit": 662,
        "Operating Income": 73,
        "EBIT": 127,
        "Net Income": 33
    },
    "2020-12-31": {
        "Diluted EPS": 0.18,
        "Total Revenue": NaN,
        "Gross Profit": 782,
        "Operating Income": 26,
        "EBIT": 81,
        "Net Income": 18
    },
    "2020-09-30": {
        "Diluted EPS": 0.84,
        "Total Revenue": NaN,
        "Gross Profit": 804,
        "Operating Income": 130,
        "EBIT": 176,
        "Net Income": 98
    },
    "2020-06-30": {
        "Diluted EPS": -0.12,
        "Total Revenue": NaN,
        "Gross Profit": 570,
        "Operating Income": 13,
        "EBIT": 62,
        "Net Income": -14
    },
    "2020-03-31": {
        "Diluted EPS": -4.03,
        "Total Revenue": NaN,
        "Gross Profit": 538,
        "Operating Income": -511,
        "EBIT": -464,
        "Net Income": -462
    },
    "2019-12-31": {
        "Diluted EPS": -0.39,
        "Total Revenue": NaN,
        "Gross Profit": 851,
        "Operating Income": 25,
        "EBIT": 97,
        "Net Income": -45
    },
    "2019-09-30": {
        "Diluted EPS": -0.99,
        "Total Revenue": NaN,
        "Gross Profit": 675,
        "Operating Income": -94,
        "EBIT": -50,
        "Net Income": -113
    },
    "2019-06-30": {
        "Diluted EPS": 0.6,
        "Total Revenue": NaN,
        "Gross Profit": 709,
        "Operating Income": 175,
        "EBIT": 220,
        "Net Income": 69
    },
    "2019-03-31": {
        "Diluted EPS": -0.87,
        "Total Revenue": NaN,
        "Gross Profit": 479,
        "Operating Income": -50,
        "EBIT": -6,
        "Net Income": -99
    },
    "2018-12-31": {
        "Diluted EPS": -0.19,
        "Total Revenue": NaN,
        "Gross Profit": 628,
        "Operating Income": 42,
        "EBIT": 95,
        "Net Income": -22
    },
    "2018-09-30": {
        "Diluted EPS": 0.83,
        "Total Revenue": NaN,
        "Gross Profit": 774,
        "Operating Income": 186,
        "EBIT": 239,
        "Net Income": 103
    },
    "2018-06-30": {
        "Diluted EPS": 0.96,
        "Total Revenue": NaN,
        "Gross Profit": 811,
        "Operating Income": 220,
        "EBIT": 272,
        "Net Income": 123
    },
    "2018-03-31": {
        "Diluted EPS": -0.51,
        "Total Revenue": NaN,
        "Gross Profit": 584,
        "Operating Income": -42,
        "EBIT": 10,
        "Net Income": -67
    },
    "2017-12-31": {
        "Diluted EPS": 1.84,
        "Total Revenue": NaN,
        "Gross Profit": 372,
        "Operating Income": 73,
        "EBIT": 94,
        "Net Income": 255
    },
    "2017-09-30": {
        "Diluted EPS": 0.69,
        "Total Revenue": NaN,
        "Gross Profit": 787,
        "Operating Income": 195,
        "EBIT": 249,
        "Net Income": 95
    },
    "2017-06-30": {
        "Diluted EPS": 0.78,
        "Total Revenue": NaN,
        "Gross Profit": 823,
        "Operating Income": 230,
        "EBIT": 283,
        "Net Income": 109
    },
    "2017-03-31": {
        "Diluted EPS": -0.2,
        "Total Revenue": NaN,
        "Gross Profit": 598,
        "Operating Income": 9,
        "EBIT": 63,
        "Net Income": -28
    },
    "2016-12-31": {
        "Diluted EPS": 0.39,
        "Total Revenue": NaN,
        "Gross Profit": 681,
        "Operating Income": 91,
        "EBIT": 148,
        "Net Income": 57
    },
    "2016-09-30": {
        "Diluted EPS": 0.73,
        "Total Revenue": NaN,
        "Gross Profit": 810,
        "Operating Income": 212,
        "EBIT": 269,
        "Net Income": 106
    },
    "2016-06-30": {
        "Diluted EPS": 0.63,
        "Total Revenue": NaN,
        "Gross Profit": 798,
        "Operating Income": 212,
        "EBIT": 264,
        "Net Income": 92
    },
    "2016-03-31": {
        "Diluted EPS": -0.29,
        "Total Revenue": NaN,
        "Gross Profit": 576,
        "Operating Income": 7,
        "EBIT": 59,
        "Net Income": -42
    },
    "2015-12-31": {
        "Diluted EPS": 0.06,
        "Total Revenue": NaN,
        "Gross Profit": 656,
        "Operating Income": 92,
        "EBIT": 145,
        "Net Income": 9
    },
    "2015-09-30": {
        "Diluted EPS": 0.74,
        "Total Revenue": NaN,
        "Gross Profit": 813,
        "Operating Income": 250,
        "EBIT": 309,
        "Net Income": 110
    },
    "2015-06-30": {
        "Diluted EPS": 0.66,
        "Total Revenue": NaN,
        "Gross Profit": 774,
        "Operating Income": 206,
        "EBIT": 263,
        "Net Income": 97
    },
    "2015-03-31": {
        "Diluted EPS": -0.22,
        "Total Revenue": NaN,
        "Gross Profit": 532,
        "Operating Income": 10,
        "EBIT": 60,
        "Net Income": -32
    },
    "2014-12-31": {
        "Diluted EPS": 0.15,
        "Total Revenue": NaN,
        "Gross Profit": 622,
        "Operating Income": 109,
        "EBIT": 163,
        "Net Income": 21
    },
    "2014-09-30": {
        "Diluted EPS": 0.68,
        "Total Revenue": NaN,
        "Gross Profit": 736,
        "Operating Income": 220,
        "EBIT": 273,
        "Net Income": 100
    },
    "2014-06-30": {
        "Diluted EPS": 0.46,
        "Total Revenue": NaN,
        "Gross Profit": 708,
        "Operating Income": 205,
        "EBIT": 255,
        "Net Income": 68
    },
    "2014-03-31": {
        "Diluted EPS": -0.32,
        "Total Revenue": NaN,
        "Gross Profit": 507,
        "Operating Income": 3,
        "EBIT": 53,
        "Net Income": -46
    },
    "2013-12-31": {
        "Diluted EPS": 2.2,
        "Total Revenue": NaN,
        "Gross Profit": 605,
        "Operating Income": 106,
        "EBIT": 153,
        "Net Income": 320
    },
    "2013-09-30": {
        "Diluted EPS": 0.74,
        "Total Revenue": NaN,
        "Gross Profit": 757,
        "Operating Income": 211,
        "EBIT": 259,
        "Net Income": 109
    },
    "2013-06-30": {
        "Diluted EPS": 0.57,
        "Total Revenue": NaN,
        "Gross Profit": 733,
        "Operating Income": 192,
        "EBIT": 240,
        "Net Income": 84
    },
    "2013-03-31": {
        "Diluted EPS": -0.52,
        "Total Revenue": 957,
        "Gross Profit": 503,
        "Operating Income": 16,
        "EBIT": 61,
        "Net Income": -75
    },
    "2012-12-31": {
        "Diluted EPS": 16.9,
        "Total Revenue": NaN,
        "Gross Profit": 585,
        "Operating Income": 68,
        "EBIT": 113,
        "Net Income": -292
    },
    "2012-09-30": {
        "Diluted EPS": -4.24,
        "Total Revenue": NaN,
        "Gross Profit": 648,
        "Operating Income": 151,
        "EBIT": 197,
        "Net Income": -34
    },
    "2012-06-30": {
        "Diluted EPS": -3.12,
        "Total Revenue": NaN,
        "Gross Profit": 647,
        "Operating Income": 145,
        "EBIT": 193,
        "Net Income": -25
    },
    "2012-03-31": {
        "Diluted EPS": -23.95,
        "Total Revenue": 875,
        "Gross Profit": 473,
        "Operating Income": -18,
        "EBIT": 31,
        "Net Income": -192
    },
    "2011-12-31": {
        "Diluted EPS": -0.77,
        "Total Revenue": 928,
        "Gross Profit": 60,
        "Operating Income": 23,
        "EBIT": 75,
        "Net Income": -154
    },
    "2011-09-30": {
        "Diluted EPS": -3.49,
        "Total Revenue": NaN,
        "Gross Profit": 608,
        "Operating Income": 131,
        "EBIT": 181,
        "Net Income": -28
    },
    "2011-06-30": {
        "Diluted EPS": -0.11,
        "Total Revenue": NaN,
        "Gross Profit": 602,
        "Operating Income": 137,
        "EBIT": 188,
        "Net Income": -22
    },
    "2011-03-31": {
        "Diluted EPS": -1.18,
        "Total Revenue": 831,
        "Gross Profit": 457,
        "Operating Income": -21,
        "EBIT": 30,
        "Net Income": -237
    },
    "2010-12-31": {
        "Diluted EPS": -0.45,
        "Total Revenue": 966,
        "Gross Profit": 966,
        "Operating Income": 966,
        "EBIT": 966,
        "Net Income": -91
    },
    "2010-09-30": {
        "Diluted EPS": -0.16,
        "Total Revenue": NaN,
        "Gross Profit": NaN,
        "Operating Income": NaN,
        "EBIT": NaN,
        "Net Income": -33
    },
    "2010-06-30": {
        "Diluted EPS": 1.11,
        "Total Revenue": NaN,
        "Gross Profit": NaN,
        "Operating Income": NaN,
        "EBIT": NaN,
        "Net Income": 222
    },
    "2010-03-31": {
        "Diluted EPS": -0.98,
        "Total Revenue": 819,
        "Gross Profit": 819,
        "Operating Income": 819,
        "EBIT": 819,
        "Net Income": -197
    },
    "2023-09-30": {
        "Tax Effect Of Unusual Items": NaN,
        "Tax Rate For Calcs": NaN,
        "Normalized EBITDA": NaN,
        "Total Unusual Items": NaN,
        "Total Unusual Items Excluding Goodwill": NaN,
        "Net Income From Continuing Operation Net Minority Interest": NaN,
        "Reconciled Depreciation": NaN,
        "Reconciled Cost Of Revenue": NaN,
        "EBITDA": NaN,
        "EBIT": NaN,
        "Net Interest Income": NaN,
        "Interest Expense": NaN,
        "Normalized Income": NaN,
        "Net Income From Continuing And Discontinued Operation": NaN,
        "Total Expenses": NaN,
        "Diluted Average Shares": NaN,
        "Basic Average Shares": NaN,
        "Diluted EPS": NaN,
        "Basic EPS": NaN,
        "Diluted NI Availto Com Stockholders": NaN,
        "Net Income Common Stockholders": NaN,
        "Net Income": NaN,
        "Minority Interests": NaN,
        "Net Income Including Noncontrolling Interests": NaN,
        "Net Income Continuous Operations": NaN,
        "Earnings From Equity Interest Net Of Tax": NaN,
        "Tax Provision": NaN,
        "Pretax Income": NaN,
        "Other Income Expense": NaN,
        "Other Non Operating Income Expenses": -3000000.0,
        "Special Income Charges": NaN,
        "Other Special Charges": -169000000.0,
        "Impairment Of Capital Assets": NaN,
        "Restructuring And Mergern Acquisition": NaN,
        "Net Non Operating Interest Income Expense": NaN,
        "Interest Expense Non Operating": NaN,
        "Operating Income": NaN,
        "Operating Expense": NaN,
        "Other Operating Expenses": NaN,
        "Depreciation Amortization Depletion Income Statement": NaN,
        "Depreciation And Amortization In Income Statement": NaN,
        "Selling General And Administration": NaN,
        "Selling And Marketing Expense": NaN,
        "General And Administrative Expense": NaN,
        "Other Gand A": NaN,
        "Gross Profit": NaN,
        "Cost Of Revenue": NaN,
        "Total Revenue": NaN,
        "Operating Revenue": NaN
    },
    "2023-12-31": {
        "Tax Effect Of Unusual Items": NaN,
        "Tax Rate For Calcs": NaN,
        "Normalized EBITDA": NaN,
        "Total Unusual Items": NaN,
        "Total Unusual Items Excluding Goodwill": NaN,
        "Net Income From Continuing Operation Net Minority Interest": NaN,
        "Reconciled Depreciation": NaN,
        "Reconciled Cost Of Revenue": NaN,
        "EBITDA": NaN,
        "EBIT": NaN,
        "Net Interest Income": NaN,
        "Interest Expense": NaN,
        "Normalized Income": NaN,
        "Net Income From Continuing And Discontinued Operation": NaN,
        "Total Expenses": NaN,
        "Diluted Average Shares": NaN,
        "Basic Average Shares": NaN,
        "Diluted EPS": NaN,
        "Basic EPS": NaN,
        "Diluted NI Availto Com Stockholders": NaN,
        "Net Income Common Stockholders": NaN,
        "Net Income": NaN,
        "Minority Interests": NaN,
        "Net Income Including Noncontrolling Interests": NaN,
        "Net Income Continuous Operations": NaN,
        "Earnings From Equity Interest Net Of Tax": NaN,
        "Tax Provision": NaN,
        "Pretax Income": NaN,
        "Other Income Expense": NaN,
        "Other Non Operating Income Expenses": 0.0,
        "Special Income Charges": NaN,
        "Other Special Charges": 0.0,
        "Impairment Of Capital Assets": NaN,
        "Restructuring And Mergern Acquisition": NaN,
        "Net Non Operating Interest Income Expense": NaN,
        "Interest Expense Non Operating": NaN,
        "Operating Income": NaN,
        "Operating Expense": NaN,
        "Other Operating Expenses": NaN,
        "Depreciation Amortization Depletion Income Statement": NaN,
        "Depreciation And Amortization In Income Statement": NaN,
        "Selling General And Administration": NaN,
        "Selling And Marketing Expense": NaN,
        "General And Administrative Expense": NaN,
        "Other Gand A": NaN,
        "Gross Profit": NaN,
        "Cost Of Revenue": NaN,
        "Total Revenue": NaN,
        "Operating Revenue": NaN
    },
    "2024-03-31": {
        "Tax Effect Of Unusual Items": -3718750.0,
        "Tax Rate For Calcs": 0.21875,
        "Normalized EBITDA": -17000000.0,
        "Total Unusual Items": -17000000.0,
        "Total Unusual Items Excluding Goodwill": -17000000.0,
        "Net Income From Continuing Operation Net Minority Interest": -101000000.0,
        "Reconciled Depreciation": 55000000.0,
        "Reconciled Cost Of Revenue": 726000000.0,
        "EBITDA": -34000000.0,
        "EBIT": -89000000.0,
        "Net Interest Income": -39000000.0,
        "Interest Expense": 39000000.0,
        "Normalized Income": -87718750.0,
        "Net Income From Continuing And Discontinued Operation": -101000000.0,
        "Total Expenses": 1198000000.0,
        "Diluted Average Shares": 110700000.0,
        "Basic Average Shares": 110700000.0,
        "Diluted EPS": -0.91,
        "Basic EPS": -0.91,
        "Diluted NI Availto Com Stockholders": -101000000.0,
        "Net Income Common Stockholders": -101000000.0,
        "Net Income": -101000000.0,
        "Minority Interests": 0.0,
        "Net Income Including Noncontrolling Interests": -101000000.0,
        "Net Income Continuous Operations": -101000000.0,
        "Earnings From Equity Interest Net Of Tax": -1000000.0,
        "Tax Provision": -28000000.0,
        "Pretax Income": -128000000.0,
        "Other Income Expense": -17000000.0,
        "Other Non Operating Income Expenses": NaN,
        "Special Income Charges": -17000000.0,
        "Other Special Charges": NaN,
        "Impairment Of Capital Assets": 6000000.0,
        "Restructuring And Mergern Acquisition": 11000000.0,
        "Net Non Operating Interest Income Expense": -39000000.0,
        "Interest Expense Non Operating": 39000000.0,
        "Operating Income": -72000000.0,
        "Operating Expense": 472000000.0,
        "Other Operating Expenses": 273000000.0,
        "Depreciation Amortization Depletion Income Statement": 55000000.0,
        "Depreciation And Amortization In Income Statement": 55000000.0,
        "Selling General And Administration": 144000000.0,
        "Selling And Marketing Expense": 45000000.0,
        "General And Administrative Expense": 99000000.0,
        "Other Gand A": 99000000.0,
        "Gross Profit": 400000000.0,
        "Cost Of Revenue": 726000000.0,
        "Total Revenue": 1126000000.0,
        "Operating Revenue": 1096000000.0
    },
    "2024-06-30": {
        "Tax Effect Of Unusual Items": -2605263.157895,
        "Tax Rate For Calcs": 0.289474,
        "Normalized EBITDA": 135000000.0,
        "Total Unusual Items": -9000000.0,
        "Total Unusual Items Excluding Goodwill": -9000000.0,
        "Net Income From Continuing Operation Net Minority Interest": 30000000.0,
        "Reconciled Depreciation": 48000000.0,
        "Reconciled Cost Of Revenue": 1108000000.0,
        "EBITDA": 126000000.0,
        "EBIT": 78000000.0,
        "Net Interest Income": -40000000.0,
        "Interest Expense": 40000000.0,
        "Normalized Income": 36394736.842105,
        "Net Income From Continuing And Discontinued Operation": 30000000.0,
        "Total Expenses": 1581000000.0,
        "Diluted Average Shares": 111900000.0,
        "Basic Average Shares": 111200000.0,
        "Diluted EPS": 0.27,
        "Basic EPS": 0.27,
        "Diluted NI Availto Com Stockholders": 30000000.0,
        "Net Income Common Stockholders": 30000000.0,
        "Net Income": 30000000.0,
        "Minority Interests": 0.0,
        "Net Income Including Noncontrolling Interests": 30000000.0,
        "Net Income Continuous Operations": 30000000.0,
        "Earnings From Equity Interest Net Of Tax": 3000000.0,
        "Tax Provision": 11000000.0,
        "Pretax Income": 38000000.0,
        "Other Income Expense": -10000000.0,
        "Other Non Operating Income Expenses": -1000000.0,
        "Special Income Charges": -9000000.0,
        "Other Special Charges": NaN,
        "Impairment Of Capital Assets": 2000000.0,
        "Restructuring And Mergern Acquisition": 7000000.0,
        "Net Non Operating Interest Income Expense": -40000000.0,
        "Interest Expense Non Operating": 40000000.0,
        "Operating Income": 88000000.0,
        "Operating Expense": 473000000.0,
        "Other Operating Expenses": 285000000.0,
        "Depreciation Amortization Depletion Income Statement": 48000000.0,
        "Depreciation And Amortization In Income Statement": 48000000.0,
        "Selling General And Administration": 140000000.0,
        "Selling And Marketing Expense": 47000000.0,
        "General And Administrative Expense": 93000000.0,
        "Other Gand A": 93000000.0,
        "Gross Profit": 561000000.0,
        "Cost Of Revenue": 1108000000.0,
        "Total Revenue": 1669000000.0,
        "Operating Revenue": 1636000000.0
    },
    "2024-09-30": {
        "Tax Effect Of Unusual Items": 0.0,
        "Tax Rate For Calcs": 0.22,
        "Normalized EBITDA": 89000000.0,
        "Total Unusual Items": 0.0,
        "Total Unusual Items Excluding Goodwill": 0.0,
        "Net Income From Continuing Operation Net Minority Interest": 7000000.0,
        "Reconciled Depreciation": 48000000.0,
        "Reconciled Cost Of Revenue": 998000000.0,
        "EBITDA": 89000000.0,
        "EBIT": 41000000.0,
        "Net Interest Income": -38000000.0,
        "Interest Expense": 38000000.0,
        "Normalized Income": 7000000.0,
        "Net Income From Continuing And Discontinued Operation": 7000000.0,
        "Total Expenses": 1495000000.0,
        "Diluted Average Shares": 112200000.0,
        "Basic Average Shares": 111300000.0,
        "Diluted EPS": 0.06,
        "Basic EPS": 0.06,
        "Diluted NI Availto Com Stockholders": 7000000.0,
        "Net Income Common Stockholders": 7000000.0,
        "Net Income": 7000000.0,
        "Minority Interests": 0.0,
        "Net Income Including Noncontrolling Interests": 7000000.0,
        "Net Income Continuous Operations": 7000000.0,
        "Earnings From Equity Interest Net Of Tax": 6000000.0,
        "Tax Provision": 2000000.0,
        "Pretax Income": 3000000.0,
        "Other Income Expense": 1000000.0,
        "Other Non Operating Income Expenses": 1000000.0,
        "Special Income Charges": 0.0,
        "Other Special Charges": -7000000.0,
        "Impairment Of Capital Assets": 1000000.0,
        "Restructuring And Mergern Acquisition": 6000000.0,
        "Net Non Operating Interest Income Expense": -38000000.0,
        "Interest Expense Non Operating": 38000000.0,
        "Operating Income": 40000000.0,
        "Operating Expense": 497000000.0,
        "Other Operating Expenses": 287000000.0,
        "Depreciation Amortization Depletion Income Statement": 48000000.0,
        "Depreciation And Amortization In Income Statement": 48000000.0,
        "Selling General And Administration": 162000000.0,
        "Selling And Marketing Expense": 51000000.0,
        "General And Administrative Expense": 111000000.0,
        "Other Gand A": 111000000.0,
        "Gross Profit": 537000000.0,
        "Cost Of Revenue": 998000000.0,
        "Total Revenue": 1535000000.0,
        "Operating Revenue": 1496000000.0
    },
    "2024-12-31": {
        "Tax Effect Of Unusual Items": -3990000.0,
        "Tax Rate For Calcs": 0.21,
        "Normalized EBITDA": 53000000.0,
        "Total Unusual Items": -19000000.0,
        "Total Unusual Items Excluding Goodwill": -19000000.0,
        "Net Income From Continuing Operation Net Minority Interest": -64000000.0,
        "Reconciled Depreciation": 47000000.0,
        "Reconciled Cost Of Revenue": 886000000.0,
        "EBITDA": 34000000.0,
        "EBIT": -13000000.0,
        "Net Interest Income": -36000000.0,
        "Interest Expense": 36000000.0,
        "Normalized Income": -48990000.0,
        "Net Income From Continuing And Discontinued Operation": -64000000.0,
        "Total Expenses": 1354000000.0,
        "Diluted Average Shares": 111300000.0,
        "Basic Average Shares": 111300000.0,
        "Diluted EPS": -0.58,
        "Basic EPS": -0.58,
        "Diluted NI Availto Com Stockholders": -64000000.0,
        "Net Income Common Stockholders": -64000000.0,
        "Net Income": -64000000.0,
        "Minority Interests": -1000000.0,
        "Net Income Including Noncontrolling Interests": -63000000.0,
        "Net Income Continuous Operations": -63000000.0,
        "Earnings From Equity Interest Net Of Tax": -1000000.0,
        "Tax Provision": 13000000.0,
        "Pretax Income": -49000000.0,
        "Other Income Expense": -21000000.0,
        "Other Non Operating Income Expenses": NaN,
        "Special Income Charges": -19000000.0,
        "Other Special Charges": 0.0,
        "Impairment Of Capital Assets": 11000000.0,
        "Restructuring And Mergern Acquisition": 8000000.0,
        "Net Non Operating Interest Income Expense": -36000000.0,
        "Interest Expense Non Operating": 36000000.0,
        "Operating Income": 8000000.0,
        "Operating Expense": 468000000.0,
        "Other Operating Expenses": 280000000.0,
        "Depreciation Amortization Depletion Income Statement": 47000000.0,
        "Depreciation And Amortization In Income Statement": 47000000.0,
        "Selling General And Administration": 141000000.0,
        "Selling And Marketing Expense": 52000000.0,
        "General And Administrative Expense": 89000000.0,
        "Other Gand A": 89000000.0,
        "Gross Profit": 476000000.0,
        "Cost Of Revenue": 886000000.0,
        "Total Revenue": 1362000000.0,
        "Operating Revenue": 1331000000.0
    },
    "2025-03-31": {
        "Tax Effect Of Unusual Items": -4320000.0,
        "Tax Rate For Calcs": 0.24,
        "Normalized EBITDA": -1000000.0,
        "Total Unusual Items": -18000000.0,
        "Total Unusual Items Excluding Goodwill": -18000000.0,
        "Net Income From Continuing Operation Net Minority Interest": -78000000.0,
        "Reconciled Depreciation": 46000000.0,
        "Reconciled Cost Of Revenue": 785000000.0,
        "EBITDA": -19000000.0,
        "EBIT": -65000000.0,
        "Net Interest Income": -36000000.0,
        "Interest Expense": 36000000.0,
        "Normalized Income": -64320000.0,
        "Net Income From Continuing And Discontinued Operation": -78000000.0,
        "Total Expenses": 1255000000.0,
        "Diluted Average Shares": 111400000.0,
        "Basic Average Shares": 111400000.0,
        "Diluted EPS": -0.7,
        "Basic EPS": -0.7,
        "Diluted NI Availto Com Stockholders": -78000000.0,
        "Net Income Common Stockholders": -78000000.0,
        "Net Income": -78000000.0,
        "Minority Interests": 0.0,
        "Net Income Including Noncontrolling Interests": -78000000.0,
        "Net Income Continuous Operations": -78000000.0,
        "Earnings From Equity Interest Net Of Tax": -1000000.0,
        "Tax Provision": -24000000.0,
        "Pretax Income": -101000000.0,
        "Other Income Expense": -14000000.0,
        "Other Non Operating Income Expenses": 4000000.0,
        "Special Income Charges": -18000000.0,
        "Other Special Charges": NaN,
        "Impairment Of Capital Assets": 6000000.0,
        "Restructuring And Mergern Acquisition": 12000000.0,
        "Net Non Operating Interest Income Expense": -36000000.0,
        "Interest Expense Non Operating": 36000000.0,
        "Operating Income": -51000000.0,
        "Operating Expense": 470000000.0,
        "Other Operating Expenses": 277000000.0,
        "Depreciation Amortization Depletion Income Statement": 46000000.0,
        "Depreciation And Amortization In Income Statement": 46000000.0,
        "Selling General And Administration": 147000000.0,
        "Selling And Marketing Expense": 44000000.0,
        "General And Administrative Expense": 103000000.0,
        "Other Gand A": 103000000.0,
        "Gross Profit": 419000000.0,
        "Cost Of Revenue": 785000000.0,
        "Total Revenue": 1204000000.0,
        "Operating Revenue": 1174000000.0
    },
    "2025-06-30": {
        "Tax Effect Of Unusual Items": -2812500.0,
        "Tax Rate For Calcs": 0.28125,
        "Normalized EBITDA": 127000000.0,
        "Total Unusual Items": -10000000.0,
        "Total Unusual Items Excluding Goodwill": -10000000.0,
        "Net Income From Continuing Operation Net Minority Interest": 27000000.0,
        "Reconciled Depreciation": 49000000.0,
        "Reconciled Cost Of Revenue": 1117000000.0,
        "EBITDA": 117000000.0,
        "EBIT": 68000000.0,
        "Net Interest Income": -36000000.0,
        "Interest Expense": 36000000.0,
        "Normalized Income": 34187500.0,
        "Net Income From Continuing And Discontinued Operation": 27000000.0,
        "Total Expenses": 1607000000.0,
        "Diluted Average Shares": 114100000.0,
        "Basic Average Shares": 111900000.0,
        "Diluted EPS": 0.24,
        "Basic EPS": 0.24,
        "Diluted NI Availto Com Stockholders": 27000000.0,
        "Net Income Common Stockholders": 27000000.0,
        "Net Income": 27000000.0,
        "Minority Interests": -1000000.0,
        "Net Income Including Noncontrolling Interests": 28000000.0,
        "Net Income Continuous Operations": 28000000.0,
        "Earnings From Equity Interest Net Of Tax": 5000000.0,
        "Tax Provision": 9000000.0,
        "Pretax Income": 32000000.0,
        "Other Income Expense": -7000000.0,
        "Other Non Operating Income Expenses": 3000000.0,
        "Special Income Charges": -10000000.0,
        "Other Special Charges": -2000000.0,
        "Impairment Of Capital Assets": 0.0,
        "Restructuring And Mergern Acquisition": 12000000.0,
        "Net Non Operating Interest Income Expense": -36000000.0,
        "Interest Expense Non Operating": 36000000.0,
        "Operating Income": 75000000.0,
        "Operating Expense": 490000000.0,
        "Other Operating Expenses": 303000000.0,
        "Depreciation Amortization Depletion Income Statement": 49000000.0,
        "Depreciation And Amortization In Income Statement": 49000000.0,
        "Selling General And Administration": 138000000.0,
        "Selling And Marketing Expense": 49000000.0,
        "General And Administrative Expense": 89000000.0,
        "Other Gand A": 89000000.0,
        "Gross Profit": 565000000.0,
        "Cost Of Revenue": 1117000000.0,
        "Total Revenue": 1682000000.0,
        "Operating Revenue": 1649000000.0
    }
}