{
    "2023-03-31": {
        "Tax Effect Of Unusual Items": NaN,
        "Tax Rate For Calcs": NaN,
        "Normalized EBITDA": NaN,
        "Total Unusual Items": NaN,
        "Total Unusual Items Excluding Goodwill": NaN,
        "Net Income From Continuing Operation Net Minority Interest": NaN,
        "Reconciled Depreciation": NaN,
        "EBITDA": NaN,
        "EBIT": NaN,
        "Net Interest Income": NaN,
        "Interest Expense": 172000.0,
        "Interest Income": NaN,
        "Normalized Income": NaN,
        "Net Income From Continuing And Discontinued Operation": NaN,
        "Total Expenses": NaN,
        "Total Operating Income As Reported": NaN,
        "Diluted Average Shares": 34784682.0,
        "Basic Average Shares": 34784682.0,
        "Diluted EPS": -0.34,
        "Basic EPS": -0.34,
        "Diluted NI Availto Com Stockholders": NaN,
        "Net Income Common Stockholders": NaN,
        "Net Income": NaN,
        "Net Income Including Noncontrolling Interests": NaN,
        "Net Income Continuous Operations": NaN,
        "Pretax Income": NaN,
        "Other Income Expense": NaN,
        "Other Non Operating Income Expenses": NaN,
        "Special Income Charges": NaN,
        "Other Special Charges": NaN,
        "Net Non Operating Interest Income Expense": NaN,
        "Interest Expense Non Operating": 172000.0,
        "Interest Income Non Operating": NaN,
        "Operating Income": NaN,
        "Operating Expense": NaN,
        "Research And Development": NaN,
        "Selling General And Administration": NaN,
        "General And Administrative Expense": NaN,
        "Other Gand A": NaN,
        "Insurance And Claims": NaN,
        "Salaries And Wages": NaN,
        "Total Revenue": NaN,
        "Operating Revenue": NaN
    },
    "2022-12-31": {
        "Tax Effect Of Unusual Items": NaN,
        "Tax Rate For Calcs": NaN,
        "Normalized EBITDA": NaN,
        "Total Unusual Items": NaN,
        "Total Unusual Items Excluding Goodwill": NaN,
        "Net Income From Continuing Operation Net Minority Interest": NaN,
        "Reconciled Depreciation": NaN,
        "EBITDA": NaN,
        "EBIT": NaN,
        "Net Interest Income": NaN,
        "Interest Expense": NaN,
        "Interest Income": NaN,
        "Normalized Income": NaN,
        "Net Income From Continuing And Discontinued Operation": NaN,
        "Total Expenses": NaN,
        "Total Operating Income As Reported": NaN,
        "Diluted Average Shares": NaN,
        "Basic Average Shares": NaN,
        "Diluted EPS": NaN,
        "Basic EPS": NaN,
        "Diluted NI Availto Com Stockholders": NaN,
        "Net Income Common Stockholders": NaN,
        "Otherunder Preferred Stock Dividend": 0.0,
        "Net Income": NaN,
        "Net Income Including Noncontrolling Interests": NaN,
        "Net Income Continuous Operations": NaN,
        "Pretax Income": NaN,
        "Other Income Expense": NaN,
        "Other Non Operating Income Expenses": NaN,
        "Special Income Charges": NaN,
        "Other Special Charges": NaN,
        "Net Non Operating Interest Income Expense": NaN,
        "Interest Expense Non Operating": NaN,
        "Interest Income Non Operating": NaN,
        "Operating Income": NaN,
        "Operating Expense": NaN,
        "Research And Development": NaN,
        "Selling General And Administration": NaN,
        "General And Administrative Expense": NaN,
        "Other Gand A": NaN,
        "Insurance And Claims": NaN,
        "Salaries And Wages": NaN,
        "Total Revenue": NaN,
        "Operating Revenue": NaN
    },
    "2022-09-30": {
        "Tax Effect Of Unusual Items": NaN,
        "Tax Rate For Calcs": NaN,
        "Normalized EBITDA": NaN,
        "Net Income From Continuing Operation Net Minority Interest": NaN,
        "Reconciled Depreciation": NaN,
        "EBITDA": NaN,
        "EBIT": NaN,
        "Net Interest Income": NaN,
        "Interest Expense": NaN,
        "Interest Income": NaN,
        "Normalized Income": NaN,
        "Net Income From Continuing And Discontinued Operation": NaN,
        "Total Expenses": NaN,
        "Total Operating Income As Reported": NaN,
        "Diluted Average Shares": NaN,
        "Basic Average Shares": NaN,
        "Diluted EPS": NaN,
        "Basic EPS": NaN,
        "Diluted NI Availto Com Stockholders": NaN,
        "Net Income Common Stockholders": NaN,
        "Otherunder Preferred Stock Dividend": 0.0,
        "Net Income": NaN,
        "Net Income Including Noncontrolling Interests": NaN,
        "Net Income Continuous Operations": NaN,
        "Pretax Income": NaN,
        "Other Income Expense": NaN,
        "Other Non Operating Income Expenses": NaN,
        "Net Non Operating Interest Income Expense": NaN,
        "Interest Expense Non Operating": NaN,
        "Interest Income Non Operating": NaN,
        "Operating Income": NaN,
        "Operating Expense": NaN,
        "Research And Development": NaN,
        "Selling General And Administration": NaN,
        "General And Administrative Expense": NaN,
        "Other Gand A": NaN,
        "Insurance And Claims": NaN,
        "Salaries And Wages": NaN,
        "Total Revenue": NaN,
        "Operating Revenue": NaN
    },
    "2022-06-30": {
        "Tax Effect Of Unusual Items": 0.0,
        "Tax Rate For Calcs": 0.0,
        "Normalized EBITDA": -14787000.0,
        "Net Income From Continuing Operation Net Minority Interest": -14594000.0,
        "Reconciled Depreciation": 185000.0,
        "EBITDA": -14787000.0,
        "EBIT": -14972000.0,
        "Net Interest Income": 97000.0,
        "Interest Income": 97000.0,
        "Normalized Income": -14594000.0,
        "Net Income From Continuing And Discontinued Operation": -14594000.0,
        "Total Expenses": 19120000.0,
        "Total Operating Income As Reported": -14972000.0,
        "Diluted Average Shares": 27517000.0,
        "Basic Average Shares": 27517000.0,
        "Diluted EPS": -0.53,
        "Basic EPS": -0.53,
        "Diluted NI Availto Com Stockholders": -14594000.0,
        "Net Income Common Stockholders": -14594000.0,
        "Otherunder Preferred Stock Dividend": 0.0,
        "Net Income": -14594000.0,
        "Net Income Including Noncontrolling Interests": -14594000.0,
        "Net Income Continuous Operations": -14594000.0,
        "Pretax Income": -14594000.0,
        "Other Income Expense": 281000.0,
        "Other Non Operating Income Expenses": 281000.0,
        "Net Non Operating Interest Income Expense": 97000.0,
        "Interest Income Non Operating": 97000.0,
        "Operating Income": -14972000.0,
        "Operating Expense": 19120000.0,
        "Research And Development": 13887000.0,
        "Selling General And Administration": 5233000.0,
        "General And Administrative Expense": 5233000.0,
        "Other Gand A": 2976000.0,
        "Insurance And Claims": NaN,
        "Salaries And Wages": 2257000.0,
        "Total Revenue": 4148000.0,
        "Operating Revenue": 4148000.0
    },
    "2022-03-31": {
        "Diluted EPS": -0.56,
        "Total Revenue": NaN,
        "Gross Profit": NaN,
        "Operating Income": -15,
        "EBIT": -15,
        "Net Income": -15
    },
    "2021-12-31": {
        "Diluted EPS": 76.75,
        "Total Revenue": NaN,
        "Gross Profit": NaN,
        "Operating Income": -18,
        "EBIT": -18,
        "Net Income": -18
    },
    "2021-09-30": {
        "Diluted EPS": -0.51,
        "Total Revenue": NaN,
        "Gross Profit": NaN,
        "Operating Income": -14,
        "EBIT": -14,
        "Net Income": -14
    },
    "2021-06-30": {
        "Diluted EPS": -3.82,
        "Total Revenue": NaN,
        "Gross Profit": NaN,
        "Operating Income": -11,
        "EBIT": -11,
        "Net Income": -68
    },
    "2021-03-31": {
        "Diluted EPS": -83.36,
        "Total Revenue": NaN,
        "Gross Profit": NaN,
        "Operating Income": -7,
        "EBIT": -7,
        "Net Income": -102
    },
    "2020-12-31": {
        "Diluted EPS": -17.11,
        "Total Revenue": NaN,
        "Gross Profit": NaN,
        "Operating Income": -7,
        "EBIT": -7,
        "Net Income": -7
    },
    "2020-09-30": {
        "Diluted EPS": -6.61,
        "Total Revenue": NaN,
        "Gross Profit": NaN,
        "Operating Income": -6,
        "EBIT": -6,
        "Net Income": -6
    },
    "2020-06-30": {
        "Diluted EPS": 0.22,
        "Total Revenue": NaN,
        "Gross Profit": NaN,
        "Operating Income": -5,
        "EBIT": -5,
        "Net Income": 2
    },
    "2020-03-31": {
        "Diluted EPS": -4.58,
        "Total Revenue": NaN,
        "Gross Profit": NaN,
        "Operating Income": -4,
        "EBIT": -4,
        "Net Income": -4
    },
    "2019-12-31": {
        "Diluted EPS": 0.0,
        "Total Revenue": NaN,
        "Gross Profit": NaN,
        "Operating Income": NaN,
        "EBIT": NaN,
        "Net Income": NaN
    },
    "2023-06-30": {
        "Tax Effect Of Unusual Items": NaN,
        "Tax Rate For Calcs": NaN,
        "Normalized EBITDA": NaN,
        "Total Unusual Items": 0.0,
        "Total Unusual Items Excluding Goodwill": 0.0,
        "Net Income From Continuing Operation Net Minority Interest": NaN,
        "Reconciled Depreciation": NaN,
        "EBITDA": NaN,
        "EBIT": NaN,
        "Net Interest Income": NaN,
        "Interest Expense": NaN,
        "Interest Income": NaN,
        "Normalized Income": NaN,
        "Net Income From Continuing And Discontinued Operation": NaN,
        "Total Expenses": NaN,
        "Total Operating Income As Reported": NaN,
        "Diluted Average Shares": 35557701.0,
        "Basic Average Shares": 35557701.0,
        "Diluted EPS": -0.14,
        "Basic EPS": -0.14,
        "Diluted NI Availto Com Stockholders": NaN,
        "Net Income Common Stockholders": NaN,
        "Otherunder Preferred Stock Dividend": NaN,
        "Net Income": NaN,
        "Net Income Including Noncontrolling Interests": NaN,
        "Net Income Continuous Operations": NaN,
        "Pretax Income": NaN,
        "Other Income Expense": NaN,
        "Other Non Operating Income Expenses": NaN,
        "Special Income Charges": 0.0,
        "Other Special Charges": NaN,
        "Net Non Operating Interest Income Expense": NaN,
        "Interest Expense Non Operating": NaN,
        "Interest Income Non Operating": NaN,
        "Operating Income": NaN,
        "Operating Expense": NaN,
        "Research And Development": NaN,
        "Selling General And Administration": NaN,
        "General And Administrative Expense": NaN,
        "Other Gand A": NaN,
        "Insurance And Claims": NaN,
        "Salaries And Wages": NaN,
        "Total Revenue": NaN,
        "Operating Revenue": NaN
    },
    "2023-09-30": {
        "Tax Effect Of Unusual Items": NaN,
        "Tax Rate For Calcs": NaN,
        "Normalized EBITDA": NaN,
        "Total Unusual Items": 0.0,
        "Total Unusual Items Excluding Goodwill": 0.0,
        "Net Income From Continuing Operation Net Minority Interest": NaN,
        "Reconciled Depreciation": NaN,
        "EBITDA": NaN,
        "EBIT": NaN,
        "Net Interest Income": NaN,
        "Interest Expense": NaN,
        "Interest Income": NaN,
        "Normalized Income": NaN,
        "Net Income From Continuing And Discontinued Operation": NaN,
        "Total Expenses": NaN,
        "Total Operating Income As Reported": NaN,
        "Diluted Average Shares": NaN,
        "Basic Average Shares": NaN,
        "Diluted EPS": NaN,
        "Basic EPS": NaN,
        "Diluted NI Availto Com Stockholders": NaN,
        "Net Income Common Stockholders": NaN,
        "Otherunder Preferred Stock Dividend": 0.0,
        "Net Income": NaN,
        "Net Income Including Noncontrolling Interests": NaN,
        "Net Income Continuous Operations": NaN,
        "Pretax Income": NaN,
        "Other Income Expense": NaN,
        "Other Non Operating Income Expenses": NaN,
        "Special Income Charges": 0.0,
        "Other Special Charges": NaN,
        "Net Non Operating Interest Income Expense": NaN,
        "Interest Expense Non Operating": NaN,
        "Interest Income Non Operating": NaN,
        "Operating Income": NaN,
        "Operating Expense": NaN,
        "Research And Development": NaN,
        "Selling General And Administration": NaN,
        "General And Administrative Expense": NaN,
        "Other Gand A": NaN,
        "Insurance And Claims": NaN,
        "Salaries And Wages": NaN,
        "Total Revenue": NaN,
        "Operating Revenue": NaN
    },
    "2023-12-31": {
        "Tax Effect Of Unusual Items": 0.0,
        "Tax Rate For Calcs": 0.0,
        "Normalized EBITDA": -6228000.0,
        "Total Unusual Items": NaN,
        "Total Unusual Items Excluding Goodwill": NaN,
        "Net Income From Continuing Operation Net Minority Interest": -12003000.0,
        "Reconciled Depreciation": 460000.0,
        "EBITDA": -6228000.0,
        "EBIT": -6688000.0,
        "Net Interest Income": 965000.0,
        "Interest Expense": NaN,
        "Interest Income": 4104000.0,
        "Normalized Income": -12003000.0,
        "Net Income From Continuing And Discontinued Operation": -12003000.0,
        "Total Expenses": 14463000.0,
        "Total Operating Income As Reported": -12962000.0,
        "Diluted Average Shares": NaN,
        "Basic Average Shares": NaN,
        "Diluted EPS": NaN,
        "Basic EPS": NaN,
        "Diluted NI Availto Com Stockholders": -12003000.0,
        "Net Income Common Stockholders": -12003000.0,
        "Otherunder Preferred Stock Dividend": NaN,
        "Net Income": -12003000.0,
        "Net Income Including Noncontrolling Interests": -12003000.0,
        "Net Income Continuous Operations": -12003000.0,
        "Pretax Income": -12003000.0,
        "Other Income Expense": -6000.0,
        "Other Non Operating Income Expenses": -6000.0,
        "Special Income Charges": NaN,
        "Other Special Charges": NaN,
        "Net Non Operating Interest Income Expense": 965000.0,
        "Interest Expense Non Operating": NaN,
        "Interest Income Non Operating": 4104000.0,
        "Operating Income": -12962000.0,
        "Operating Expense": 14463000.0,
        "Research And Development": 9649000.0,
        "Selling General And Administration": 4814000.0,
        "General And Administrative Expense": 4814000.0,
        "Other Gand A": 2287000.0,
        "Insurance And Claims": 319000.0,
        "Salaries And Wages": 2208000.0,
        "Total Revenue": 1501000.0,
        "Operating Revenue": 1501000.0
    },
    "2024-03-31": {
        "Tax Effect Of Unusual Items": 0.0,
        "Tax Rate For Calcs": 0.0,
        "Normalized EBITDA": -14726000.0,
        "Total Unusual Items": NaN,
        "Total Unusual Items Excluding Goodwill": NaN,
        "Net Income From Continuing Operation Net Minority Interest": -16193000.0,
        "Reconciled Depreciation": 464000.0,
        "EBITDA": -14726000.0,
        "EBIT": -15190000.0,
        "Net Interest Income": 970000.0,
        "Interest Expense": 1003000.0,
        "Interest Income": 1973000.0,
        "Normalized Income": -16193000.0,
        "Net Income From Continuing And Discontinued Operation": -16193000.0,
        "Total Expenses": 17904000.0,
        "Total Operating Income As Reported": -17162000.0,
        "Diluted Average Shares": 41607279.0,
        "Basic Average Shares": 41607279.0,
        "Diluted EPS": -0.39,
        "Basic EPS": -0.39,
        "Diluted NI Availto Com Stockholders": -16193000.0,
        "Net Income Common Stockholders": -16193000.0,
        "Otherunder Preferred Stock Dividend": NaN,
        "Net Income": -16193000.0,
        "Net Income Including Noncontrolling Interests": -16193000.0,
        "Net Income Continuous Operations": -16193000.0,
        "Pretax Income": -16193000.0,
        "Other Income Expense": -1000.0,
        "Other Non Operating Income Expenses": -1000.0,
        "Special Income Charges": NaN,
        "Other Special Charges": NaN,
        "Net Non Operating Interest Income Expense": 970000.0,
        "Interest Expense Non Operating": 1003000.0,
        "Interest Income Non Operating": 1973000.0,
        "Operating Income": -17162000.0,
        "Operating Expense": 17904000.0,
        "Research And Development": 12908000.0,
        "Selling General And Administration": 4996000.0,
        "General And Administrative Expense": 4996000.0,
        "Other Gand A": 2075000.0,
        "Insurance And Claims": 322000.0,
        "Salaries And Wages": 2599000.0,
        "Total Revenue": 742000.0,
        "Operating Revenue": 742000.0
    },
    "2024-06-30": {
        "Tax Effect Of Unusual Items": 0.0,
        "Tax Rate For Calcs": 0.0,
        "Normalized EBITDA": -15100000.0,
        "Total Unusual Items": -553000.0,
        "Total Unusual Items Excluding Goodwill": -553000.0,
        "Net Income From Continuing Operation Net Minority Interest": -17249000.0,
        "Reconciled Depreciation": 454000.0,
        "EBITDA": -15653000.0,
        "EBIT": -16107000.0,
        "Net Interest Income": 651000.0,
        "Interest Expense": 1142000.0,
        "Interest Income": 1793000.0,
        "Normalized Income": -16696000.0,
        "Net Income From Continuing And Discontinued Operation": -17249000.0,
        "Total Expenses": 20103000.0,
        "Total Operating Income As Reported": -18960000.0,
        "Diluted Average Shares": 44043184.0,
        "Basic Average Shares": 43521406.0,
        "Diluted EPS": -0.43,
        "Basic EPS": -0.4,
        "Diluted NI Availto Com Stockholders": -17249000.0,
        "Net Income Common Stockholders": -17249000.0,
        "Otherunder Preferred Stock Dividend": NaN,
        "Net Income": -17249000.0,
        "Net Income Including Noncontrolling Interests": -17249000.0,
        "Net Income Continuous Operations": -17249000.0,
        "Pretax Income": -17249000.0,
        "Other Income Expense": 1060000.0,
        "Other Non Operating Income Expenses": 1613000.0,
        "Special Income Charges": -553000.0,
        "Other Special Charges": 553000.0,
        "Net Non Operating Interest Income Expense": 651000.0,
        "Interest Expense Non Operating": 1142000.0,
        "Interest Income Non Operating": 1793000.0,
        "Operating Income": -18960000.0,
        "Operating Expense": 20103000.0,
        "Research And Development": 15271000.0,
        "Selling General And Administration": 4832000.0,
        "General And Administrative Expense": 4832000.0,
        "Other Gand A": 2126000.0,
        "Insurance And Claims": 277000.0,
        "Salaries And Wages": 2429000.0,
        "Total Revenue": 1143000.0,
        "Operating Revenue": 1143000.0
    },
    "2024-09-30": {
        "Tax Effect Of Unusual Items": 0.0,
        "Tax Rate For Calcs": 0.0,
        "Normalized EBITDA": -14975000.0,
        "Total Unusual Items": 0.0,
        "Total Unusual Items Excluding Goodwill": 0.0,
        "Net Income From Continuing Operation Net Minority Interest": -16673000.0,
        "Reconciled Depreciation": 454000.0,
        "EBITDA": -14975000.0,
        "EBIT": -15429000.0,
        "Net Interest Income": 354000.0,
        "Interest Expense": 1244000.0,
        "Interest Income": 1598000.0,
        "Normalized Income": -16673000.0,
        "Net Income From Continuing And Discontinued Operation": -16673000.0,
        "Total Expenses": 17124000.0,
        "Total Operating Income As Reported": -17124000.0,
        "Diluted Average Shares": 43704836.0,
        "Basic Average Shares": 43704836.0,
        "Diluted EPS": -0.38,
        "Basic EPS": -0.38,
        "Diluted NI Availto Com Stockholders": -16673000.0,
        "Net Income Common Stockholders": -16673000.0,
        "Otherunder Preferred Stock Dividend": 0.0,
        "Net Income": -16673000.0,
        "Net Income Including Noncontrolling Interests": -16673000.0,
        "Net Income Continuous Operations": -16673000.0,
        "Pretax Income": -16673000.0,
        "Other Income Expense": 97000.0,
        "Other Non Operating Income Expenses": 97000.0,
        "Special Income Charges": 0.0,
        "Other Special Charges": NaN,
        "Net Non Operating Interest Income Expense": 354000.0,
        "Interest Expense Non Operating": 1244000.0,
        "Interest Income Non Operating": 1598000.0,
        "Operating Income": -17124000.0,
        "Operating Expense": 17124000.0,
        "Research And Development": 12528000.0,
        "Selling General And Administration": 4596000.0,
        "General And Administrative Expense": 4596000.0,
        "Other Gand A": 2020000.0,
        "Insurance And Claims": 281000.0,
        "Salaries And Wages": 2295000.0,
        "Total Revenue": 0.0,
        "Operating Revenue": 0.0
    },
    "2024-12-31": {
        "Tax Effect Of Unusual Items": 0.0,
        "Tax Rate For Calcs": 0.0,
        "Normalized EBITDA": -18691000.0,
        "Total Unusual Items": 0.0,
        "Total Unusual Items Excluding Goodwill": 0.0,
        "Net Income From Continuing Operation Net Minority Interest": -20400000.0,
        "Reconciled Depreciation": 442000.0,
        "EBITDA": -18691000.0,
        "EBIT": -19133000.0,
        "Net Interest Income": 42000.0,
        "Interest Expense": 1267000.0,
        "Interest Income": 1309000.0,
        "Normalized Income": -20400000.0,
        "Net Income From Continuing And Discontinued Operation": -20400000.0,
        "Total Expenses": 20348000.0,
        "Total Operating Income As Reported": -20348000.0,
        "Diluted Average Shares": 44478140.0,
        "Basic Average Shares": 44478140.0,
        "Diluted EPS": -0.46,
        "Basic EPS": -0.46,
        "Diluted NI Availto Com Stockholders": -18990000.0,
        "Net Income Common Stockholders": -18990000.0,
        "Otherunder Preferred Stock Dividend": NaN,
        "Net Income": -20400000.0,
        "Net Income Including Noncontrolling Interests": -20400000.0,
        "Net Income Continuous Operations": -20400000.0,
        "Pretax Income": -20400000.0,
        "Other Income Expense": -94000.0,
        "Other Non Operating Income Expenses": -94000.0,
        "Special Income Charges": 0.0,
        "Other Special Charges": 0.0,
        "Net Non Operating Interest Income Expense": 42000.0,
        "Interest Expense Non Operating": 1267000.0,
        "Interest Income Non Operating": 1309000.0,
        "Operating Income": -20348000.0,
        "Operating Expense": 20348000.0,
        "Research And Development": 15727000.0,
        "Selling General And Administration": 4621000.0,
        "General And Administrative Expense": 4621000.0,
        "Other Gand A": 2028000.0,
        "Insurance And Claims": 271000.0,
        "Salaries And Wages": 2322000.0,
        "Total Revenue": 0.0,
        "Operating Revenue": 0.0
    },
    "2025-03-31": {
        "Tax Effect Of Unusual Items": 0.0,
        "Tax Rate For Calcs": 0.0,
        "Normalized EBITDA": -16400000.0,
        "Total Unusual Items": NaN,
        "Total Unusual Items Excluding Goodwill": NaN,
        "Net Income From Continuing Operation Net Minority Interest": -18089000.0,
        "Reconciled Depreciation": 426000.0,
        "EBITDA": -16400000.0,
        "EBIT": -16826000.0,
        "Net Interest Income": -266000.0,
        "Interest Expense": 1263000.0,
        "Interest Income": 997000.0,
        "Normalized Income": -18089000.0,
        "Net Income From Continuing And Discontinued Operation": -18089000.0,
        "Total Expenses": 17991000.0,
        "Total Operating Income As Reported": -17991000.0,
        "Diluted Average Shares": 44827159.0,
        "Basic Average Shares": 44827159.0,
        "Diluted EPS": -0.4,
        "Basic EPS": -0.4,
        "Diluted NI Availto Com Stockholders": -18089000.0,
        "Net Income Common Stockholders": -18089000.0,
        "Otherunder Preferred Stock Dividend": NaN,
        "Net Income": -18089000.0,
        "Net Income Including Noncontrolling Interests": -18089000.0,
        "Net Income Continuous Operations": -18089000.0,
        "Pretax Income": -18089000.0,
        "Other Income Expense": 168000.0,
        "Other Non Operating Income Expenses": 168000.0,
        "Special Income Charges": NaN,
        "Other Special Charges": NaN,
        "Net Non Operating Interest Income Expense": -266000.0,
        "Interest Expense Non Operating": 1263000.0,
        "Interest Income Non Operating": 997000.0,
        "Operating Income": -17991000.0,
        "Operating Expense": 17991000.0,
        "Research And Development": 13120000.0,
        "Selling General And Administration": 4871000.0,
        "General And Administrative Expense": 4871000.0,
        "Other Gand A": 1948000.0,
        "Insurance And Claims": 273000.0,
        "Salaries And Wages": 2650000.0,
        "Total Revenue": 0.0,
        "Operating Revenue": 0.0
    },
    "2025-06-30": {
        "Tax Effect Of Unusual Items": 0.0,
        "Tax Rate For Calcs": 0.0,
        "Normalized EBITDA": -16275000.0,
        "Total Unusual Items": 0.0,
        "Total Unusual Items Excluding Goodwill": 0.0,
        "Net Income From Continuing Operation Net Minority Interest": -17982000.0,
        "Reconciled Depreciation": 406000.0,
        "EBITDA": -16275000.0,
        "EBIT": -16681000.0,
        "Net Interest Income": -451000.0,
        "Interest Expense": 1301000.0,
        "Interest Income": 850000.0,
        "Normalized Income": -17982000.0,
        "Net Income From Continuing And Discontinued Operation": -17982000.0,
        "Total Expenses": 17542000.0,
        "Total Operating Income As Reported": -17542000.0,
        "Diluted Average Shares": 44981746.0,
        "Basic Average Shares": 44981746.0,
        "Diluted EPS": -0.4,
        "Basic EPS": -0.4,
        "Diluted NI Availto Com Stockholders": -17982000.0,
        "Net Income Common Stockholders": -17982000.0,
        "Otherunder Preferred Stock Dividend": NaN,
        "Net Income": -17982000.0,
        "Net Income Including Noncontrolling Interests": -17982000.0,
        "Net Income Continuous Operations": -17982000.0,
        "Pretax Income": -17982000.0,
        "Other Income Expense": 11000.0,
        "Other Non Operating Income Expenses": 11000.0,
        "Special Income Charges": 0.0,
        "Other Special Charges": NaN,
        "Net Non Operating Interest Income Expense": -451000.0,
        "Interest Expense Non Operating": 1301000.0,
        "Interest Income Non Operating": 850000.0,
        "Operating Income": -17542000.0,
        "Operating Expense": 17542000.0,
        "Research And Development": 13143000.0,
        "Selling General And Administration": 4399000.0,
        "General And Administrative Expense": 4399000.0,
        "Other Gand A": 2040000.0,
        "Insurance And Claims": 264000.0,
        "Salaries And Wages": 2095000.0,
        "Total Revenue": 0.0,
        "Operating Revenue": 0.0
    }
}