{
    "2023-06-30": {
        "Tax Effect Of Unusual Items": NaN,
        "Tax Rate For Calcs": NaN,
        "Normalized EBITDA": NaN,
        "Total Unusual Items": NaN,
        "Total Unusual Items Excluding Goodwill": NaN,
        "Net Income From Continuing Operation Net Minority Interest": NaN,
        "Reconciled Depreciation": NaN,
        "Reconciled Cost Of Revenue": NaN,
        "EBITDA": NaN,
        "EBIT": NaN,
        "Net Interest Income": NaN,
        "Interest Expense": NaN,
        "Interest Income": NaN,
        "Normalized Income": NaN,
        "Net Income From Continuing And Discontinued Operation": NaN,
        "Total Expenses": NaN,
        "Total Operating Income As Reported": NaN,
        "Diluted Average Shares": NaN,
        "Basic Average Shares": NaN,
        "Diluted EPS": NaN,
        "Basic EPS": NaN,
        "Diluted NI Availto Com Stockholders": NaN,
        "Average Dilution Earnings": NaN,
        "Net Income Common Stockholders": NaN,
        "Otherunder Preferred Stock Dividend": NaN,
        "Net Income": NaN,
        "Net Income Including Noncontrolling Interests": NaN,
        "Net Income Discontinuous Operations": 13000.0,
        "Net Income Continuous Operations": NaN,
        "Tax Provision": NaN,
        "Pretax Income": NaN,
        "Other Income Expense": NaN,
        "Other Non Operating Income Expenses": NaN,
        "Special Income Charges": NaN,
        "Gain On Sale Of Ppe": NaN,
        "Impairment Of Capital Assets": NaN,
        "Restructuring And Mergern Acquisition": 0.0,
        "Gain On Sale Of Security": NaN,
        "Net Non Operating Interest Income Expense": NaN,
        "Interest Expense Non Operating": NaN,
        "Interest Income Non Operating": NaN,
        "Operating Income": NaN,
        "Operating Expense": NaN,
        "Other Operating Expenses": NaN,
        "Research And Development": NaN,
        "Selling General And Administration": NaN,
        "Gross Profit": NaN,
        "Cost Of Revenue": NaN,
        "Total Revenue": NaN,
        "Operating Revenue": NaN
    },
    "2023-03-31": {
        "Tax Effect Of Unusual Items": NaN,
        "Tax Rate For Calcs": NaN,
        "Normalized EBITDA": NaN,
        "Total Unusual Items": NaN,
        "Total Unusual Items Excluding Goodwill": NaN,
        "Net Income From Continuing Operation Net Minority Interest": NaN,
        "Reconciled Depreciation": NaN,
        "Reconciled Cost Of Revenue": NaN,
        "EBITDA": NaN,
        "EBIT": NaN,
        "Net Interest Income": NaN,
        "Interest Expense": NaN,
        "Interest Income": NaN,
        "Normalized Income": NaN,
        "Net Income From Continuing And Discontinued Operation": NaN,
        "Total Expenses": NaN,
        "Total Operating Income As Reported": NaN,
        "Diluted Average Shares": NaN,
        "Basic Average Shares": NaN,
        "Diluted EPS": NaN,
        "Basic EPS": NaN,
        "Diluted NI Availto Com Stockholders": NaN,
        "Average Dilution Earnings": NaN,
        "Net Income Common Stockholders": NaN,
        "Otherunder Preferred Stock Dividend": NaN,
        "Net Income": NaN,
        "Net Income Including Noncontrolling Interests": NaN,
        "Net Income Discontinuous Operations": 139000.0,
        "Net Income Continuous Operations": NaN,
        "Tax Provision": NaN,
        "Pretax Income": NaN,
        "Other Income Expense": NaN,
        "Other Non Operating Income Expenses": NaN,
        "Special Income Charges": NaN,
        "Gain On Sale Of Ppe": NaN,
        "Impairment Of Capital Assets": NaN,
        "Restructuring And Mergern Acquisition": 0.0,
        "Gain On Sale Of Security": NaN,
        "Net Non Operating Interest Income Expense": NaN,
        "Interest Expense Non Operating": NaN,
        "Interest Income Non Operating": NaN,
        "Operating Income": NaN,
        "Operating Expense": NaN,
        "Other Operating Expenses": NaN,
        "Research And Development": NaN,
        "Selling General And Administration": NaN,
        "Gross Profit": NaN,
        "Cost Of Revenue": NaN,
        "Total Revenue": NaN,
        "Operating Revenue": NaN
    },
    "2022-12-31": {
        "Tax Effect Of Unusual Items": NaN,
        "Tax Rate For Calcs": NaN,
        "Normalized EBITDA": NaN,
        "Total Unusual Items": NaN,
        "Total Unusual Items Excluding Goodwill": NaN,
        "Net Income From Continuing Operation Net Minority Interest": NaN,
        "Reconciled Depreciation": NaN,
        "Reconciled Cost Of Revenue": NaN,
        "EBITDA": NaN,
        "EBIT": NaN,
        "Net Interest Income": NaN,
        "Interest Expense": NaN,
        "Interest Income": NaN,
        "Normalized Income": NaN,
        "Net Income From Continuing And Discontinued Operation": NaN,
        "Total Expenses": NaN,
        "Total Operating Income As Reported": NaN,
        "Diluted Average Shares": NaN,
        "Basic Average Shares": NaN,
        "Diluted EPS": NaN,
        "Basic EPS": NaN,
        "Diluted NI Availto Com Stockholders": NaN,
        "Average Dilution Earnings": NaN,
        "Net Income Common Stockholders": NaN,
        "Otherunder Preferred Stock Dividend": NaN,
        "Net Income": NaN,
        "Net Income Including Noncontrolling Interests": NaN,
        "Net Income Discontinuous Operations": 718000.0,
        "Net Income Continuous Operations": NaN,
        "Tax Provision": NaN,
        "Pretax Income": NaN,
        "Other Income Expense": NaN,
        "Other Non Operating Income Expenses": NaN,
        "Special Income Charges": NaN,
        "Gain On Sale Of Ppe": NaN,
        "Impairment Of Capital Assets": NaN,
        "Restructuring And Mergern Acquisition": 0.0,
        "Gain On Sale Of Security": NaN,
        "Net Non Operating Interest Income Expense": NaN,
        "Interest Expense Non Operating": NaN,
        "Interest Income Non Operating": NaN,
        "Operating Income": NaN,
        "Operating Expense": NaN,
        "Other Operating Expenses": NaN,
        "Research And Development": NaN,
        "Selling General And Administration": NaN,
        "Gross Profit": NaN,
        "Cost Of Revenue": NaN,
        "Total Revenue": NaN,
        "Operating Revenue": NaN
    },
    "2022-09-30": {
        "Tax Effect Of Unusual Items": NaN,
        "Tax Rate For Calcs": NaN,
        "Normalized EBITDA": NaN,
        "Total Unusual Items": NaN,
        "Total Unusual Items Excluding Goodwill": NaN,
        "Net Income From Continuing Operation Net Minority Interest": NaN,
        "Reconciled Depreciation": NaN,
        "Reconciled Cost Of Revenue": NaN,
        "EBITDA": NaN,
        "EBIT": NaN,
        "Net Interest Income": NaN,
        "Interest Expense": NaN,
        "Interest Income": NaN,
        "Normalized Income": NaN,
        "Net Income From Continuing And Discontinued Operation": NaN,
        "Total Expenses": NaN,
        "Total Operating Income As Reported": NaN,
        "Diluted Average Shares": NaN,
        "Basic Average Shares": NaN,
        "Diluted EPS": NaN,
        "Basic EPS": NaN,
        "Diluted NI Availto Com Stockholders": NaN,
        "Average Dilution Earnings": NaN,
        "Net Income Common Stockholders": NaN,
        "Otherunder Preferred Stock Dividend": 370000.0,
        "Net Income": NaN,
        "Net Income Including Noncontrolling Interests": NaN,
        "Net Income Discontinuous Operations": 507000.0,
        "Net Income Continuous Operations": NaN,
        "Tax Provision": NaN,
        "Pretax Income": NaN,
        "Other Income Expense": NaN,
        "Other Non Operating Income Expenses": NaN,
        "Special Income Charges": NaN,
        "Gain On Sale Of Ppe": NaN,
        "Other Special Charges": 0.0,
        "Impairment Of Capital Assets": NaN,
        "Restructuring And Mergern Acquisition": 0.0,
        "Gain On Sale Of Security": NaN,
        "Net Non Operating Interest Income Expense": NaN,
        "Interest Expense Non Operating": NaN,
        "Interest Income Non Operating": NaN,
        "Operating Income": NaN,
        "Operating Expense": NaN,
        "Other Operating Expenses": NaN,
        "Research And Development": NaN,
        "Selling General And Administration": NaN,
        "Gross Profit": NaN,
        "Cost Of Revenue": NaN,
        "Total Revenue": NaN,
        "Operating Revenue": NaN
    },
    "2022-06-30": {
        "Tax Effect Of Unusual Items": -123570.0,
        "Tax Rate For Calcs": 0.09,
        "Normalized EBITDA": 125691000.0,
        "Total Unusual Items": -1373000.0,
        "Total Unusual Items Excluding Goodwill": -1373000.0,
        "Net Income From Continuing Operation Net Minority Interest": 17475000.0,
        "Reconciled Depreciation": 100741000.0,
        "Reconciled Cost Of Revenue": 478004000.0,
        "EBITDA": 124318000.0,
        "EBIT": 23577000.0,
        "Net Interest Income": 941000.0,
        "Interest Expense": 4372000.0,
        "Interest Income": 5313000.0,
        "Normalized Income": 18724430.0,
        "Net Income From Continuing And Discontinued Operation": 17752000.0,
        "Total Expenses": 529448000.0,
        "Total Operating Income As Reported": 33722000.0,
        "Diluted Average Shares": 106021000.0,
        "Basic Average Shares": 105289000.0,
        "Diluted EPS": 0.16,
        "Basic EPS": 0.16,
        "Diluted NI Availto Com Stockholders": 17384000.0,
        "Net Income Common Stockholders": 17384000.0,
        "Otherunder Preferred Stock Dividend": 368000.0,
        "Net Income": 17752000.0,
        "Net Income Including Noncontrolling Interests": 17752000.0,
        "Net Income Discontinuous Operations": 277000.0,
        "Net Income Continuous Operations": 17475000.0,
        "Tax Provision": 1730000.0,
        "Pretax Income": 19205000.0,
        "Other Income Expense": -2521000.0,
        "Other Non Operating Income Expenses": -1148000.0,
        "Special Income Charges": 12937000.0,
        "Gain On Sale Of Ppe": 12970000.0,
        "Other Special Charges": NaN,
        "Write Off": NaN,
        "Impairment Of Capital Assets": 0.0,
        "Restructuring And Mergern Acquisition": 33000.0,
        "Gain On Sale Of Security": -14310000.0,
        "Net Non Operating Interest Income Expense": 941000.0,
        "Interest Expense Non Operating": 4372000.0,
        "Interest Income Non Operating": 5313000.0,
        "Operating Income": 20785000.0,
        "Operating Expense": 51444000.0,
        "Other Operating Expenses": NaN,
        "Research And Development": 6511000.0,
        "Selling General And Administration": 44933000.0,
        "Gross Profit": 72229000.0,
        "Cost Of Revenue": 478004000.0,
        "Total Revenue": 550233000.0,
        "Operating Revenue": 547906000.0
    },
    "2023-09-30": {
        "Tax Effect Of Unusual Items": NaN,
        "Tax Rate For Calcs": NaN,
        "Normalized EBITDA": NaN,
        "Total Unusual Items": NaN,
        "Total Unusual Items Excluding Goodwill": NaN,
        "Net Income From Continuing Operation Net Minority Interest": NaN,
        "Reconciled Depreciation": NaN,
        "Reconciled Cost Of Revenue": NaN,
        "EBITDA": NaN,
        "EBIT": NaN,
        "Net Interest Income": NaN,
        "Interest Expense": NaN,
        "Interest Income": NaN,
        "Normalized Income": NaN,
        "Net Income From Continuing And Discontinued Operation": NaN,
        "Total Expenses": NaN,
        "Total Operating Income As Reported": NaN,
        "Diluted Average Shares": NaN,
        "Basic Average Shares": NaN,
        "Diluted EPS": NaN,
        "Basic EPS": NaN,
        "Diluted NI Availto Com Stockholders": NaN,
        "Average Dilution Earnings": NaN,
        "Net Income Common Stockholders": NaN,
        "Otherunder Preferred Stock Dividend": NaN,
        "Net Income": NaN,
        "Minority Interests": NaN,
        "Net Income Including Noncontrolling Interests": NaN,
        "Net Income Continuous Operations": NaN,
        "Tax Provision": NaN,
        "Pretax Income": NaN,
        "Other Income Expense": NaN,
        "Other Non Operating Income Expenses": NaN,
        "Special Income Charges": NaN,
        "Gain On Sale Of Ppe": NaN,
        "Impairment Of Capital Assets": NaN,
        "Restructuring And Mergern Acquisition": 0.0,
        "Gain On Sale Of Security": NaN,
        "Net Non Operating Interest Income Expense": NaN,
        "Interest Expense Non Operating": NaN,
        "Interest Income Non Operating": NaN,
        "Operating Income": NaN,
        "Operating Expense": NaN,
        "Other Operating Expenses": NaN,
        "Research And Development": NaN,
        "Selling General And Administration": NaN,
        "Gross Profit": NaN,
        "Cost Of Revenue": NaN,
        "Total Revenue": NaN,
        "Operating Revenue": NaN
    },
    "2023-12-31": {
        "Tax Effect Of Unusual Items": NaN,
        "Tax Rate For Calcs": NaN,
        "Normalized EBITDA": NaN,
        "Total Unusual Items": NaN,
        "Total Unusual Items Excluding Goodwill": NaN,
        "Net Income From Continuing Operation Net Minority Interest": NaN,
        "Reconciled Depreciation": NaN,
        "Reconciled Cost Of Revenue": NaN,
        "EBITDA": NaN,
        "EBIT": NaN,
        "Net Interest Income": NaN,
        "Interest Expense": NaN,
        "Interest Income": NaN,
        "Normalized Income": NaN,
        "Net Income From Continuing And Discontinued Operation": NaN,
        "Total Expenses": NaN,
        "Total Operating Income As Reported": NaN,
        "Diluted Average Shares": NaN,
        "Basic Average Shares": NaN,
        "Diluted EPS": NaN,
        "Basic EPS": NaN,
        "Diluted NI Availto Com Stockholders": NaN,
        "Average Dilution Earnings": NaN,
        "Net Income Common Stockholders": NaN,
        "Otherunder Preferred Stock Dividend": NaN,
        "Net Income": NaN,
        "Minority Interests": NaN,
        "Net Income Including Noncontrolling Interests": NaN,
        "Net Income Continuous Operations": NaN,
        "Tax Provision": NaN,
        "Pretax Income": NaN,
        "Other Income Expense": NaN,
        "Other Non Operating Income Expenses": NaN,
        "Special Income Charges": NaN,
        "Gain On Sale Of Ppe": NaN,
        "Impairment Of Capital Assets": 0.0,
        "Restructuring And Mergern Acquisition": 0.0,
        "Gain On Sale Of Security": NaN,
        "Net Non Operating Interest Income Expense": NaN,
        "Interest Expense Non Operating": NaN,
        "Interest Income Non Operating": NaN,
        "Operating Income": NaN,
        "Operating Expense": NaN,
        "Other Operating Expenses": NaN,
        "Research And Development": NaN,
        "Selling General And Administration": NaN,
        "Gross Profit": NaN,
        "Cost Of Revenue": NaN,
        "Total Revenue": NaN,
        "Operating Revenue": NaN
    },
    "2024-03-31": {
        "Tax Effect Of Unusual Items": NaN,
        "Tax Rate For Calcs": NaN,
        "Normalized EBITDA": NaN,
        "Total Unusual Items": NaN,
        "Total Unusual Items Excluding Goodwill": NaN,
        "Net Income From Continuing Operation Net Minority Interest": NaN,
        "Reconciled Depreciation": NaN,
        "Reconciled Cost Of Revenue": NaN,
        "EBITDA": NaN,
        "EBIT": NaN,
        "Net Interest Income": NaN,
        "Interest Expense": NaN,
        "Interest Income": NaN,
        "Normalized Income": NaN,
        "Net Income From Continuing And Discontinued Operation": NaN,
        "Total Expenses": NaN,
        "Total Operating Income As Reported": NaN,
        "Diluted Average Shares": NaN,
        "Basic Average Shares": NaN,
        "Diluted EPS": NaN,
        "Basic EPS": NaN,
        "Diluted NI Availto Com Stockholders": NaN,
        "Average Dilution Earnings": NaN,
        "Net Income Common Stockholders": NaN,
        "Otherunder Preferred Stock Dividend": NaN,
        "Net Income": NaN,
        "Minority Interests": 0.0,
        "Net Income Including Noncontrolling Interests": NaN,
        "Net Income Continuous Operations": NaN,
        "Tax Provision": NaN,
        "Pretax Income": NaN,
        "Other Income Expense": NaN,
        "Other Non Operating Income Expenses": NaN,
        "Special Income Charges": NaN,
        "Gain On Sale Of Ppe": NaN,
        "Impairment Of Capital Assets": 0.0,
        "Restructuring And Mergern Acquisition": 850000.0,
        "Gain On Sale Of Security": NaN,
        "Net Non Operating Interest Income Expense": NaN,
        "Interest Expense Non Operating": NaN,
        "Interest Income Non Operating": NaN,
        "Operating Income": NaN,
        "Operating Expense": NaN,
        "Other Operating Expenses": NaN,
        "Research And Development": NaN,
        "Selling General And Administration": NaN,
        "Gross Profit": NaN,
        "Cost Of Revenue": NaN,
        "Total Revenue": NaN,
        "Operating Revenue": NaN
    },
    "2024-06-30": {
        "Tax Effect Of Unusual Items": -394617.111155,
        "Tax Rate For Calcs": 0.275378,
        "Normalized EBITDA": 225973000.0,
        "Total Unusual Items": -1433000.0,
        "Total Unusual Items Excluding Goodwill": -1433000.0,
        "Net Income From Continuing Operation Net Minority Interest": 88685000.0,
        "Reconciled Depreciation": 97816000.0,
        "Reconciled Cost Of Revenue": 512696000.0,
        "EBITDA": 224540000.0,
        "EBIT": 126724000.0,
        "Net Interest Income": 7552000.0,
        "Interest Expense": 4336000.0,
        "Interest Income": 11888000.0,
        "Normalized Income": 89723382.888845,
        "Net Income From Continuing And Discontinued Operation": 88685000.0,
        "Total Expenses": 584589000.0,
        "Total Operating Income As Reported": 113457000.0,
        "Diluted Average Shares": 99007000.0,
        "Basic Average Shares": 98752000.0,
        "Diluted EPS": 0.88,
        "Basic EPS": 0.89,
        "Diluted NI Availto Com Stockholders": 87475000.0,
        "Average Dilution Earnings": 1000.0,
        "Net Income Common Stockholders": 87474000.0,
        "Otherunder Preferred Stock Dividend": 1211000.0,
        "Net Income": 88685000.0,
        "Minority Interests": 0.0,
        "Net Income Including Noncontrolling Interests": 88685000.0,
        "Net Income Continuous Operations": 88685000.0,
        "Tax Provision": 33703000.0,
        "Pretax Income": 122388000.0,
        "Other Income Expense": 1701000.0,
        "Other Non Operating Income Expenses": 3134000.0,
        "Special Income Charges": 322000.0,
        "Gain On Sale Of Ppe": 7002000.0,
        "Impairment Of Capital Assets": 0.0,
        "Restructuring And Mergern Acquisition": 6680000.0,
        "Gain On Sale Of Security": -1755000.0,
        "Net Non Operating Interest Income Expense": 7552000.0,
        "Interest Expense Non Operating": 4336000.0,
        "Interest Income Non Operating": 11888000.0,
        "Operating Income": 113135000.0,
        "Operating Expense": 71893000.0,
        "Other Operating Expenses": 1144000.0,
        "Research And Development": 10555000.0,
        "Selling General And Administration": 60194000.0,
        "Gross Profit": 185028000.0,
        "Cost Of Revenue": 512696000.0,
        "Total Revenue": 697724000.0,
        "Operating Revenue": 695139000.0
    },
    "2024-09-30": {
        "Tax Effect Of Unusual Items": 1781214.741221,
        "Tax Rate For Calcs": 0.351324,
        "Normalized EBITDA": 228400000.0,
        "Total Unusual Items": 5070000.0,
        "Total Unusual Items Excluding Goodwill": 5070000.0,
        "Net Income From Continuing Operation Net Minority Interest": 75476000.0,
        "Reconciled Depreciation": 100992000.0,
        "Reconciled Cost Of Revenue": 509035000.0,
        "EBITDA": 233470000.0,
        "EBIT": 132478000.0,
        "Net Interest Income": -4145000.0,
        "Interest Expense": 16124000.0,
        "Interest Income": 11979000.0,
        "Normalized Income": 72187214.741221,
        "Net Income From Continuing And Discontinued Operation": 75476000.0,
        "Total Expenses": 578466000.0,
        "Total Operating Income As Reported": 106546000.0,
        "Diluted Average Shares": 98995000.0,
        "Basic Average Shares": 98755000.0,
        "Diluted EPS": 0.75,
        "Basic EPS": 0.75,
        "Diluted NI Availto Com Stockholders": 74451000.0,
        "Average Dilution Earnings": 1000.0,
        "Net Income Common Stockholders": 74450000.0,
        "Otherunder Preferred Stock Dividend": 1026000.0,
        "Net Income": 75476000.0,
        "Minority Interests": NaN,
        "Net Income Including Noncontrolling Interests": 75476000.0,
        "Net Income Continuous Operations": 75476000.0,
        "Tax Provision": 40878000.0,
        "Pretax Income": 116354000.0,
        "Other Income Expense": 5172000.0,
        "Other Non Operating Income Expenses": 102000.0,
        "Special Income Charges": -8781000.0,
        "Gain On Sale Of Ppe": -27108000.0,
        "Impairment Of Capital Assets": -33309000.0,
        "Restructuring And Mergern Acquisition": NaN,
        "Gain On Sale Of Security": 13851000.0,
        "Net Non Operating Interest Income Expense": -4145000.0,
        "Interest Expense Non Operating": 16124000.0,
        "Interest Income Non Operating": 11979000.0,
        "Operating Income": 115327000.0,
        "Operating Expense": 69431000.0,
        "Other Operating Expenses": 1176000.0,
        "Research And Development": 8862000.0,
        "Selling General And Administration": 59393000.0,
        "Gross Profit": 184758000.0,
        "Cost Of Revenue": 509035000.0,
        "Total Revenue": 693793000.0,
        "Operating Revenue": 691293000.0
    },
    "2024-12-31": {
        "Tax Effect Of Unusual Items": -4576676.0,
        "Tax Rate For Calcs": 0.283,
        "Normalized EBITDA": 213969000.0,
        "Total Unusual Items": -16172000.0,
        "Total Unusual Items Excluding Goodwill": -16172000.0,
        "Net Income From Continuing Operation Net Minority Interest": 54772000.0,
        "Reconciled Depreciation": 99080000.0,
        "Reconciled Cost Of Revenue": 510937000.0,
        "EBITDA": 197797000.0,
        "EBIT": 98717000.0,
        "Net Interest Income": -557000.0,
        "Interest Expense": 22298000.0,
        "Interest Income": 21741000.0,
        "Normalized Income": 66367324.0,
        "Net Income From Continuing And Discontinued Operation": 54772000.0,
        "Total Expenses": 584514000.0,
        "Total Operating Income As Reported": 89983000.0,
        "Diluted Average Shares": 99159000.0,
        "Basic Average Shares": 98867000.0,
        "Diluted EPS": 0.54,
        "Basic EPS": 0.55,
        "Diluted NI Availto Com Stockholders": 54013000.0,
        "Average Dilution Earnings": 1000.0,
        "Net Income Common Stockholders": 54012000.0,
        "Otherunder Preferred Stock Dividend": 760000.0,
        "Net Income": 54772000.0,
        "Minority Interests": NaN,
        "Net Income Including Noncontrolling Interests": 54772000.0,
        "Net Income Continuous Operations": 54772000.0,
        "Tax Provision": 21647000.0,
        "Pretax Income": 76419000.0,
        "Other Income Expense": -15812000.0,
        "Other Non Operating Income Expenses": 360000.0,
        "Special Income Charges": -2805000.0,
        "Gain On Sale Of Ppe": 7730000.0,
        "Impairment Of Capital Assets": NaN,
        "Restructuring And Mergern Acquisition": 10535000.0,
        "Gain On Sale Of Security": -13367000.0,
        "Net Non Operating Interest Income Expense": -557000.0,
        "Interest Expense Non Operating": 22298000.0,
        "Interest Income Non Operating": 21741000.0,
        "Operating Income": 92788000.0,
        "Operating Expense": 73577000.0,
        "Other Operating Expenses": 1156000.0,
        "Research And Development": 9359000.0,
        "Selling General And Administration": 63062000.0,
        "Gross Profit": 166365000.0,
        "Cost Of Revenue": 510937000.0,
        "Total Revenue": 677302000.0,
        "Operating Revenue": 674613000.0
    },
    "2025-03-31": {
        "Tax Effect Of Unusual Items": 192360.0,
        "Tax Rate For Calcs": 0.21,
        "Normalized EBITDA": 229527000.0,
        "Total Unusual Items": 916000.0,
        "Total Unusual Items Excluding Goodwill": 916000.0,
        "Net Income From Continuing Operation Net Minority Interest": 1654000.0,
        "Reconciled Depreciation": 157657000.0,
        "Reconciled Cost Of Revenue": 859314000.0,
        "EBITDA": 230443000.0,
        "EBIT": 72786000.0,
        "Net Interest Income": -21081000.0,
        "Interest Expense": 28338000.0,
        "Interest Income": 7257000.0,
        "Normalized Income": 930360.0,
        "Net Income From Continuing And Discontinued Operation": 1654000.0,
        "Total Expenses": 953022000.0,
        "Total Operating Income As Reported": 42163000.0,
        "Diluted Average Shares": 99381000.0,
        "Basic Average Shares": 99360000.0,
        "Diluted EPS": 0.01,
        "Basic EPS": 0.01,
        "Diluted NI Availto Com Stockholders": 1250000.0,
        "Average Dilution Earnings": 0.0,
        "Net Income Common Stockholders": 1250000.0,
        "Otherunder Preferred Stock Dividend": 404000.0,
        "Net Income": 1654000.0,
        "Minority Interests": -1332000.0,
        "Net Income Including Noncontrolling Interests": 2986000.0,
        "Net Income Continuous Operations": 2986000.0,
        "Tax Provision": 41462000.0,
        "Pretax Income": 44448000.0,
        "Other Income Expense": 2512000.0,
        "Other Non Operating Income Expenses": 1596000.0,
        "Special Income Charges": -20854000.0,
        "Gain On Sale Of Ppe": 10857000.0,
        "Impairment Of Capital Assets": 1844000.0,
        "Restructuring And Mergern Acquisition": 29867000.0,
        "Gain On Sale Of Security": 21770000.0,
        "Net Non Operating Interest Income Expense": -21081000.0,
        "Interest Expense Non Operating": 28338000.0,
        "Interest Income Non Operating": 7257000.0,
        "Operating Income": 63017000.0,
        "Operating Expense": 93708000.0,
        "Other Operating Expenses": 3485000.0,
        "Research And Development": 9421000.0,
        "Selling General And Administration": 80802000.0,
        "Gross Profit": 156725000.0,
        "Cost Of Revenue": 859314000.0,
        "Total Revenue": 1016039000.0,
        "Operating Revenue": 1012394000.0
    },
    "2025-06-30": {
        "Tax Effect Of Unusual Items": -40044690.0,
        "Tax Rate For Calcs": 0.21,
        "Normalized EBITDA": 266472000.0,
        "Total Unusual Items": -190689000.0,
        "Total Unusual Items Excluding Goodwill": -190689000.0,
        "Net Income From Continuing Operation Net Minority Interest": -162758000.0,
        "Reconciled Depreciation": 179491000.0,
        "Reconciled Cost Of Revenue": 883715000.0,
        "EBITDA": 75783000.0,
        "EBIT": -103708000.0,
        "Net Interest Income": -26344000.0,
        "Interest Expense": 29200000.0,
        "Interest Income": 2856000.0,
        "Normalized Income": -12113690.0,
        "Net Income From Continuing And Discontinued Operation": -162758000.0,
        "Total Expenses": 988057000.0,
        "Total Operating Income As Reported": -128269000.0,
        "Diluted Average Shares": 99422000.0,
        "Basic Average Shares": 99422000.0,
        "Diluted EPS": -1.64,
        "Basic EPS": -1.64,
        "Diluted NI Availto Com Stockholders": -163103000.0,
        "Average Dilution Earnings": 0.0,
        "Net Income Common Stockholders": -163103000.0,
        "Otherunder Preferred Stock Dividend": 345000.0,
        "Net Income": -162758000.0,
        "Minority Interests": -859000.0,
        "Net Income Including Noncontrolling Interests": -161899000.0,
        "Net Income Continuous Operations": -161899000.0,
        "Tax Provision": 28991000.0,
        "Pretax Income": -132908000.0,
        "Other Income Expense": -159431000.0,
        "Other Non Operating Income Expenses": 31258000.0,
        "Special Income Charges": -181136000.0,
        "Gain On Sale Of Ppe": 5426000.0,
        "Impairment Of Capital Assets": 173258000.0,
        "Restructuring And Mergern Acquisition": 13304000.0,
        "Gain On Sale Of Security": -9553000.0,
        "Net Non Operating Interest Income Expense": -26344000.0,
        "Interest Expense Non Operating": 29200000.0,
        "Interest Income Non Operating": 2856000.0,
        "Operating Income": 52867000.0,
        "Operating Expense": 104342000.0,
        "Other Operating Expenses": 31059000.0,
        "Research And Development": 7777000.0,
        "Selling General And Administration": 65506000.0,
        "Gross Profit": 157209000.0,
        "Cost Of Revenue": 883715000.0,
        "Total Revenue": 1040924000.0,
        "Operating Revenue": 1037876000.0
    }
}