{
    "2023-04-30": {
        "Tax Effect Of Unusual Items": NaN,
        "Tax Rate For Calcs": NaN,
        "Normalized EBITDA": NaN,
        "Total Unusual Items": NaN,
        "Total Unusual Items Excluding Goodwill": NaN,
        "Net Income From Continuing Operation Net Minority Interest": NaN,
        "Reconciled Depreciation": NaN,
        "Reconciled Cost Of Revenue": NaN,
        "EBITDA": NaN,
        "EBIT": NaN,
        "Net Interest Income": NaN,
        "Interest Expense": 47000000.0,
        "Normalized Income": NaN,
        "Net Income From Continuing And Discontinued Operation": NaN,
        "Total Expenses": NaN,
        "Total Operating Income As Reported": NaN,
        "Diluted Average Shares": NaN,
        "Basic Average Shares": NaN,
        "Diluted EPS": NaN,
        "Basic EPS": NaN,
        "Diluted NI Availto Com Stockholders": NaN,
        "Net Income Common Stockholders": NaN,
        "Net Income": NaN,
        "Net Income Including Noncontrolling Interests": NaN,
        "Net Income Continuous Operations": NaN,
        "Tax Provision": NaN,
        "Pretax Income": NaN,
        "Other Income Expense": NaN,
        "Other Non Operating Income Expenses": 7000000.0,
        "Special Income Charges": NaN,
        "Other Special Charges": 3000000.0,
        "Restructuring And Mergern Acquisition": NaN,
        "Earnings From Equity Interest": NaN,
        "Net Non Operating Interest Income Expense": NaN,
        "Total Other Finance Cost": NaN,
        "Interest Expense Non Operating": 47000000.0,
        "Operating Income": NaN,
        "Operating Expense": NaN,
        "Other Taxes": NaN,
        "Depreciation Amortization Depletion Income Statement": NaN,
        "Depreciation And Amortization In Income Statement": NaN,
        "Amortization": NaN,
        "Amortization Of Intangibles Income Statement": NaN,
        "Research And Development": NaN,
        "Selling General And Administration": NaN,
        "Gross Profit": NaN,
        "Cost Of Revenue": NaN,
        "Total Revenue": NaN,
        "Operating Revenue": NaN
    },
    "2023-01-31": {
        "Tax Effect Of Unusual Items": NaN,
        "Tax Rate For Calcs": NaN,
        "Normalized EBITDA": NaN,
        "Total Unusual Items": NaN,
        "Total Unusual Items Excluding Goodwill": NaN,
        "Net Income From Continuing Operation Net Minority Interest": NaN,
        "Reconciled Depreciation": NaN,
        "Reconciled Cost Of Revenue": NaN,
        "EBITDA": NaN,
        "EBIT": NaN,
        "Net Interest Income": NaN,
        "Interest Expense": NaN,
        "Normalized Income": NaN,
        "Net Income From Continuing And Discontinued Operation": NaN,
        "Total Expenses": NaN,
        "Total Operating Income As Reported": NaN,
        "Diluted Average Shares": NaN,
        "Basic Average Shares": NaN,
        "Diluted EPS": NaN,
        "Basic EPS": NaN,
        "Diluted NI Availto Com Stockholders": NaN,
        "Net Income Common Stockholders": NaN,
        "Net Income": NaN,
        "Net Income Including Noncontrolling Interests": NaN,
        "Net Income Continuous Operations": NaN,
        "Tax Provision": NaN,
        "Pretax Income": NaN,
        "Other Income Expense": NaN,
        "Other Non Operating Income Expenses": -1000000.0,
        "Special Income Charges": NaN,
        "Other Special Charges": 1000000.0,
        "Restructuring And Mergern Acquisition": NaN,
        "Earnings From Equity Interest": NaN,
        "Net Non Operating Interest Income Expense": NaN,
        "Total Other Finance Cost": NaN,
        "Interest Expense Non Operating": NaN,
        "Operating Income": NaN,
        "Operating Expense": NaN,
        "Other Taxes": 1000000.0,
        "Depreciation Amortization Depletion Income Statement": NaN,
        "Depreciation And Amortization In Income Statement": NaN,
        "Amortization": NaN,
        "Amortization Of Intangibles Income Statement": NaN,
        "Research And Development": NaN,
        "Selling General And Administration": NaN,
        "Gross Profit": NaN,
        "Cost Of Revenue": NaN,
        "Total Revenue": NaN,
        "Operating Revenue": NaN
    },
    "2022-10-31": {
        "Tax Effect Of Unusual Items": NaN,
        "Tax Rate For Calcs": NaN,
        "Normalized EBITDA": NaN,
        "Total Unusual Items": NaN,
        "Total Unusual Items Excluding Goodwill": NaN,
        "Net Income From Continuing Operation Net Minority Interest": NaN,
        "Reconciled Depreciation": NaN,
        "Reconciled Cost Of Revenue": NaN,
        "EBITDA": NaN,
        "EBIT": NaN,
        "Net Interest Income": NaN,
        "Interest Expense": NaN,
        "Normalized Income": NaN,
        "Net Income From Continuing And Discontinued Operation": NaN,
        "Total Expenses": NaN,
        "Total Operating Income As Reported": NaN,
        "Diluted Average Shares": NaN,
        "Basic Average Shares": NaN,
        "Diluted EPS": NaN,
        "Basic EPS": NaN,
        "Diluted NI Availto Com Stockholders": NaN,
        "Net Income Common Stockholders": NaN,
        "Net Income": NaN,
        "Net Income Including Noncontrolling Interests": NaN,
        "Net Income Continuous Operations": NaN,
        "Tax Provision": NaN,
        "Pretax Income": NaN,
        "Other Income Expense": NaN,
        "Other Non Operating Income Expenses": 8000000.0,
        "Special Income Charges": NaN,
        "Other Special Charges": -1000000.0,
        "Restructuring And Mergern Acquisition": NaN,
        "Earnings From Equity Interest": NaN,
        "Net Non Operating Interest Income Expense": NaN,
        "Total Other Finance Cost": NaN,
        "Interest Expense Non Operating": NaN,
        "Operating Income": NaN,
        "Operating Expense": NaN,
        "Other Taxes": 20000000.0,
        "Depreciation Amortization Depletion Income Statement": NaN,
        "Depreciation And Amortization In Income Statement": NaN,
        "Amortization": NaN,
        "Amortization Of Intangibles Income Statement": NaN,
        "Research And Development": NaN,
        "Selling General And Administration": NaN,
        "Gross Profit": NaN,
        "Cost Of Revenue": NaN,
        "Total Revenue": NaN,
        "Operating Revenue": NaN
    },
    "2022-07-31": {
        "Tax Effect Of Unusual Items": -14105603.448276,
        "Tax Rate For Calcs": 0.118534,
        "Normalized EBITDA": 1294000000.0,
        "Total Unusual Items": -119000000.0,
        "Total Unusual Items Excluding Goodwill": -119000000.0,
        "Net Income From Continuing Operation Net Minority Interest": 409000000.0,
        "Reconciled Depreciation": 620000000.0,
        "Reconciled Cost Of Revenue": 4008000000.0,
        "EBITDA": 1175000000.0,
        "EBIT": 555000000.0,
        "Net Interest Income": -74000000.0,
        "Interest Expense": 74000000.0,
        "Normalized Income": 513894396.551724,
        "Net Income From Continuing And Discontinued Operation": 409000000.0,
        "Total Expenses": 6396000000.0,
        "Total Operating Income As Reported": 466000000.0,
        "Diluted Average Shares": 1323000000.0,
        "Basic Average Shares": 1305000000.0,
        "Diluted EPS": 0.31,
        "Basic EPS": 0.31,
        "Diluted NI Availto Com Stockholders": 409000000.0,
        "Net Income Common Stockholders": 409000000.0,
        "Net Income": 409000000.0,
        "Net Income Including Noncontrolling Interests": 409000000.0,
        "Net Income Continuous Operations": 409000000.0,
        "Tax Provision": 55000000.0,
        "Pretax Income": 464000000.0,
        "Other Income Expense": -17000000.0,
        "Other Non Operating Income Expenses": 34000000.0,
        "Special Income Charges": -119000000.0,
        "Other Special Charges": 30000000.0,
        "Impairment Of Capital Assets": NaN,
        "Restructuring And Mergern Acquisition": 89000000.0,
        "Earnings From Equity Interest": 68000000.0,
        "Net Non Operating Interest Income Expense": -74000000.0,
        "Total Other Finance Cost": 74000000.0,
        "Interest Expense Non Operating": 74000000.0,
        "Operating Income": 555000000.0,
        "Operating Expense": 1841000000.0,
        "Other Taxes": 30000000.0,
        "Depreciation Amortization Depletion Income Statement": 73000000.0,
        "Depreciation And Amortization In Income Statement": 73000000.0,
        "Amortization": 73000000.0,
        "Amortization Of Intangibles Income Statement": 73000000.0,
        "Research And Development": 509000000.0,
        "Selling General And Administration": 1229000000.0,
        "Gross Profit": 2396000000.0,
        "Cost Of Revenue": 4555000000.0,
        "Total Revenue": 6951000000.0,
        "Operating Revenue": 6951000000.0
    },
    "2022-04-30": {
        "Diluted EPS": 0.19,
        "Total Revenue": NaN,
        "Gross Profit": NaN,
        "Operating Income": 207,
        "EBIT": 828,
        "Net Income": 250
    },
    "2022-01-31": {
        "Diluted EPS": 0.39,
        "Total Revenue": NaN,
        "Gross Profit": NaN,
        "Operating Income": 448,
        "EBIT": NaN,
        "Net Income": 513
    },
    "2021-10-31": {
        "Diluted EPS": 1.93,
        "Total Revenue": NaN,
        "Gross Profit": NaN,
        "Operating Income": 350,
        "EBIT": 991,
        "Net Income": NaN
    },
    "2021-07-31": {
        "Diluted EPS": 0.29,
        "Total Revenue": NaN,
        "Gross Profit": NaN,
        "Operating Income": 282,
        "EBIT": 925,
        "Net Income": 392
    },
    "2021-04-30": {
        "Diluted EPS": 0.19,
        "Total Revenue": NaN,
        "Gross Profit": NaN,
        "Operating Income": 278,
        "EBIT": 917,
        "Net Income": 259
    },
    "2021-01-31": {
        "Diluted EPS": 0.17,
        "Total Revenue": NaN,
        "Gross Profit": NaN,
        "Operating Income": 222,
        "EBIT": 896,
        "Net Income": 223
    },
    "2020-10-31": {
        "Diluted EPS": 0.13,
        "Total Revenue": NaN,
        "Gross Profit": NaN,
        "Operating Income": 145,
        "EBIT": 797,
        "Net Income": 157
    },
    "2020-07-31": {
        "Diluted EPS": 0.01,
        "Total Revenue": NaN,
        "Gross Profit": NaN,
        "Operating Income": 12,
        "EBIT": 654,
        "Net Income": 9
    },
    "2020-04-30": {
        "Diluted EPS": -0.64,
        "Total Revenue": NaN,
        "Gross Profit": NaN,
        "Operating Income": -834,
        "EBIT": 672,
        "Net Income": -821
    },
    "2020-01-31": {
        "Diluted EPS": 0.25,
        "Total Revenue": NaN,
        "Gross Profit": NaN,
        "Operating Income": 348,
        "EBIT": NaN,
        "Net Income": 333
    },
    "2019-10-31": {
        "Diluted EPS": 0.36,
        "Total Revenue": NaN,
        "Gross Profit": NaN,
        "Operating Income": 460,
        "EBIT": NaN,
        "Net Income": 480
    },
    "2019-07-31": {
        "Diluted EPS": -0.02,
        "Total Revenue": NaN,
        "Gross Profit": NaN,
        "Operating Income": -76,
        "EBIT": 556,
        "Net Income": -27
    },
    "2019-04-30": {
        "Diluted EPS": 0.3,
        "Total Revenue": NaN,
        "Gross Profit": NaN,
        "Operating Income": 434,
        "EBIT": NaN,
        "Net Income": 419
    },
    "2019-01-31": {
        "Diluted EPS": 0.13,
        "Total Revenue": NaN,
        "Gross Profit": NaN,
        "Operating Income": 456,
        "EBIT": NaN,
        "Net Income": 177
    },
    "2018-10-31": {
        "Diluted EPS": -0.44,
        "Total Revenue": NaN,
        "Gross Profit": NaN,
        "Operating Income": 653,
        "EBIT": NaN,
        "Net Income": -757
    },
    "2018-07-31": {
        "Diluted EPS": 0.29,
        "Total Revenue": NaN,
        "Gross Profit": NaN,
        "Operating Income": 490,
        "EBIT": NaN,
        "Net Income": 451
    },
    "2018-04-30": {
        "Diluted EPS": 0.49,
        "Total Revenue": NaN,
        "Gross Profit": NaN,
        "Operating Income": 366,
        "EBIT": NaN,
        "Net Income": 778
    },
    "2018-01-31": {
        "Diluted EPS": 0.89,
        "Total Revenue": NaN,
        "Gross Profit": NaN,
        "Operating Income": 228,
        "EBIT": 863,
        "Net Income": NaN
    },
    "2017-10-31": {
        "Diluted EPS": 0.32,
        "Total Revenue": NaN,
        "Gross Profit": NaN,
        "Operating Income": -285,
        "EBIT": 397,
        "Net Income": 524
    },
    "2017-07-31": {
        "Diluted EPS": 0.1,
        "Total Revenue": NaN,
        "Gross Profit": NaN,
        "Operating Income": 201,
        "EBIT": 938,
        "Net Income": 165
    },
    "2017-04-30": {
        "Diluted EPS": -0.37,
        "Total Revenue": NaN,
        "Gross Profit": NaN,
        "Operating Income": 195,
        "EBIT": 987,
        "Net Income": -612
    },
    "2017-01-31": {
        "Diluted EPS": 0.16,
        "Total Revenue": NaN,
        "Gross Profit": NaN,
        "Operating Income": 453,
        "EBIT": NaN,
        "Net Income": 267
    },
    "2016-10-31": {
        "Diluted EPS": 0.17,
        "Total Revenue": NaN,
        "Gross Profit": 203,
        "Operating Income": 423,
        "EBIT": NaN,
        "Net Income": 302
    },
    "2016-07-31": {
        "Diluted EPS": 1.32,
        "Total Revenue": NaN,
        "Gross Profit": NaN,
        "Operating Income": NaN,
        "EBIT": NaN,
        "Net Income": NaN
    },
    "2016-04-30": {
        "Diluted EPS": 0.18,
        "Total Revenue": NaN,
        "Gross Profit": NaN,
        "Operating Income": 451,
        "EBIT": NaN,
        "Net Income": 320
    },
    "2016-01-31": {
        "Diluted EPS": 0.15,
        "Total Revenue": NaN,
        "Gross Profit": NaN,
        "Operating Income": 384,
        "EBIT": NaN,
        "Net Income": 267
    },
    "2015-10-31": {
        "Diluted EPS": 0.73,
        "Total Revenue": NaN,
        "Gross Profit": NaN,
        "Operating Income": 908,
        "EBIT": NaN,
        "Net Income": NaN
    },
    "2015-07-31": {
        "Diluted EPS": 0.13,
        "Total Revenue": NaN,
        "Gross Profit": NaN,
        "Operating Income": 244,
        "EBIT": NaN,
        "Net Income": 224
    },
    "2015-04-30": {
        "Diluted EPS": 0.16,
        "Total Revenue": NaN,
        "Gross Profit": NaN,
        "Operating Income": 428,
        "EBIT": NaN,
        "Net Income": 305
    },
    "2015-01-31": {
        "Diluted EPS": 0.3,
        "Total Revenue": NaN,
        "Gross Profit": NaN,
        "Operating Income": 732,
        "EBIT": NaN,
        "Net Income": 547
    },
    "2014-10-31": {
        "Diluted EPS": 0.7,
        "Total Revenue": NaN,
        "Gross Profit": NaN,
        "Operating Income": NaN,
        "EBIT": NaN,
        "Net Income": NaN
    },
    "2013-10-31": {
        "Diluted EPS": 0.0,
        "Total Revenue": NaN,
        "Gross Profit": NaN,
        "Operating Income": NaN,
        "EBIT": NaN,
        "Net Income": NaN
    },
    "2012-10-31": {
        "Diluted EPS": 0.0,
        "Total Revenue": NaN,
        "Gross Profit": NaN,
        "Operating Income": NaN,
        "EBIT": NaN,
        "Net Income": NaN
    },
    "2023-07-31": {
        "Tax Effect Of Unusual Items": NaN,
        "Tax Rate For Calcs": NaN,
        "Normalized EBITDA": NaN,
        "Total Unusual Items": NaN,
        "Total Unusual Items Excluding Goodwill": NaN,
        "Net Income From Continuing Operation Net Minority Interest": NaN,
        "Reconciled Depreciation": NaN,
        "Reconciled Cost Of Revenue": NaN,
        "EBITDA": NaN,
        "EBIT": NaN,
        "Net Interest Income": NaN,
        "Interest Expense": 50000000.0,
        "Normalized Income": NaN,
        "Net Income From Continuing And Discontinued Operation": NaN,
        "Total Expenses": NaN,
        "Total Operating Income As Reported": NaN,
        "Diluted Average Shares": NaN,
        "Basic Average Shares": NaN,
        "Diluted EPS": NaN,
        "Basic EPS": NaN,
        "Diluted NI Availto Com Stockholders": NaN,
        "Net Income Common Stockholders": NaN,
        "Preferred Stock Dividends": NaN,
        "Net Income": NaN,
        "Net Income Including Noncontrolling Interests": NaN,
        "Net Income Continuous Operations": NaN,
        "Tax Provision": NaN,
        "Pretax Income": NaN,
        "Other Income Expense": NaN,
        "Other Non Operating Income Expenses": 42000000.0,
        "Special Income Charges": NaN,
        "Gain On Sale Of Business": NaN,
        "Other Special Charges": 1000000.0,
        "Restructuring And Mergern Acquisition": NaN,
        "Earnings From Equity Interest": NaN,
        "Net Non Operating Interest Income Expense": NaN,
        "Total Other Finance Cost": NaN,
        "Interest Expense Non Operating": 50000000.0,
        "Operating Income": NaN,
        "Operating Expense": NaN,
        "Other Taxes": -45000000.0,
        "Depreciation Amortization Depletion Income Statement": NaN,
        "Depreciation And Amortization In Income Statement": NaN,
        "Amortization": NaN,
        "Amortization Of Intangibles Income Statement": NaN,
        "Research And Development": NaN,
        "Selling General And Administration": NaN,
        "Gross Profit": NaN,
        "Cost Of Revenue": NaN,
        "Total Revenue": NaN,
        "Operating Revenue": NaN
    },
    "2023-10-31": {
        "Tax Effect Of Unusual Items": NaN,
        "Tax Rate For Calcs": NaN,
        "Normalized EBITDA": NaN,
        "Total Unusual Items": NaN,
        "Total Unusual Items Excluding Goodwill": NaN,
        "Net Income From Continuing Operation Net Minority Interest": NaN,
        "Reconciled Depreciation": NaN,
        "Reconciled Cost Of Revenue": NaN,
        "EBITDA": NaN,
        "EBIT": NaN,
        "Net Interest Income": NaN,
        "Interest Expense": 27000000.0,
        "Normalized Income": NaN,
        "Net Income From Continuing And Discontinued Operation": NaN,
        "Total Expenses": NaN,
        "Total Operating Income As Reported": NaN,
        "Diluted Average Shares": NaN,
        "Basic Average Shares": NaN,
        "Diluted EPS": NaN,
        "Basic EPS": NaN,
        "Diluted NI Availto Com Stockholders": NaN,
        "Net Income Common Stockholders": NaN,
        "Preferred Stock Dividends": NaN,
        "Net Income": NaN,
        "Net Income Including Noncontrolling Interests": NaN,
        "Net Income Continuous Operations": NaN,
        "Tax Provision": NaN,
        "Pretax Income": NaN,
        "Other Income Expense": NaN,
        "Other Non Operating Income Expenses": 4000000.0,
        "Special Income Charges": NaN,
        "Gain On Sale Of Business": NaN,
        "Other Special Charges": -4000000.0,
        "Impairment Of Capital Assets": NaN,
        "Restructuring And Mergern Acquisition": NaN,
        "Earnings From Equity Interest": NaN,
        "Net Non Operating Interest Income Expense": NaN,
        "Total Other Finance Cost": NaN,
        "Interest Expense Non Operating": 27000000.0,
        "Operating Income": NaN,
        "Operating Expense": NaN,
        "Other Taxes": -5000000.0,
        "Depreciation Amortization Depletion Income Statement": NaN,
        "Depreciation And Amortization In Income Statement": NaN,
        "Amortization": NaN,
        "Amortization Of Intangibles Income Statement": NaN,
        "Research And Development": NaN,
        "Selling General And Administration": NaN,
        "Gross Profit": NaN,
        "Cost Of Revenue": NaN,
        "Total Revenue": NaN,
        "Operating Revenue": NaN
    },
    "2024-01-31": {
        "Tax Effect Of Unusual Items": NaN,
        "Tax Rate For Calcs": NaN,
        "Normalized EBITDA": NaN,
        "Total Unusual Items": NaN,
        "Total Unusual Items Excluding Goodwill": NaN,
        "Net Income From Continuing Operation Net Minority Interest": NaN,
        "Reconciled Depreciation": NaN,
        "Reconciled Cost Of Revenue": NaN,
        "EBITDA": NaN,
        "EBIT": NaN,
        "Net Interest Income": NaN,
        "Interest Expense": 88000000.0,
        "Normalized Income": NaN,
        "Net Income From Continuing And Discontinued Operation": NaN,
        "Total Expenses": NaN,
        "Total Operating Income As Reported": NaN,
        "Diluted Average Shares": NaN,
        "Basic Average Shares": NaN,
        "Diluted EPS": NaN,
        "Basic EPS": NaN,
        "Diluted NI Availto Com Stockholders": NaN,
        "Net Income Common Stockholders": NaN,
        "Preferred Stock Dividends": NaN,
        "Net Income": NaN,
        "Net Income Including Noncontrolling Interests": NaN,
        "Net Income Continuous Operations": NaN,
        "Tax Provision": NaN,
        "Pretax Income": NaN,
        "Other Income Expense": NaN,
        "Special Income Charges": NaN,
        "Gain On Sale Of Business": 0.0,
        "Other Special Charges": NaN,
        "Impairment Of Capital Assets": NaN,
        "Restructuring And Mergern Acquisition": NaN,
        "Earnings From Equity Interest": NaN,
        "Net Non Operating Interest Income Expense": NaN,
        "Total Other Finance Cost": NaN,
        "Interest Expense Non Operating": 88000000.0,
        "Operating Income": NaN,
        "Operating Expense": NaN,
        "Depreciation Amortization Depletion Income Statement": NaN,
        "Depreciation And Amortization In Income Statement": NaN,
        "Amortization": NaN,
        "Amortization Of Intangibles Income Statement": NaN,
        "Research And Development": NaN,
        "Selling General And Administration": NaN,
        "Gross Profit": NaN,
        "Cost Of Revenue": NaN,
        "Total Revenue": NaN,
        "Operating Revenue": NaN
    },
    "2024-04-30": {
        "Tax Effect Of Unusual Items": -23256179.775281,
        "Tax Rate For Calcs": 0.294,
        "Normalized EBITDA": 1225000000.0,
        "Total Unusual Items": -79000000.0,
        "Total Unusual Items Excluding Goodwill": -79000000.0,
        "Net Income From Continuing Operation Net Minority Interest": 314000000.0,
        "Reconciled Depreciation": 642000000.0,
        "Reconciled Cost Of Revenue": 4253000000.0,
        "EBITDA": 1146000000.0,
        "EBIT": 504000000.0,
        "Net Interest Income": -22000000.0,
        "Interest Expense": 22000000.0,
        "Normalized Income": 369774000.0,
        "Net Income From Continuing And Discontinued Operation": 314000000.0,
        "Total Expenses": 6700000000.0,
        "Total Operating Income As Reported": 425000000.0,
        "Diluted Average Shares": 1325000000.0,
        "Basic Average Shares": 1311000000.0,
        "Diluted EPS": 0.24,
        "Basic EPS": 0.24,
        "Diluted NI Availto Com Stockholders": 314000000.0,
        "Net Income Common Stockholders": 314000000.0,
        "Preferred Stock Dividends": NaN,
        "Net Income": 314000000.0,
        "Net Income Including Noncontrolling Interests": 314000000.0,
        "Net Income Continuous Operations": 314000000.0,
        "Tax Provision": 131000000.0,
        "Pretax Income": 445000000.0,
        "Other Income Expense": -37000000.0,
        "Special Income Charges": -79000000.0,
        "Gain On Sale Of Business": 0.0,
        "Other Special Charges": NaN,
        "Impairment Of Capital Assets": 0.0,
        "Restructuring And Mergern Acquisition": 79000000.0,
        "Earnings From Equity Interest": 42000000.0,
        "Net Non Operating Interest Income Expense": -22000000.0,
        "Total Other Finance Cost": 22000000.0,
        "Interest Expense Non Operating": 22000000.0,
        "Operating Income": 504000000.0,
        "Operating Expense": 1872000000.0,
        "Depreciation Amortization Depletion Income Statement": 67000000.0,
        "Depreciation And Amortization In Income Statement": 67000000.0,
        "Amortization": 67000000.0,
        "Amortization Of Intangibles Income Statement": 67000000.0,
        "Research And Development": 590000000.0,
        "Selling General And Administration": 1215000000.0,
        "Gross Profit": 2376000000.0,
        "Cost Of Revenue": 4828000000.0,
        "Total Revenue": 7204000000.0,
        "Operating Revenue": 7204000000.0
    },
    "2024-07-31": {
        "Tax Effect Of Unusual Items": -8848000.0,
        "Tax Rate For Calcs": 0.158,
        "Normalized EBITDA": 1284000000.0,
        "Total Unusual Items": -56000000.0,
        "Total Unusual Items Excluding Goodwill": -56000000.0,
        "Net Income From Continuing Operation Net Minority Interest": 512000000.0,
        "Reconciled Depreciation": 625000000.0,
        "Reconciled Cost Of Revenue": 4706000000.0,
        "EBITDA": 1228000000.0,
        "EBIT": 603000000.0,
        "Net Interest Income": -12000000.0,
        "Interest Expense": NaN,
        "Normalized Income": 559152000.0,
        "Net Income From Continuing And Discontinued Operation": 512000000.0,
        "Total Expenses": 7107000000.0,
        "Total Operating Income As Reported": 547000000.0,
        "Diluted Average Shares": 1332000000.0,
        "Basic Average Shares": 1312000000.0,
        "Diluted EPS": 0.38,
        "Basic EPS": 0.39,
        "Diluted NI Availto Com Stockholders": 512000000.0,
        "Net Income Common Stockholders": 512000000.0,
        "Preferred Stock Dividends": NaN,
        "Net Income": 512000000.0,
        "Net Income Including Noncontrolling Interests": 512000000.0,
        "Net Income Continuous Operations": 512000000.0,
        "Tax Provision": 96000000.0,
        "Pretax Income": 608000000.0,
        "Other Income Expense": 17000000.0,
        "Special Income Charges": -56000000.0,
        "Gain On Sale Of Business": NaN,
        "Other Special Charges": 5000000.0,
        "Impairment Of Capital Assets": NaN,
        "Restructuring And Mergern Acquisition": 51000000.0,
        "Earnings From Equity Interest": 73000000.0,
        "Net Non Operating Interest Income Expense": -12000000.0,
        "Total Other Finance Cost": 12000000.0,
        "Interest Expense Non Operating": NaN,
        "Operating Income": 603000000.0,
        "Operating Expense": 1836000000.0,
        "Depreciation Amortization Depletion Income Statement": 60000000.0,
        "Depreciation And Amortization In Income Statement": 60000000.0,
        "Amortization": 60000000.0,
        "Amortization Of Intangibles Income Statement": 60000000.0,
        "Research And Development": 547000000.0,
        "Selling General And Administration": 1229000000.0,
        "Gross Profit": 2439000000.0,
        "Cost Of Revenue": 5271000000.0,
        "Total Revenue": 7710000000.0,
        "Operating Revenue": 7710000000.0
    },
    "2024-10-31": {
        "Tax Effect Of Unusual Items": 22566690.190543,
        "Tax Rate For Calcs": 0.035992,
        "Normalized EBITDA": 812000000.0,
        "Total Unusual Items": 627000000.0,
        "Total Unusual Items Excluding Goodwill": 627000000.0,
        "Net Income From Continuing Operation Net Minority Interest": 1366000000.0,
        "Reconciled Depreciation": 640000000.0,
        "Reconciled Cost Of Revenue": 5281000000.0,
        "EBITDA": 1439000000.0,
        "EBIT": 799000000.0,
        "Net Interest Income": 5000000.0,
        "Interest Expense": NaN,
        "Normalized Income": 761566690.190543,
        "Net Income From Continuing And Discontinued Operation": 1366000000.0,
        "Total Expenses": 7659000000.0,
        "Total Operating Income As Reported": 693000000.0,
        "Diluted Average Shares": 1375000000.0,
        "Basic Average Shares": 1312000000.0,
        "Diluted EPS": 0.99,
        "Basic EPS": 1.02,
        "Diluted NI Availto Com Stockholders": 1341000000.0,
        "Net Income Common Stockholders": 1341000000.0,
        "Preferred Stock Dividends": NaN,
        "Net Income": 1366000000.0,
        "Net Income Including Noncontrolling Interests": 1366000000.0,
        "Net Income Continuous Operations": 1366000000.0,
        "Tax Provision": 51000000.0,
        "Pretax Income": 1417000000.0,
        "Other Income Expense": 613000000.0,
        "Special Income Charges": 627000000.0,
        "Gain On Sale Of Business": NaN,
        "Other Special Charges": 2000000.0,
        "Impairment Of Capital Assets": NaN,
        "Restructuring And Mergern Acquisition": 104000000.0,
        "Earnings From Equity Interest": -14000000.0,
        "Net Non Operating Interest Income Expense": 5000000.0,
        "Total Other Finance Cost": -5000000.0,
        "Interest Expense Non Operating": NaN,
        "Operating Income": 799000000.0,
        "Operating Expense": 1807000000.0,
        "Depreciation Amortization Depletion Income Statement": 69000000.0,
        "Depreciation And Amortization In Income Statement": 69000000.0,
        "Amortization": 69000000.0,
        "Amortization Of Intangibles Income Statement": 69000000.0,
        "Research And Development": 527000000.0,
        "Selling General And Administration": 1211000000.0,
        "Gross Profit": 2606000000.0,
        "Cost Of Revenue": 5852000000.0,
        "Total Revenue": 8458000000.0,
        "Operating Revenue": 8458000000.0
    },
    "2025-01-31": {
        "Tax Effect Of Unusual Items": 23635000.0,
        "Tax Rate For Calcs": 0.145,
        "Normalized EBITDA": 950000000.0,
        "Total Unusual Items": 163000000.0,
        "Total Unusual Items Excluding Goodwill": 163000000.0,
        "Net Income From Continuing Operation Net Minority Interest": 627000000.0,
        "Reconciled Depreciation": 599000000.0,
        "Reconciled Cost Of Revenue": 4998000000.0,
        "EBITDA": 1113000000.0,
        "EBIT": 514000000.0,
        "Net Interest Income": 39000000.0,
        "Interest Expense": NaN,
        "Normalized Income": 487635000.0,
        "Net Income From Continuing And Discontinued Operation": 627000000.0,
        "Total Expenses": 7340000000.0,
        "Total Operating Income As Reported": 433000000.0,
        "Diluted Average Shares": 1409000000.0,
        "Basic Average Shares": 1316000000.0,
        "Diluted EPS": 0.44,
        "Basic EPS": 0.45,
        "Diluted NI Availto Com Stockholders": 598000000.0,
        "Net Income Common Stockholders": 598000000.0,
        "Preferred Stock Dividends": 29000000.0,
        "Net Income": 627000000.0,
        "Net Income Including Noncontrolling Interests": 627000000.0,
        "Net Income Continuous Operations": 627000000.0,
        "Tax Provision": 106000000.0,
        "Pretax Income": 733000000.0,
        "Other Income Expense": 180000000.0,
        "Special Income Charges": 163000000.0,
        "Gain On Sale Of Business": 244000000.0,
        "Other Special Charges": NaN,
        "Impairment Of Capital Assets": NaN,
        "Restructuring And Mergern Acquisition": 81000000.0,
        "Earnings From Equity Interest": 17000000.0,
        "Net Non Operating Interest Income Expense": 39000000.0,
        "Total Other Finance Cost": -39000000.0,
        "Interest Expense Non Operating": NaN,
        "Operating Income": 514000000.0,
        "Operating Expense": 1781000000.0,
        "Depreciation Amortization Depletion Income Statement": 38000000.0,
        "Depreciation And Amortization In Income Statement": 38000000.0,
        "Amortization": 38000000.0,
        "Amortization Of Intangibles Income Statement": 38000000.0,
        "Research And Development": 475000000.0,
        "Selling General And Administration": 1268000000.0,
        "Gross Profit": 2295000000.0,
        "Cost Of Revenue": 5559000000.0,
        "Total Revenue": 7854000000.0,
        "Operating Revenue": 7854000000.0
    },
    "2025-04-30": {
        "Tax Effect Of Unusual Items": -294630000.0,
        "Tax Rate For Calcs": 0.21,
        "Normalized EBITDA": 2271000000.0,
        "Total Unusual Items": -1403000000.0,
        "Total Unusual Items Excluding Goodwill": -1403000000.0,
        "Net Income From Continuing Operation Net Minority Interest": -1050000000.0,
        "Reconciled Depreciation": 574000000.0,
        "Reconciled Cost Of Revenue": 4921000000.0,
        "EBITDA": 868000000.0,
        "EBIT": 294000000.0,
        "Net Interest Income": 39000000.0,
        "Interest Expense": NaN,
        "Normalized Income": 58370000.0,
        "Net Income From Continuing And Discontinued Operation": -1050000000.0,
        "Total Expenses": 7333000000.0,
        "Total Operating Income As Reported": -1109000000.0,
        "Diluted Average Shares": 1322000000.0,
        "Basic Average Shares": 1322000000.0,
        "Diluted EPS": -0.82,
        "Basic EPS": -0.82,
        "Diluted NI Availto Com Stockholders": -1079000000.0,
        "Net Income Common Stockholders": -1079000000.0,
        "Preferred Stock Dividends": 29000000.0,
        "Net Income": -1050000000.0,
        "Net Income Including Noncontrolling Interests": -1050000000.0,
        "Net Income Continuous Operations": -1050000000.0,
        "Tax Provision": 5000000.0,
        "Pretax Income": -1045000000.0,
        "Other Income Expense": -1378000000.0,
        "Special Income Charges": -1403000000.0,
        "Gain On Sale Of Business": 0.0,
        "Other Special Charges": NaN,
        "Impairment Of Capital Assets": 1361000000.0,
        "Restructuring And Mergern Acquisition": 42000000.0,
        "Earnings From Equity Interest": 25000000.0,
        "Net Non Operating Interest Income Expense": 39000000.0,
        "Total Other Finance Cost": -39000000.0,
        "Interest Expense Non Operating": NaN,
        "Operating Income": 294000000.0,
        "Operating Expense": 1875000000.0,
        "Depreciation Amortization Depletion Income Statement": 37000000.0,
        "Depreciation And Amortization In Income Statement": 37000000.0,
        "Amortization": 37000000.0,
        "Amortization Of Intangibles Income Statement": 37000000.0,
        "Research And Development": 540000000.0,
        "Selling General And Administration": 1298000000.0,
        "Gross Profit": 2169000000.0,
        "Cost Of Revenue": 5458000000.0,
        "Total Revenue": 7627000000.0,
        "Operating Revenue": 7627000000.0
    }
}