{
    "2023-03-31": {
        "Tax Effect Of Unusual Items": NaN,
        "Tax Rate For Calcs": NaN,
        "Normalized EBITDA": NaN,
        "Total Unusual Items": NaN,
        "Total Unusual Items Excluding Goodwill": NaN,
        "Net Income From Continuing Operation Net Minority Interest": NaN,
        "Reconciled Depreciation": NaN,
        "Reconciled Cost Of Revenue": NaN,
        "EBITDA": NaN,
        "EBIT": NaN,
        "Net Interest Income": NaN,
        "Interest Expense": NaN,
        "Interest Income": NaN,
        "Normalized Income": NaN,
        "Net Income From Continuing And Discontinued Operation": NaN,
        "Total Expenses": NaN,
        "Total Operating Income As Reported": NaN,
        "Diluted Average Shares": 117765000.0,
        "Basic Average Shares": 111055000.0,
        "Diluted EPS": 0.39,
        "Basic EPS": 0.41,
        "Diluted NI Availto Com Stockholders": NaN,
        "Average Dilution Earnings": NaN,
        "Net Income Common Stockholders": NaN,
        "Otherunder Preferred Stock Dividend": NaN,
        "Net Income": NaN,
        "Net Income Including Noncontrolling Interests": NaN,
        "Net Income Continuous Operations": NaN,
        "Tax Provision": NaN,
        "Pretax Income": NaN,
        "Other Income Expense": NaN,
        "Other Non Operating Income Expenses": NaN,
        "Special Income Charges": NaN,
        "Other Special Charges": NaN,
        "Gain On Sale Of Security": NaN,
        "Net Non Operating Interest Income Expense": NaN,
        "Total Other Finance Cost": NaN,
        "Interest Expense Non Operating": NaN,
        "Interest Income Non Operating": NaN,
        "Operating Income": NaN,
        "Operating Expense": NaN,
        "Other Operating Expenses": NaN,
        "Selling General And Administration": NaN,
        "General And Administrative Expense": NaN,
        "Other Gand A": NaN,
        "Salaries And Wages": NaN,
        "Gross Profit": NaN,
        "Cost Of Revenue": NaN,
        "Total Revenue": NaN,
        "Operating Revenue": NaN
    },
    "2022-12-31": {
        "Tax Effect Of Unusual Items": NaN,
        "Tax Rate For Calcs": NaN,
        "Normalized EBITDA": NaN,
        "Total Unusual Items": NaN,
        "Total Unusual Items Excluding Goodwill": NaN,
        "Net Income From Continuing Operation Net Minority Interest": NaN,
        "Reconciled Depreciation": NaN,
        "Reconciled Cost Of Revenue": NaN,
        "EBITDA": NaN,
        "EBIT": NaN,
        "Net Interest Income": NaN,
        "Interest Expense": NaN,
        "Interest Income": NaN,
        "Normalized Income": NaN,
        "Net Income From Continuing And Discontinued Operation": NaN,
        "Total Expenses": NaN,
        "Total Operating Income As Reported": NaN,
        "Diluted Average Shares": 117249000.0,
        "Basic Average Shares": 111042000.0,
        "Diluted EPS": 0.53,
        "Basic EPS": 0.56,
        "Diluted NI Availto Com Stockholders": NaN,
        "Average Dilution Earnings": NaN,
        "Net Income Common Stockholders": NaN,
        "Otherunder Preferred Stock Dividend": NaN,
        "Net Income": NaN,
        "Net Income Including Noncontrolling Interests": NaN,
        "Net Income Continuous Operations": NaN,
        "Tax Provision": NaN,
        "Pretax Income": NaN,
        "Other Income Expense": NaN,
        "Other Non Operating Income Expenses": NaN,
        "Special Income Charges": NaN,
        "Other Special Charges": NaN,
        "Gain On Sale Of Security": NaN,
        "Net Non Operating Interest Income Expense": NaN,
        "Total Other Finance Cost": NaN,
        "Interest Expense Non Operating": NaN,
        "Interest Income Non Operating": NaN,
        "Operating Income": NaN,
        "Operating Expense": NaN,
        "Other Operating Expenses": NaN,
        "Selling General And Administration": NaN,
        "General And Administrative Expense": NaN,
        "Other Gand A": NaN,
        "Salaries And Wages": NaN,
        "Gross Profit": NaN,
        "Cost Of Revenue": NaN,
        "Total Revenue": NaN,
        "Operating Revenue": NaN
    },
    "2022-09-30": {
        "Tax Effect Of Unusual Items": NaN,
        "Tax Rate For Calcs": NaN,
        "Normalized EBITDA": NaN,
        "Total Unusual Items": NaN,
        "Total Unusual Items Excluding Goodwill": NaN,
        "Net Income From Continuing Operation Net Minority Interest": NaN,
        "Reconciled Depreciation": NaN,
        "Reconciled Cost Of Revenue": NaN,
        "EBITDA": NaN,
        "EBIT": NaN,
        "Net Interest Income": NaN,
        "Interest Expense": NaN,
        "Interest Income": NaN,
        "Normalized Income": NaN,
        "Net Income From Continuing And Discontinued Operation": NaN,
        "Total Expenses": NaN,
        "Total Operating Income As Reported": NaN,
        "Diluted Average Shares": NaN,
        "Basic Average Shares": NaN,
        "Diluted EPS": NaN,
        "Basic EPS": NaN,
        "Diluted NI Availto Com Stockholders": NaN,
        "Average Dilution Earnings": NaN,
        "Net Income Common Stockholders": NaN,
        "Otherunder Preferred Stock Dividend": NaN,
        "Net Income": NaN,
        "Net Income Including Noncontrolling Interests": NaN,
        "Net Income Continuous Operations": NaN,
        "Tax Provision": NaN,
        "Pretax Income": NaN,
        "Other Income Expense": NaN,
        "Other Non Operating Income Expenses": NaN,
        "Special Income Charges": 0.0,
        "Other Special Charges": NaN,
        "Gain On Sale Of Security": NaN,
        "Net Non Operating Interest Income Expense": NaN,
        "Total Other Finance Cost": NaN,
        "Interest Expense Non Operating": NaN,
        "Interest Income Non Operating": NaN,
        "Operating Income": NaN,
        "Operating Expense": NaN,
        "Other Operating Expenses": NaN,
        "Selling General And Administration": NaN,
        "General And Administrative Expense": NaN,
        "Other Gand A": NaN,
        "Salaries And Wages": NaN,
        "Gross Profit": NaN,
        "Cost Of Revenue": NaN,
        "Total Revenue": NaN,
        "Operating Revenue": NaN
    },
    "2022-06-30": {
        "Tax Effect Of Unusual Items": -2818167.0,
        "Tax Rate For Calcs": 0.237,
        "Normalized EBITDA": 156552000.0,
        "Total Unusual Items": -11891000.0,
        "Total Unusual Items Excluding Goodwill": -11891000.0,
        "Net Income From Continuing Operation Net Minority Interest": 77561000.0,
        "Reconciled Depreciation": 34883000.0,
        "Reconciled Cost Of Revenue": 61779000.0,
        "EBITDA": 144661000.0,
        "EBIT": 109778000.0,
        "Net Interest Income": -9280000.0,
        "Interest Expense": 8145000.0,
        "Interest Income": 2000.0,
        "Normalized Income": 86633833.0,
        "Net Income From Continuing And Discontinued Operation": 77561000.0,
        "Total Expenses": 78624000.0,
        "Total Operating Income As Reported": 122804000.0,
        "Diluted Average Shares": 111228000.0,
        "Basic Average Shares": 103178000.0,
        "Diluted EPS": 0.64,
        "Basic EPS": 0.69,
        "Diluted NI Availto Com Stockholders": 71347000.0,
        "Average Dilution Earnings": 162000.0,
        "Net Income Common Stockholders": 71185000.0,
        "Otherunder Preferred Stock Dividend": 6376000.0,
        "Net Income": 77561000.0,
        "Net Income Including Noncontrolling Interests": 77561000.0,
        "Net Income Continuous Operations": 77561000.0,
        "Tax Provision": 24072000.0,
        "Pretax Income": 101633000.0,
        "Other Income Expense": -11891000.0,
        "Other Non Operating Income Expenses": NaN,
        "Gain On Sale Of Security": -11891000.0,
        "Net Non Operating Interest Income Expense": -9280000.0,
        "Total Other Finance Cost": 1137000.0,
        "Interest Expense Non Operating": 8145000.0,
        "Interest Income Non Operating": 2000.0,
        "Operating Income": 122804000.0,
        "Operating Expense": 16845000.0,
        "Other Operating Expenses": 250000.0,
        "Selling General And Administration": 16595000.0,
        "General And Administrative Expense": 16595000.0,
        "Other Gand A": 2016000.0,
        "Salaries And Wages": 14579000.0,
        "Gross Profit": 139649000.0,
        "Cost Of Revenue": 61779000.0,
        "Total Revenue": 201428000.0,
        "Operating Revenue": 201428000.0
    },
    "2022-03-31": {
        "Diluted EPS": -0.17,
        "Total Revenue": 92,
        "Gross Profit": 78,
        "Operating Income": 55,
        "EBIT": 73,
        "Net Income": -17
    },
    "2021-12-31": {
        "Diluted EPS": 0.35,
        "Total Revenue": 99,
        "Gross Profit": 82,
        "Operating Income": 53,
        "EBIT": 75,
        "Net Income": 34
    },
    "2021-09-30": {
        "Diluted EPS": 0.08,
        "Total Revenue": 47,
        "Gross Profit": 39,
        "Operating Income": 22,
        "EBIT": 36,
        "Net Income": 7
    },
    "2021-06-30": {
        "Diluted EPS": 0.06,
        "Total Revenue": 48,
        "Gross Profit": 41,
        "Operating Income": 21,
        "EBIT": 38,
        "Net Income": 5
    },
    "2021-03-31": {
        "Diluted EPS": 0.05,
        "Total Revenue": 26,
        "Gross Profit": 22,
        "Operating Income": 6,
        "EBIT": 19,
        "Net Income": 4
    },
    "2020-12-31": {
        "Diluted EPS": -0.98,
        "Total Revenue": 12,
        "Gross Profit": 9,
        "Operating Income": -7,
        "EBIT": 1,
        "Net Income": -47
    },
    "2020-09-30": {
        "Diluted EPS": -0.13,
        "Total Revenue": 7,
        "Gross Profit": 6,
        "Operating Income": -14,
        "EBIT": -10,
        "Net Income": 17
    },
    "2020-06-30": {
        "Diluted EPS": 0.0,
        "Total Revenue": 1,
        "Gross Profit": -1,
        "Operating Income": -4,
        "EBIT": -2,
        "Net Income": 10
    },
    "2020-03-31": {
        "Diluted EPS": 0.0,
        "Total Revenue": 5,
        "Gross Profit": 2,
        "Operating Income": -4,
        "EBIT": -1,
        "Net Income": -81
    },
    "2019-12-31": {
        "Diluted EPS": 0.0,
        "Total Revenue": 7,
        "Gross Profit": 3,
        "Operating Income": -10,
        "EBIT": -9,
        "Net Income": -14
    },
    "2019-09-30": {
        "Diluted EPS": 0.0,
        "Total Revenue": 1,
        "Gross Profit": 1,
        "Operating Income": -1,
        "EBIT": -1,
        "Net Income": -1
    },
    "2019-06-30": {
        "Diluted EPS": 0.04,
        "Total Revenue": NaN,
        "Gross Profit": NaN,
        "Operating Income": 0,
        "EBIT": 0,
        "Net Income": 2
    },
    "2019-03-31": {
        "Diluted EPS": 0.03,
        "Total Revenue": NaN,
        "Gross Profit": NaN,
        "Operating Income": 0,
        "EBIT": 0,
        "Net Income": 2
    },
    "2018-12-31": {
        "Diluted EPS": 0.03,
        "Total Revenue": NaN,
        "Gross Profit": NaN,
        "Operating Income": 0,
        "EBIT": 0,
        "Net Income": 2
    },
    "2018-09-30": {
        "Diluted EPS": 0.03,
        "Total Revenue": NaN,
        "Gross Profit": NaN,
        "Operating Income": 0,
        "EBIT": 0,
        "Net Income": 1
    },
    "2018-06-30": {
        "Diluted EPS": 0.02,
        "Total Revenue": NaN,
        "Gross Profit": NaN,
        "Operating Income": 0,
        "EBIT": 0,
        "Net Income": 1
    },
    "2018-03-31": {
        "Diluted EPS": 0.0,
        "Total Revenue": NaN,
        "Gross Profit": NaN,
        "Operating Income": 0,
        "EBIT": 0,
        "Net Income": 0
    },
    "2017-12-31": {
        "Diluted EPS": 0.0,
        "Total Revenue": NaN,
        "Gross Profit": NaN,
        "Operating Income": NaN,
        "EBIT": NaN,
        "Net Income": NaN
    },
    "2023-06-30": {
        "Tax Effect Of Unusual Items": NaN,
        "Tax Rate For Calcs": NaN,
        "Normalized EBITDA": NaN,
        "Total Unusual Items": NaN,
        "Total Unusual Items Excluding Goodwill": NaN,
        "Net Income From Continuing Operation Net Minority Interest": NaN,
        "Reconciled Depreciation": NaN,
        "Reconciled Cost Of Revenue": NaN,
        "EBITDA": NaN,
        "EBIT": NaN,
        "Net Interest Income": NaN,
        "Interest Expense": NaN,
        "Interest Income": NaN,
        "Normalized Income": NaN,
        "Net Income From Continuing And Discontinued Operation": NaN,
        "Total Expenses": NaN,
        "Total Operating Income As Reported": NaN,
        "Diluted Average Shares": 115978000.0,
        "Basic Average Shares": 111227000.0,
        "Diluted EPS": 0.25,
        "Basic EPS": 0.26,
        "Diluted NI Availto Com Stockholders": NaN,
        "Average Dilution Earnings": NaN,
        "Net Income Common Stockholders": NaN,
        "Otherunder Preferred Stock Dividend": NaN,
        "Net Income": NaN,
        "Net Income Including Noncontrolling Interests": NaN,
        "Net Income Continuous Operations": NaN,
        "Tax Provision": NaN,
        "Pretax Income": NaN,
        "Other Income Expense": NaN,
        "Other Non Operating Income Expenses": -7502000.0,
        "Special Income Charges": NaN,
        "Other Special Charges": 6516000.0,
        "Gain On Sale Of Security": NaN,
        "Net Non Operating Interest Income Expense": NaN,
        "Total Other Finance Cost": NaN,
        "Interest Expense Non Operating": NaN,
        "Interest Income Non Operating": NaN,
        "Operating Income": NaN,
        "Operating Expense": NaN,
        "Other Operating Expenses": NaN,
        "Selling General And Administration": NaN,
        "General And Administrative Expense": NaN,
        "Other Gand A": NaN,
        "Salaries And Wages": NaN,
        "Gross Profit": NaN,
        "Cost Of Revenue": NaN,
        "Total Revenue": NaN,
        "Operating Revenue": NaN
    },
    "2023-09-30": {
        "Tax Effect Of Unusual Items": NaN,
        "Tax Rate For Calcs": NaN,
        "Normalized EBITDA": NaN,
        "Total Unusual Items": NaN,
        "Total Unusual Items Excluding Goodwill": NaN,
        "Net Income From Continuing Operation Net Minority Interest": NaN,
        "Reconciled Depreciation": NaN,
        "Reconciled Cost Of Revenue": NaN,
        "EBITDA": NaN,
        "EBIT": NaN,
        "Net Interest Income": NaN,
        "Interest Expense": NaN,
        "Interest Income": NaN,
        "Normalized Income": NaN,
        "Net Income From Continuing And Discontinued Operation": NaN,
        "Total Expenses": NaN,
        "Total Operating Income As Reported": NaN,
        "Diluted Average Shares": NaN,
        "Basic Average Shares": NaN,
        "Diluted EPS": NaN,
        "Basic EPS": NaN,
        "Diluted NI Availto Com Stockholders": NaN,
        "Average Dilution Earnings": NaN,
        "Net Income Common Stockholders": NaN,
        "Otherunder Preferred Stock Dividend": NaN,
        "Net Income": NaN,
        "Net Income Including Noncontrolling Interests": NaN,
        "Net Income Continuous Operations": NaN,
        "Tax Provision": NaN,
        "Pretax Income": NaN,
        "Other Income Expense": NaN,
        "Special Income Charges": -27300000.0,
        "Other Special Charges": 27300000.0,
        "Gain On Sale Of Security": NaN,
        "Net Non Operating Interest Income Expense": NaN,
        "Total Other Finance Cost": NaN,
        "Interest Expense Non Operating": NaN,
        "Interest Income Non Operating": NaN,
        "Operating Income": NaN,
        "Operating Expense": NaN,
        "Other Operating Expenses": NaN,
        "Selling General And Administration": NaN,
        "General And Administrative Expense": NaN,
        "Other Gand A": NaN,
        "Salaries And Wages": NaN,
        "Gross Profit": NaN,
        "Cost Of Revenue": NaN,
        "Total Revenue": NaN,
        "Operating Revenue": NaN
    },
    "2023-12-31": {
        "Tax Effect Of Unusual Items": NaN,
        "Tax Rate For Calcs": NaN,
        "Normalized EBITDA": NaN,
        "Total Unusual Items": NaN,
        "Total Unusual Items Excluding Goodwill": NaN,
        "Net Income From Continuing Operation Net Minority Interest": NaN,
        "Reconciled Depreciation": NaN,
        "Reconciled Cost Of Revenue": NaN,
        "EBITDA": NaN,
        "EBIT": NaN,
        "Net Interest Income": NaN,
        "Interest Expense": NaN,
        "Interest Income": NaN,
        "Normalized Income": NaN,
        "Net Income From Continuing And Discontinued Operation": NaN,
        "Total Expenses": NaN,
        "Total Operating Income As Reported": NaN,
        "Diluted Average Shares": NaN,
        "Basic Average Shares": NaN,
        "Diluted EPS": NaN,
        "Basic EPS": NaN,
        "Diluted NI Availto Com Stockholders": NaN,
        "Average Dilution Earnings": NaN,
        "Net Income Common Stockholders": NaN,
        "Otherunder Preferred Stock Dividend": NaN,
        "Net Income": NaN,
        "Net Income Including Noncontrolling Interests": NaN,
        "Net Income Continuous Operations": NaN,
        "Tax Provision": NaN,
        "Pretax Income": NaN,
        "Other Income Expense": NaN,
        "Special Income Charges": 0.0,
        "Other Special Charges": 0.0,
        "Gain On Sale Of Security": NaN,
        "Net Non Operating Interest Income Expense": NaN,
        "Total Other Finance Cost": NaN,
        "Interest Expense Non Operating": NaN,
        "Interest Income Non Operating": NaN,
        "Operating Income": NaN,
        "Operating Expense": NaN,
        "Other Operating Expenses": NaN,
        "Selling General And Administration": NaN,
        "General And Administrative Expense": NaN,
        "Other Gand A": NaN,
        "Salaries And Wages": NaN,
        "Gross Profit": NaN,
        "Cost Of Revenue": NaN,
        "Total Revenue": NaN,
        "Operating Revenue": NaN
    },
    "2024-03-31": {
        "Tax Effect Of Unusual Items": -13948456.897539,
        "Tax Rate For Calcs": 0.262965,
        "Normalized EBITDA": 234209000.0,
        "Total Unusual Items": -53043000.0,
        "Total Unusual Items Excluding Goodwill": -53043000.0,
        "Net Income From Continuing Operation Net Minority Interest": 6438000.0,
        "Reconciled Depreciation": 130850000.0,
        "Reconciled Cost Of Revenue": 175523000.0,
        "EBITDA": 181166000.0,
        "EBIT": 50316000.0,
        "Net Interest Income": -41242000.0,
        "Interest Expense": 41581000.0,
        "Interest Income": 2392000.0,
        "Normalized Income": 45532543.102461,
        "Net Income From Continuing And Discontinued Operation": 6438000.0,
        "Total Expenses": 184744000.0,
        "Total Operating Income As Reported": 103020000.0,
        "Diluted Average Shares": 129641000.0,
        "Basic Average Shares": 125696000.0,
        "Diluted EPS": 0.05,
        "Basic EPS": 0.05,
        "Diluted NI Availto Com Stockholders": 5834000.0,
        "Average Dilution Earnings": 1000.0,
        "Net Income Common Stockholders": 5833000.0,
        "Otherunder Preferred Stock Dividend": 605000.0,
        "Net Income": 6438000.0,
        "Net Income Including Noncontrolling Interests": 6438000.0,
        "Net Income Continuous Operations": 6438000.0,
        "Tax Provision": 2297000.0,
        "Pretax Income": 8735000.0,
        "Other Income Expense": -53043000.0,
        "Special Income Charges": NaN,
        "Other Special Charges": NaN,
        "Gain On Sale Of Security": -53043000.0,
        "Net Non Operating Interest Income Expense": -41242000.0,
        "Total Other Finance Cost": 2053000.0,
        "Interest Expense Non Operating": 41581000.0,
        "Interest Income Non Operating": 2392000.0,
        "Operating Income": 103020000.0,
        "Operating Expense": 9221000.0,
        "Other Operating Expenses": 738000.0,
        "Selling General And Administration": 8483000.0,
        "General And Administrative Expense": 8483000.0,
        "Other Gand A": 4685000.0,
        "Salaries And Wages": 3798000.0,
        "Gross Profit": 112241000.0,
        "Cost Of Revenue": 175523000.0,
        "Total Revenue": 287764000.0,
        "Operating Revenue": 287764000.0
    },
    "2024-06-30": {
        "Tax Effect Of Unusual Items": -875736.347715,
        "Tax Rate For Calcs": 0.324107,
        "Normalized EBITDA": 215287000.0,
        "Total Unusual Items": -2702000.0,
        "Total Unusual Items Excluding Goodwill": -2702000.0,
        "Net Income From Continuing Operation Net Minority Interest": 29717000.0,
        "Reconciled Depreciation": 127693000.0,
        "Reconciled Cost Of Revenue": 177087000.0,
        "EBITDA": 212585000.0,
        "EBIT": 84892000.0,
        "Net Interest Income": -40591000.0,
        "Interest Expense": 40925000.0,
        "Interest Income": 2400000.0,
        "Normalized Income": 31543263.652285,
        "Net Income From Continuing And Discontinued Operation": 29717000.0,
        "Total Expenses": 188006000.0,
        "Total Operating Income As Reported": 87260000.0,
        "Diluted Average Shares": 129248000.0,
        "Basic Average Shares": 125341000.0,
        "Diluted EPS": 0.21,
        "Basic EPS": 0.21,
        "Diluted NI Availto Com Stockholders": 26893000.0,
        "Average Dilution Earnings": 36000.0,
        "Net Income Common Stockholders": 26857000.0,
        "Otherunder Preferred Stock Dividend": 2860000.0,
        "Net Income": 29717000.0,
        "Net Income Including Noncontrolling Interests": 29717000.0,
        "Net Income Continuous Operations": 29717000.0,
        "Tax Provision": 14250000.0,
        "Pretax Income": 43967000.0,
        "Other Income Expense": -2702000.0,
        "Special Income Charges": 0.0,
        "Other Special Charges": NaN,
        "Gain On Sale Of Security": -2702000.0,
        "Net Non Operating Interest Income Expense": -40591000.0,
        "Total Other Finance Cost": 2066000.0,
        "Interest Expense Non Operating": 40925000.0,
        "Interest Income Non Operating": 2400000.0,
        "Operating Income": 87260000.0,
        "Operating Expense": 10919000.0,
        "Other Operating Expenses": 409000.0,
        "Selling General And Administration": 8510000.0,
        "General And Administrative Expense": 8510000.0,
        "Other Gand A": 4735000.0,
        "Salaries And Wages": 3775000.0,
        "Gross Profit": 98179000.0,
        "Cost Of Revenue": 177087000.0,
        "Total Revenue": 275266000.0,
        "Operating Revenue": 275266000.0
    },
    "2024-09-30": {
        "Tax Effect Of Unusual Items": 7588108.0,
        "Tax Rate For Calcs": 0.236,
        "Normalized EBITDA": 210295000.0,
        "Total Unusual Items": 32153000.0,
        "Total Unusual Items Excluding Goodwill": 32153000.0,
        "Net Income From Continuing Operation Net Minority Interest": 49933000.0,
        "Reconciled Depreciation": 136578000.0,
        "Reconciled Cost Of Revenue": 187403000.0,
        "EBITDA": 242448000.0,
        "EBIT": 105870000.0,
        "Net Interest Income": -40407000.0,
        "Interest Expense": 40499000.0,
        "Interest Income": 2172000.0,
        "Normalized Income": 25368108.0,
        "Net Income From Continuing And Discontinued Operation": 49933000.0,
        "Total Expenses": 197953000.0,
        "Total Operating Income As Reported": 73444000.0,
        "Diluted Average Shares": 129094000.0,
        "Basic Average Shares": 124988000.0,
        "Diluted EPS": 0.35,
        "Basic EPS": 0.36,
        "Diluted NI Availto Com Stockholders": 45164000.0,
        "Average Dilution Earnings": 66000.0,
        "Net Income Common Stockholders": 45098000.0,
        "Otherunder Preferred Stock Dividend": 4835000.0,
        "Net Income": 49933000.0,
        "Net Income Including Noncontrolling Interests": 49933000.0,
        "Net Income Continuous Operations": 49933000.0,
        "Tax Provision": 15438000.0,
        "Pretax Income": 65371000.0,
        "Other Income Expense": 32153000.0,
        "Special Income Charges": -181000.0,
        "Other Special Charges": 181000.0,
        "Gain On Sale Of Security": 32334000.0,
        "Net Non Operating Interest Income Expense": -40407000.0,
        "Total Other Finance Cost": 2080000.0,
        "Interest Expense Non Operating": 40499000.0,
        "Interest Income Non Operating": 2172000.0,
        "Operating Income": 73625000.0,
        "Operating Expense": 10550000.0,
        "Other Operating Expenses": 603000.0,
        "Selling General And Administration": 8724000.0,
        "General And Administrative Expense": 8724000.0,
        "Other Gand A": 4971000.0,
        "Salaries And Wages": 3753000.0,
        "Gross Profit": 84175000.0,
        "Cost Of Revenue": 187403000.0,
        "Total Revenue": 271578000.0,
        "Operating Revenue": 271578000.0
    },
    "2024-12-31": {
        "Tax Effect Of Unusual Items": -6882786.020083,
        "Tax Rate For Calcs": 0.300926,
        "Normalized EBITDA": 178779000.0,
        "Total Unusual Items": -22872000.0,
        "Total Unusual Items Excluding Goodwill": -22872000.0,
        "Net Income From Continuing Operation Net Minority Interest": 8981000.0,
        "Reconciled Depreciation": 105631000.0,
        "Reconciled Cost Of Revenue": 152660000.0,
        "EBITDA": 155907000.0,
        "EBIT": 50276000.0,
        "Net Interest Income": -37787000.0,
        "Interest Expense": 37429000.0,
        "Interest Income": 1721000.0,
        "Normalized Income": 24970213.979917,
        "Net Income From Continuing And Discontinued Operation": 8981000.0,
        "Total Expenses": 157505000.0,
        "Total Operating Income As Reported": 73687000.0,
        "Diluted Average Shares": 128073000.0,
        "Basic Average Shares": 124348000.0,
        "Diluted EPS": 0.06,
        "Basic EPS": 0.07,
        "Diluted NI Availto Com Stockholders": 8112000.0,
        "Average Dilution Earnings": 6000.0,
        "Net Income Common Stockholders": 8106000.0,
        "Otherunder Preferred Stock Dividend": 875000.0,
        "Net Income": 8981000.0,
        "Net Income Including Noncontrolling Interests": 8981000.0,
        "Net Income Continuous Operations": 8981000.0,
        "Tax Provision": 3866000.0,
        "Pretax Income": 12847000.0,
        "Other Income Expense": -26667000.0,
        "Special Income Charges": 181000.0,
        "Other Special Charges": NaN,
        "Gain On Sale Of Security": -23053000.0,
        "Net Non Operating Interest Income Expense": -37787000.0,
        "Total Other Finance Cost": 2079000.0,
        "Interest Expense Non Operating": 37429000.0,
        "Interest Income Non Operating": 1721000.0,
        "Operating Income": 77301000.0,
        "Operating Expense": 4845000.0,
        "Other Operating Expenses": 693000.0,
        "Selling General And Administration": 7376000.0,
        "General And Administrative Expense": 7376000.0,
        "Other Gand A": 6001000.0,
        "Salaries And Wages": 1375000.0,
        "Gross Profit": 82146000.0,
        "Cost Of Revenue": 152660000.0,
        "Total Revenue": 234806000.0,
        "Operating Revenue": 234806000.0
    },
    "2025-03-31": {
        "Tax Effect Of Unusual Items": -1704305.0,
        "Tax Rate For Calcs": 0.215,
        "Normalized EBITDA": 198480000.0,
        "Total Unusual Items": -7927000.0,
        "Total Unusual Items Excluding Goodwill": -7927000.0,
        "Net Income From Continuing Operation Net Minority Interest": 36335000.0,
        "Reconciled Depreciation": 109325000.0,
        "Reconciled Cost Of Revenue": 160039000.0,
        "EBITDA": 190553000.0,
        "EBIT": 81228000.0,
        "Net Interest Income": -36178000.0,
        "Interest Expense": 34954000.0,
        "Interest Income": 810000.0,
        "Normalized Income": 42557695.0,
        "Net Income From Continuing And Discontinued Operation": 36335000.0,
        "Total Expenses": 167069000.0,
        "Total Operating Income As Reported": 90379000.0,
        "Diluted Average Shares": 127213000.0,
        "Basic Average Shares": 123913000.0,
        "Diluted EPS": 0.26,
        "Basic EPS": 0.26,
        "Diluted NI Availto Com Stockholders": 32840000.0,
        "Average Dilution Earnings": 47000.0,
        "Net Income Common Stockholders": 32793000.0,
        "Otherunder Preferred Stock Dividend": 3542000.0,
        "Net Income": 36335000.0,
        "Net Income Including Noncontrolling Interests": 36335000.0,
        "Net Income Continuous Operations": 36335000.0,
        "Tax Provision": 9939000.0,
        "Pretax Income": 46274000.0,
        "Other Income Expense": -7927000.0,
        "Special Income Charges": NaN,
        "Other Special Charges": NaN,
        "Gain On Sale Of Security": -7927000.0,
        "Net Non Operating Interest Income Expense": -36178000.0,
        "Total Other Finance Cost": 2034000.0,
        "Interest Expense Non Operating": 34954000.0,
        "Interest Income Non Operating": 810000.0,
        "Operating Income": 90379000.0,
        "Operating Expense": 7030000.0,
        "Other Operating Expenses": 508000.0,
        "Selling General And Administration": 6522000.0,
        "General And Administrative Expense": 6522000.0,
        "Other Gand A": 6345000.0,
        "Salaries And Wages": 177000.0,
        "Gross Profit": 97409000.0,
        "Cost Of Revenue": 160039000.0,
        "Total Revenue": 257448000.0,
        "Operating Revenue": 257448000.0
    },
    "2025-06-30": {
        "Tax Effect Of Unusual Items": 5425174.827861,
        "Tax Rate For Calcs": 0.226455,
        "Normalized EBITDA": 145463000.0,
        "Total Unusual Items": 23957000.0,
        "Total Unusual Items Excluding Goodwill": 23957000.0,
        "Net Income From Continuing Operation Net Minority Interest": 26176000.0,
        "Reconciled Depreciation": 101226000.0,
        "Reconciled Cost Of Revenue": 147343000.0,
        "EBITDA": 169420000.0,
        "EBIT": 68194000.0,
        "Net Interest Income": -36051000.0,
        "Interest Expense": 34355000.0,
        "Interest Income": 361000.0,
        "Normalized Income": 7644174.827861,
        "Net Income From Continuing And Discontinued Operation": 26176000.0,
        "Total Expenses": 154467000.0,
        "Total Operating Income As Reported": 43444000.0,
        "Diluted Average Shares": 126095000.0,
        "Basic Average Shares": 123930000.0,
        "Diluted EPS": 0.19,
        "Basic EPS": 0.19,
        "Diluted NI Availto Com Stockholders": 23662000.0,
        "Average Dilution Earnings": 32000.0,
        "Net Income Common Stockholders": 23630000.0,
        "Otherunder Preferred Stock Dividend": 2546000.0,
        "Net Income": 26176000.0,
        "Net Income Including Noncontrolling Interests": 26176000.0,
        "Net Income Continuous Operations": 26176000.0,
        "Tax Provision": 7663000.0,
        "Pretax Income": 33839000.0,
        "Other Income Expense": 23957000.0,
        "Special Income Charges": -2489000.0,
        "Other Special Charges": 2489000.0,
        "Gain On Sale Of Security": 26446000.0,
        "Net Non Operating Interest Income Expense": -36051000.0,
        "Total Other Finance Cost": 2057000.0,
        "Interest Expense Non Operating": 34355000.0,
        "Interest Income Non Operating": 361000.0,
        "Operating Income": 45933000.0,
        "Operating Expense": 7124000.0,
        "Other Operating Expenses": 1365000.0,
        "Selling General And Administration": 5759000.0,
        "General And Administrative Expense": 5759000.0,
        "Other Gand A": 5671000.0,
        "Salaries And Wages": 88000.0,
        "Gross Profit": 53057000.0,
        "Cost Of Revenue": 147343000.0,
        "Total Revenue": 200400000.0,
        "Operating Revenue": 200400000.0
    }
}