{
    "2024-06-30": {
        "Tax Effect Of Unusual Items": 886250.0,
        "Tax Rate For Calcs": 0.25,
        "Normalized EBITDA": -71896000.0,
        "Total Unusual Items": 3545000.0,
        "Total Unusual Items Excluding Goodwill": 3545000.0,
        "Net Income From Continuing Operation Net Minority Interest": -72059000.0,
        "Reconciled Cost Of Revenue": 252036000.0,
        "EBITDA": -68351000.0,
        "EBIT": -68351000.0,
        "Net Interest Income": 20263000.0,
        "Interest Expense": 3334000.0,
        "Interest Income": 23597000.0,
        "Normalized Income": -74717750.0,
        "Net Income From Continuing And Discontinued Operation": -72059000.0,
        "Total Expenses": 554638000.0,
        "Total Operating Income As Reported": -95776000.0,
        "Diluted Average Shares": NaN,
        "Basic Average Shares": NaN,
        "Diluted EPS": NaN,
        "Basic EPS": NaN,
        "Diluted NI Availto Com Stockholders": -72059000.0,
        "Net Income Common Stockholders": -72059000.0,
        "Net Income": -72059000.0,
        "Net Income Including Noncontrolling Interests": -72059000.0,
        "Net Income Continuous Operations": -72059000.0,
        "Earnings From Equity Interest Net Of Tax": -7000.0,
        "Tax Provision": 367000.0,
        "Pretax Income": -71685000.0,
        "Other Income Expense": 3828000.0,
        "Other Non Operating Income Expenses": 283000.0,
        "Gain On Sale Of Security": 3545000.0,
        "Net Non Operating Interest Income Expense": 20263000.0,
        "Interest Expense Non Operating": 3334000.0,
        "Interest Income Non Operating": 23597000.0,
        "Operating Income": -95776000.0,
        "Operating Expense": 302602000.0,
        "Other Operating Expenses": -17898000.0,
        "Research And Development": 198609000.0,
        "Selling General And Administration": 121891000.0,
        "Selling And Marketing Expense": 55745000.0,
        "General And Administrative Expense": 66146000.0,
        "Other Gand A": 66146000.0,
        "Gross Profit": 206826000.0,
        "Cost Of Revenue": 252036000.0,
        "Total Revenue": 458862000.0,
        "Operating Revenue": 458862000.0
    },
    "2024-03-31": {
        "Tax Effect Of Unusual Items": 373250.0,
        "Tax Rate For Calcs": 0.25,
        "Normalized EBITDA": -105872000.0,
        "Total Unusual Items": 1493000.0,
        "Total Unusual Items Excluding Goodwill": 1493000.0,
        "Net Income From Continuing Operation Net Minority Interest": -106925000.0,
        "Reconciled Cost Of Revenue": 219898000.0,
        "EBITDA": -104379000.0,
        "EBIT": -104379000.0,
        "Net Interest Income": 30509000.0,
        "Interest Expense": 2286000.0,
        "Interest Income": 32795000.0,
        "Normalized Income": -108044750.0,
        "Net Income From Continuing And Discontinued Operation": -106925000.0,
        "Total Expenses": 497575000.0,
        "Total Operating Income As Reported": -138455000.0,
        "Diluted Average Shares": 127336569.0,
        "Basic Average Shares": 127336569.0,
        "Diluted EPS": -0.84,
        "Basic EPS": -0.84,
        "Diluted NI Availto Com Stockholders": -106925000.0,
        "Net Income Common Stockholders": -106925000.0,
        "Net Income": -106925000.0,
        "Net Income Including Noncontrolling Interests": -106925000.0,
        "Net Income Continuous Operations": -106925000.0,
        "Earnings From Equity Interest Net Of Tax": -12000.0,
        "Tax Provision": 248000.0,
        "Pretax Income": -106665000.0,
        "Other Income Expense": 1281000.0,
        "Other Non Operating Income Expenses": -212000.0,
        "Gain On Sale Of Security": 1493000.0,
        "Net Non Operating Interest Income Expense": 30509000.0,
        "Interest Expense Non Operating": 2286000.0,
        "Interest Income Non Operating": 32795000.0,
        "Operating Income": -138455000.0,
        "Operating Expense": 277677000.0,
        "Other Operating Expenses": -27456000.0,
        "Research And Development": 194402000.0,
        "Selling General And Administration": 110731000.0,
        "Selling And Marketing Expense": 41964000.0,
        "General And Administrative Expense": 68767000.0,
        "Other Gand A": 68767000.0,
        "Gross Profit": 139222000.0,
        "Cost Of Revenue": 219898000.0,
        "Total Revenue": 359120000.0,
        "Operating Revenue": 359120000.0
    },
    "2023-12-31": {
        "Tax Effect Of Unusual Items": NaN,
        "Tax Rate For Calcs": NaN,
        "Normalized EBITDA": NaN,
        "Total Unusual Items": -7289000.0,
        "Total Unusual Items Excluding Goodwill": NaN,
        "Net Income From Continuing Operation Net Minority Interest": -140911000.0,
        "Reconciled Cost Of Revenue": 329717000.0,
        "EBITDA": -139334000.0,
        "EBIT": -139334000.0,
        "Net Interest Income": 29956000.0,
        "Interest Expense": 833000.0,
        "Interest Income": NaN,
        "Normalized Income": -135444250.0,
        "Net Income From Continuing And Discontinued Operation": -140911000.0,
        "Total Expenses": 724018000.0,
        "Total Operating Income As Reported": -162834000.0,
        "Diluted Average Shares": 126492417.0,
        "Basic Average Shares": 126492417.0,
        "Diluted EPS": -1.11,
        "Basic EPS": -1.11,
        "Diluted NI Availto Com Stockholders": -140911000.0,
        "Net Income Common Stockholders": -140911000.0,
        "Net Income": -140911000.0,
        "Net Income Including Noncontrolling Interests": -140911000.0,
        "Net Income Continuous Operations": -140911000.0,
        "Earnings From Equity Interest Net Of Tax": -11000.0,
        "Tax Provision": NaN,
        "Pretax Income": -140167000.0,
        "Other Income Expense": -7289000.0,
        "Other Non Operating Income Expenses": 0.0,
        "Gain On Sale Of Security": NaN,
        "Net Non Operating Interest Income Expense": NaN,
        "Interest Expense Non Operating": 833000.0,
        "Interest Income Non Operating": 30789000.0,
        "Operating Income": -162834000.0,
        "Operating Expense": 394301000.0,
        "Other Operating Expenses": NaN,
        "Research And Development": 228476000.0,
        "Selling General And Administration": NaN,
        "Selling And Marketing Expense": 49661000.0,
        "General And Administrative Expense": 133409000.0,
        "Other Gand A": 133409000.0,
        "Gross Profit": 231467000.0,
        "Cost Of Revenue": 329717000.0,
        "Total Revenue": 561184000.0,
        "Operating Revenue": NaN
    },
    "2023-09-30": {
        "Tax Effect Of Unusual Items": NaN,
        "Tax Rate For Calcs": NaN,
        "Normalized EBITDA": NaN,
        "Total Unusual Items": NaN,
        "Total Unusual Items Excluding Goodwill": NaN,
        "Net Income From Continuing Operation Net Minority Interest": NaN,
        "Reconciled Cost Of Revenue": NaN,
        "EBITDA": NaN,
        "EBIT": NaN,
        "Net Interest Income": NaN,
        "Interest Expense": NaN,
        "Interest Income": NaN,
        "Normalized Income": NaN,
        "Net Income From Continuing And Discontinued Operation": NaN,
        "Total Expenses": NaN,
        "Total Operating Income As Reported": NaN,
        "Diluted Average Shares": NaN,
        "Basic Average Shares": 125797264.0,
        "Diluted EPS": -1.13,
        "Basic EPS": -1.13,
        "Diluted NI Availto Com Stockholders": NaN,
        "Net Income Common Stockholders": NaN,
        "Net Income": NaN,
        "Net Income Including Noncontrolling Interests": NaN,
        "Net Income Continuous Operations": NaN,
        "Earnings From Equity Interest Net Of Tax": NaN,
        "Tax Provision": NaN,
        "Pretax Income": NaN,
        "Other Income Expense": NaN,
        "Other Non Operating Income Expenses": NaN,
        "Gain On Sale Of Security": NaN,
        "Net Non Operating Interest Income Expense": NaN,
        "Interest Expense Non Operating": NaN,
        "Interest Income Non Operating": NaN,
        "Operating Income": NaN,
        "Operating Expense": NaN,
        "Other Operating Expenses": NaN,
        "Research And Development": NaN,
        "Selling General And Administration": NaN,
        "Selling And Marketing Expense": NaN,
        "General And Administrative Expense": NaN,
        "Other Gand A": NaN,
        "Gross Profit": NaN,
        "Cost Of Revenue": NaN,
        "Total Revenue": NaN,
        "Operating Revenue": NaN
    },
    "2023-06-30": {
        "Tax Effect Of Unusual Items": 3753.458173,
        "Tax Rate For Calcs": 0.000242,
        "Normalized EBITDA": -89292000.0,
        "Total Unusual Items": 15512000.0,
        "Total Unusual Items Excluding Goodwill": 15512000.0,
        "Net Income From Continuing Operation Net Minority Interest": -74383000.0,
        "Reconciled Cost Of Revenue": 309161000.0,
        "EBITDA": -73780000.0,
        "EBIT": -73780000.0,
        "Net Interest Income": 23382000.0,
        "Interest Expense": 609000.0,
        "Interest Income": 23991000.0,
        "Normalized Income": -89891246.541827,
        "Net Income From Continuing And Discontinued Operation": -74383000.0,
        "Total Expenses": 553821000.0,
        "Total Operating Income As Reported": -113508000.0,
        "Diluted Average Shares": 125659711.0,
        "Basic Average Shares": 125659711.0,
        "Diluted EPS": -0.59,
        "Basic EPS": -0.59,
        "Diluted NI Availto Com Stockholders": -74383000.0,
        "Net Income Common Stockholders": -74383000.0,
        "Net Income": -74383000.0,
        "Net Income Including Noncontrolling Interests": -74383000.0,
        "Net Income Continuous Operations": -74383000.0,
        "Earnings From Equity Interest Net Of Tax": -12000.0,
        "Tax Provision": -18000.0,
        "Pretax Income": -74389000.0,
        "Other Income Expense": 15737000.0,
        "Other Non Operating Income Expenses": 225000.0,
        "Gain On Sale Of Security": 15512000.0,
        "Net Non Operating Interest Income Expense": 23382000.0,
        "Interest Expense Non Operating": 609000.0,
        "Interest Income Non Operating": 23991000.0,
        "Operating Income": -113508000.0,
        "Operating Expense": 244660000.0,
        "Other Operating Expenses": 38000.0,
        "Research And Development": 161001000.0,
        "Selling General And Administration": 83621000.0,
        "Selling And Marketing Expense": 26926000.0,
        "General And Administrative Expense": 56695000.0,
        "Other Gand A": 56695000.0,
        "Gross Profit": 131152000.0,
        "Cost Of Revenue": 309161000.0,
        "Total Revenue": 440313000.0,
        "Operating Revenue": 440313000.0
    },
    "2022-12-31": {
        "Tax Effect Of Unusual Items": NaN,
        "Tax Rate For Calcs": NaN,
        "Normalized EBITDA": NaN,
        "Total Unusual Items": NaN,
        "Total Unusual Items Excluding Goodwill": NaN,
        "Net Income From Continuing Operation Net Minority Interest": NaN,
        "Reconciled Depreciation": 14969000.0,
        "Reconciled Cost Of Revenue": NaN,
        "EBITDA": NaN,
        "EBIT": NaN,
        "Net Interest Income": NaN,
        "Interest Expense": NaN,
        "Interest Income": NaN,
        "Normalized Income": NaN,
        "Net Income From Continuing And Discontinued Operation": NaN,
        "Total Expenses": NaN,
        "Total Operating Income As Reported": NaN,
        "Diluted Average Shares": NaN,
        "Basic Average Shares": NaN,
        "Diluted EPS": NaN,
        "Basic EPS": NaN,
        "Diluted NI Availto Com Stockholders": NaN,
        "Net Income Common Stockholders": NaN,
        "Preferred Stock Dividends": 397000.0,
        "Net Income": NaN,
        "Net Income Including Noncontrolling Interests": NaN,
        "Net Income Continuous Operations": NaN,
        "Earnings From Equity Interest Net Of Tax": NaN,
        "Tax Provision": NaN,
        "Pretax Income": NaN,
        "Other Income Expense": NaN,
        "Other Non Operating Income Expenses": NaN,
        "Gain On Sale Of Security": NaN,
        "Net Non Operating Interest Income Expense": NaN,
        "Interest Expense Non Operating": NaN,
        "Interest Income Non Operating": NaN,
        "Operating Income": NaN,
        "Operating Expense": NaN,
        "Other Operating Expenses": NaN,
        "Research And Development": NaN,
        "Selling General And Administration": NaN,
        "Selling And Marketing Expense": NaN,
        "General And Administrative Expense": NaN,
        "Other Gand A": NaN,
        "Gross Profit": NaN,
        "Cost Of Revenue": NaN,
        "Total Revenue": NaN,
        "Operating Revenue": NaN
    },
    "2024-09-30": {
        "Tax Effect Of Unusual Items": -13220.425604,
        "Tax Rate For Calcs": 0.000965,
        "Normalized EBITDA": -53189000.0,
        "Total Unusual Items": -13695000.0,
        "Total Unusual Items Excluding Goodwill": -13695000.0,
        "Net Income From Continuing Operation Net Minority Interest": -70355000.0,
        "Reconciled Cost Of Revenue": 281913000.0,
        "EBITDA": -66884000.0,
        "EBIT": -66884000.0,
        "Net Interest Income": 21957000.0,
        "Interest Expense": 3557000.0,
        "Interest Income": 25514000.0,
        "Normalized Income": -56673220.425604,
        "Net Income From Continuing And Discontinued Operation": -70355000.0,
        "Total Expenses": 616643000.0,
        "Total Operating Income As Reported": -77226000.0,
        "Diluted Average Shares": 129897736.0,
        "Basic Average Shares": 129897736.0,
        "Diluted EPS": -0.54,
        "Basic EPS": -0.54,
        "Diluted NI Availto Com Stockholders": -70355000.0,
        "Net Income Common Stockholders": -70355000.0,
        "Net Income": -70355000.0,
        "Net Income Including Noncontrolling Interests": -70355000.0,
        "Net Income Continuous Operations": -70355000.0,
        "Earnings From Equity Interest Net Of Tax": 18000.0,
        "Tax Provision": -68000.0,
        "Pretax Income": -70441000.0,
        "Other Income Expense": -15172000.0,
        "Other Non Operating Income Expenses": -1477000.0,
        "Gain On Sale Of Security": -13695000.0,
        "Net Non Operating Interest Income Expense": 21957000.0,
        "Interest Expense Non Operating": 3557000.0,
        "Interest Income Non Operating": 25514000.0,
        "Operating Income": -77226000.0,
        "Operating Expense": 334730000.0,
        "Other Operating Expenses": -8259000.0,
        "Research And Development": 220248000.0,
        "Selling General And Administration": 122741000.0,
        "Selling And Marketing Expense": 46218000.0,
        "General And Administrative Expense": 76523000.0,
        "Other Gand A": 76523000.0,
        "Gross Profit": 257504000.0,
        "Cost Of Revenue": 281913000.0,
        "Total Revenue": 539417000.0,
        "Operating Revenue": 539417000.0
    },
    "2024-12-31": {
        "Tax Effect Of Unusual Items": 91797.272937,
        "Tax Rate For Calcs": 0.003951,
        "Normalized EBITDA": 127974000.0,
        "Total Unusual Items": 23234000.0,
        "Total Unusual Items Excluding Goodwill": 23234000.0,
        "Net Income From Continuing Operation Net Minority Interest": 146963000.0,
        "Reconciled Cost Of Revenue": 438725000.0,
        "EBITDA": 151208000.0,
        "EBIT": 151208000.0,
        "Net Interest Income": 18845000.0,
        "Interest Expense": 3650000.0,
        "Interest Income": 22495000.0,
        "Normalized Income": 123820797.272937,
        "Net Income From Continuing And Discontinued Operation": 146963000.0,
        "Total Expenses": 613209000.0,
        "Total Operating Income As Reported": 106549000.0,
        "Diluted Average Shares": 135612037.0,
        "Basic Average Shares": 130414178.0,
        "Diluted EPS": 1.08,
        "Basic EPS": 1.13,
        "Diluted NI Availto Com Stockholders": 146963000.0,
        "Net Income Common Stockholders": 146963000.0,
        "Net Income": 146963000.0,
        "Net Income Including Noncontrolling Interests": 146963000.0,
        "Net Income Continuous Operations": 146963000.0,
        "Earnings From Equity Interest Net Of Tax": -12000.0,
        "Tax Provision": 583000.0,
        "Pretax Income": 147558000.0,
        "Other Income Expense": 22164000.0,
        "Other Non Operating Income Expenses": -1070000.0,
        "Gain On Sale Of Security": 23234000.0,
        "Net Non Operating Interest Income Expense": 18845000.0,
        "Interest Expense Non Operating": 3650000.0,
        "Interest Income Non Operating": 22495000.0,
        "Operating Income": 106549000.0,
        "Operating Expense": 174484000.0,
        "Other Operating Expenses": -222480000.0,
        "Research And Development": 242382000.0,
        "Selling General And Administration": 154582000.0,
        "Selling And Marketing Expense": 49105000.0,
        "General And Administrative Expense": 105477000.0,
        "Other Gand A": 105477000.0,
        "Gross Profit": 281033000.0,
        "Cost Of Revenue": 438725000.0,
        "Total Revenue": 719758000.0,
        "Operating Revenue": 705066000.0
    },
    "2025-03-31": {
        "Tax Effect Of Unusual Items": 3897.296069,
        "Tax Rate For Calcs": 0.003806,
        "Normalized EBITDA": -13621000.0,
        "Total Unusual Items": 1024000.0,
        "Total Unusual Items Excluding Goodwill": 1024000.0,
        "Net Income From Continuing Operation Net Minority Interest": -17549000.0,
        "Reconciled Cost Of Revenue": 306067000.0,
        "EBITDA": -12597000.0,
        "EBIT": -12597000.0,
        "Net Interest Income": 15514000.0,
        "Interest Expense": 5007000.0,
        "Interest Income": 20521000.0,
        "Normalized Income": -18569102.703931,
        "Net Income From Continuing And Discontinued Operation": -17549000.0,
        "Total Expenses": 558750000.0,
        "Total Operating Income As Reported": -33447000.0,
        "Diluted Average Shares": 132467664.0,
        "Basic Average Shares": 132467664.0,
        "Diluted EPS": -0.132478,
        "Basic EPS": -0.132478,
        "Diluted NI Availto Com Stockholders": -17549000.0,
        "Net Income Common Stockholders": -17549000.0,
        "Net Income": -17549000.0,
        "Net Income Including Noncontrolling Interests": -17549000.0,
        "Net Income Continuous Operations": -17549000.0,
        "Earnings From Equity Interest Net Of Tax": -12000.0,
        "Tax Provision": -67000.0,
        "Pretax Income": -17604000.0,
        "Other Income Expense": 330000.0,
        "Other Non Operating Income Expenses": -694000.0,
        "Gain On Sale Of Security": 1024000.0,
        "Net Non Operating Interest Income Expense": 15514000.0,
        "Interest Expense Non Operating": 5007000.0,
        "Interest Income Non Operating": 20521000.0,
        "Operating Income": -33448000.0,
        "Operating Expense": 252683000.0,
        "Other Operating Expenses": -35256000.0,
        "Research And Development": 183306000.0,
        "Selling General And Administration": 104633000.0,
        "Selling And Marketing Expense": 50546000.0,
        "General And Administrative Expense": 54087000.0,
        "Other Gand A": 54087000.0,
        "Gross Profit": 219235000.0,
        "Cost Of Revenue": 306067000.0,
        "Total Revenue": 525302000.0,
        "Operating Revenue": 525302000.0
    },
    "2025-06-30": {
        "Tax Effect Of Unusual Items": 14753.773393,
        "Tax Rate For Calcs": 0.002127,
        "Normalized EBITDA": 43800000.0,
        "Total Unusual Items": 6936000.0,
        "Total Unusual Items Excluding Goodwill": 6936000.0,
        "Net Income From Continuing Operation Net Minority Interest": 44086000.0,
        "Reconciled Cost Of Revenue": 405910000.0,
        "EBITDA": 50736000.0,
        "EBIT": 50736000.0,
        "Net Interest Income": 14422000.0,
        "Interest Expense": 6545000.0,
        "Interest Income": 20967000.0,
        "Normalized Income": 37164753.773393,
        "Net Income From Continuing And Discontinued Operation": 44086000.0,
        "Total Expenses": 683536000.0,
        "Total Operating Income As Reported": 22852000.0,
        "Diluted Average Shares": 139194205.0,
        "Basic Average Shares": 132413850.0,
        "Diluted EPS": 0.32,
        "Basic EPS": 0.33,
        "Diluted NI Availto Com Stockholders": 44086000.0,
        "Net Income Common Stockholders": 44086000.0,
        "Net Income": 44086000.0,
        "Net Income Including Noncontrolling Interests": 44086000.0,
        "Net Income Continuous Operations": 44086000.0,
        "Earnings From Equity Interest Net Of Tax": -11000.0,
        "Tax Provision": 94000.0,
        "Pretax Income": 44191000.0,
        "Other Income Expense": 6917000.0,
        "Other Non Operating Income Expenses": -19000.0,
        "Gain On Sale Of Security": 6936000.0,
        "Net Non Operating Interest Income Expense": 14422000.0,
        "Interest Expense Non Operating": 6545000.0,
        "Interest Income Non Operating": 20967000.0,
        "Operating Income": 22852000.0,
        "Operating Expense": 277626000.0,
        "Other Operating Expenses": -27624000.0,
        "Research And Development": 199219000.0,
        "Selling General And Administration": 106031000.0,
        "Selling And Marketing Expense": 42311000.0,
        "General And Administrative Expense": 63720000.0,
        "Other Gand A": 63720000.0,
        "Gross Profit": 300478000.0,
        "Cost Of Revenue": 405910000.0,
        "Total Revenue": 706388000.0,
        "Operating Revenue": 706388000.0
    },
    "2025-09-30": {
        "Tax Effect Of Unusual Items": 846350.678829,
        "Tax Rate For Calcs": 0.096925,
        "Normalized EBITDA": 278226000.0,
        "Total Unusual Items": 8732000.0,
        "Total Unusual Items Excluding Goodwill": 8732000.0,
        "Net Income From Continuing Operation Net Minority Interest": 256173000.0,
        "Reconciled Cost Of Revenue": 460496000.0,
        "EBITDA": 286958000.0,
        "EBIT": 286958000.0,
        "Net Interest Income": 24759000.0,
        "Interest Expense": 3234000.0,
        "Interest Income": 27993000.0,
        "Normalized Income": 248287350.678829,
        "Net Income From Continuing And Discontinued Operation": 256173000.0,
        "Total Expenses": 718029000.0,
        "Total Operating Income As Reported": 77366000.0,
        "Diluted Average Shares": 143508062.0,
        "Basic Average Shares": 136387504.0,
        "Diluted EPS": 1.79,
        "Basic EPS": 1.88,
        "Diluted NI Availto Com Stockholders": 256173000.0,
        "Net Income Common Stockholders": 256173000.0,
        "Net Income": 256173000.0,
        "Net Income Including Noncontrolling Interests": 256173000.0,
        "Net Income Continuous Operations": 256173000.0,
        "Earnings From Equity Interest Net Of Tax": -51000.0,
        "Tax Provision": 27500000.0,
        "Pretax Income": 283724000.0,
        "Other Income Expense": 181599000.0,
        "Other Non Operating Income Expenses": 172867000.0,
        "Gain On Sale Of Security": 8732000.0,
        "Net Non Operating Interest Income Expense": 24759000.0,
        "Interest Expense Non Operating": 3234000.0,
        "Interest Income Non Operating": 27993000.0,
        "Operating Income": 77366000.0,
        "Operating Expense": 257533000.0,
        "Other Operating Expenses": -58347000.0,
        "Research And Development": 198862000.0,
        "Selling General And Administration": 117018000.0,
        "Selling And Marketing Expense": 43646000.0,
        "General And Administrative Expense": 73372000.0,
        "Other Gand A": 73372000.0,
        "Gross Profit": 334899000.0,
        "Cost Of Revenue": 460496000.0,
        "Total Revenue": 795395000.0,
        "Operating Revenue": 795395000.0
    }
}