{
    "2023-06-30": {
        "Tax Effect Of Unusual Items": NaN,
        "Tax Rate For Calcs": NaN,
        "Total Unusual Items": NaN,
        "Total Unusual Items Excluding Goodwill": NaN,
        "Net Income From Continuing Operation Net Minority Interest": NaN,
        "Net Interest Income": NaN,
        "Interest Expense": NaN,
        "Interest Income": NaN,
        "Normalized Income": NaN,
        "Net Income From Continuing And Discontinued Operation": NaN,
        "Diluted Average Shares": NaN,
        "Basic Average Shares": NaN,
        "Diluted EPS": NaN,
        "Basic EPS": NaN,
        "Diluted NI Availto Com Stockholders": NaN,
        "Net Income Common Stockholders": NaN,
        "Otherunder Preferred Stock Dividend": NaN,
        "Net Income": NaN,
        "Minority Interests": NaN,
        "Net Income Including Noncontrolling Interests": NaN,
        "Net Income Continuous Operations": NaN,
        "Tax Provision": NaN,
        "Pretax Income": NaN,
        "Special Income Charges": NaN,
        "Other Special Charges": NaN,
        "Write Off": 0.0,
        "Restructuring And Mergern Acquisition": NaN,
        "Operating Expense": NaN,
        "Other Operating Expenses": NaN,
        "Total Revenue": NaN,
        "Operating Revenue": NaN
    },
    "2023-03-31": {
        "Tax Effect Of Unusual Items": NaN,
        "Tax Rate For Calcs": NaN,
        "Total Unusual Items": NaN,
        "Total Unusual Items Excluding Goodwill": NaN,
        "Net Income From Continuing Operation Net Minority Interest": NaN,
        "Net Interest Income": NaN,
        "Interest Expense": NaN,
        "Interest Income": NaN,
        "Normalized Income": NaN,
        "Net Income From Continuing And Discontinued Operation": NaN,
        "Diluted Average Shares": 3944800000.0,
        "Basic Average Shares": 3944800000.0,
        "Diluted EPS": 2.6,
        "Basic EPS": 2.6,
        "Diluted NI Availto Com Stockholders": NaN,
        "Net Income Common Stockholders": NaN,
        "Otherunder Preferred Stock Dividend": NaN,
        "Net Income": NaN,
        "Minority Interests": NaN,
        "Net Income Including Noncontrolling Interests": NaN,
        "Net Income Continuous Operations": NaN,
        "Tax Provision": NaN,
        "Pretax Income": NaN,
        "Special Income Charges": NaN,
        "Other Special Charges": NaN,
        "Write Off": NaN,
        "Restructuring And Mergern Acquisition": NaN,
        "Gain On Sale Of Security": 88000000.0,
        "Operating Expense": NaN,
        "Other Operating Expenses": NaN,
        "Total Revenue": NaN,
        "Operating Revenue": NaN
    },
    "2022-12-31": {
        "Tax Effect Of Unusual Items": NaN,
        "Tax Rate For Calcs": NaN,
        "Total Unusual Items": NaN,
        "Total Unusual Items Excluding Goodwill": NaN,
        "Net Income From Continuing Operation Net Minority Interest": NaN,
        "Net Interest Income": NaN,
        "Interest Income": NaN,
        "Normalized Income": NaN,
        "Net Income From Continuing And Discontinued Operation": NaN,
        "Diluted Average Shares": NaN,
        "Basic Average Shares": NaN,
        "Diluted EPS": NaN,
        "Basic EPS": NaN,
        "Diluted NI Availto Com Stockholders": NaN,
        "Net Income Common Stockholders": NaN,
        "Otherunder Preferred Stock Dividend": NaN,
        "Net Income": NaN,
        "Minority Interests": NaN,
        "Net Income Including Noncontrolling Interests": NaN,
        "Net Income Continuous Operations": NaN,
        "Tax Provision": NaN,
        "Pretax Income": NaN,
        "Special Income Charges": NaN,
        "Other Special Charges": NaN,
        "Write Off": NaN,
        "Restructuring And Mergern Acquisition": NaN,
        "Gain On Sale Of Security": 7849000000.0,
        "Operating Expense": NaN,
        "Other Operating Expenses": NaN,
        "Insurance And Claims": 3488000000.0,
        "Total Revenue": NaN,
        "Operating Revenue": NaN
    },
    "2022-09-30": {
        "Tax Effect Of Unusual Items": NaN,
        "Tax Rate For Calcs": NaN,
        "Total Unusual Items": NaN,
        "Total Unusual Items Excluding Goodwill": NaN,
        "Net Income From Continuing Operation Net Minority Interest": NaN,
        "Net Interest Income": NaN,
        "Interest Income": NaN,
        "Normalized Income": NaN,
        "Net Income From Continuing And Discontinued Operation": NaN,
        "Diluted Average Shares": 3950400000.0,
        "Basic Average Shares": 3950400000.0,
        "Diluted EPS": 0.5,
        "Basic EPS": 0.5,
        "Diluted NI Availto Com Stockholders": NaN,
        "Net Income Common Stockholders": NaN,
        "Otherunder Preferred Stock Dividend": NaN,
        "Net Income": NaN,
        "Minority Interests": NaN,
        "Net Income Including Noncontrolling Interests": NaN,
        "Net Income Continuous Operations": NaN,
        "Tax Provision": NaN,
        "Pretax Income": NaN,
        "Special Income Charges": NaN,
        "Other Special Charges": NaN,
        "Write Off": NaN,
        "Restructuring And Mergern Acquisition": NaN,
        "Gain On Sale Of Security": 180000000.0,
        "Operating Expense": NaN,
        "Other Operating Expenses": NaN,
        "Insurance And Claims": 932000000.0,
        "Total Revenue": NaN,
        "Operating Revenue": NaN
    },
    "2022-06-30": {
        "Tax Effect Of Unusual Items": -54400000.0,
        "Tax Rate For Calcs": 0.4,
        "Total Unusual Items": -136000000.0,
        "Total Unusual Items Excluding Goodwill": -136000000.0,
        "Net Income From Continuing Operation Net Minority Interest": 5624000000.0,
        "Net Interest Income": 7454000000.0,
        "Interest Income": 13858000000.0,
        "Normalized Income": 5709600000.0,
        "Net Income From Continuing And Discontinued Operation": 5624000000.0,
        "Diluted Average Shares": 4029200000.0,
        "Basic Average Shares": 3976800000.0,
        "Diluted EPS": 1.3,
        "Basic EPS": 1.3,
        "Diluted NI Availto Com Stockholders": 5486000000.0,
        "Net Income Common Stockholders": 5486000000.0,
        "Otherunder Preferred Stock Dividend": 138000000.0,
        "Net Income": 5624000000.0,
        "Minority Interests": -148000000.0,
        "Net Income Including Noncontrolling Interests": 5772000000.0,
        "Net Income Continuous Operations": 5772000000.0,
        "Tax Provision": -762000000.0,
        "Pretax Income": 5010000000.0,
        "Special Income Charges": -136000000.0,
        "Other Special Charges": -310000000.0,
        "Write Off": NaN,
        "Restructuring And Mergern Acquisition": 442000000.0,
        "Gain On Sale Of Security": -105000000.0,
        "Operating Expense": 10226000000.0,
        "Other Operating Expenses": -8895000000.0,
        "Insurance And Claims": 2702000000.0,
        "Total Revenue": 15027000000.0,
        "Operating Revenue": 15027000000.0
    },
    "2022-03-31": {
        "Diluted EPS": 0.7,
        "Total Revenue": NaN,
        "Gross Profit": NaN,
        "Operating Income": NaN,
        "EBIT": NaN,
        "Net Income": NaN
    },
    "2021-09-30": {
        "Diluted EPS": 0.85,
        "Total Revenue": NaN,
        "Gross Profit": NaN,
        "Operating Income": NaN,
        "EBIT": NaN,
        "Net Income": NaN
    },
    "2021-03-31": {
        "Diluted EPS": 0.95,
        "Total Revenue": NaN,
        "Gross Profit": NaN,
        "Operating Income": -735,
        "EBIT": NaN,
        "Net Income": NaN
    },
    "2020-09-30": {
        "Diluted EPS": 0.35,
        "Total Revenue": NaN,
        "Gross Profit": NaN,
        "Operating Income": NaN,
        "EBIT": NaN,
        "Net Income": NaN
    },
    "2020-03-31": {
        "Diluted EPS": 0.45,
        "Total Revenue": NaN,
        "Gross Profit": NaN,
        "Operating Income": NaN,
        "EBIT": NaN,
        "Net Income": NaN
    },
    "2019-09-30": {
        "Diluted EPS": 0.75,
        "Total Revenue": NaN,
        "Gross Profit": NaN,
        "Operating Income": NaN,
        "EBIT": NaN,
        "Net Income": NaN
    },
    "2019-03-31": {
        "Diluted EPS": 1.05,
        "Total Revenue": NaN,
        "Gross Profit": NaN,
        "Operating Income": NaN,
        "EBIT": NaN,
        "Net Income": NaN
    },
    "2018-09-30": {
        "Diluted EPS": 0.95,
        "Total Revenue": NaN,
        "Gross Profit": NaN,
        "Operating Income": NaN,
        "EBIT": NaN,
        "Net Income": NaN
    },
    "2018-03-31": {
        "Diluted EPS": 0.75,
        "Total Revenue": NaN,
        "Gross Profit": NaN,
        "Operating Income": NaN,
        "EBIT": NaN,
        "Net Income": NaN
    },
    "2017-09-30": {
        "Diluted EPS": 0.75,
        "Total Revenue": NaN,
        "Gross Profit": NaN,
        "Operating Income": NaN,
        "EBIT": NaN,
        "Net Income": NaN
    },
    "2017-03-31": {
        "Diluted EPS": 0.8,
        "Total Revenue": NaN,
        "Gross Profit": NaN,
        "Operating Income": NaN,
        "EBIT": NaN,
        "Net Income": NaN
    },
    "2016-12-31": {
        "Diluted EPS": -1.12,
        "Total Revenue": NaN,
        "Gross Profit": NaN,
        "Operating Income": NaN,
        "EBIT": NaN,
        "Net Income": NaN
    },
    "2016-09-30": {
        "Diluted EPS": -0.15,
        "Total Revenue": NaN,
        "Gross Profit": NaN,
        "Operating Income": NaN,
        "EBIT": NaN,
        "Net Income": -617
    },
    "2016-06-30": {
        "Diluted EPS": 0.6,
        "Total Revenue": NaN,
        "Gross Profit": NaN,
        "Operating Income": NaN,
        "EBIT": NaN,
        "Net Income": NaN
    },
    "2016-03-31": {
        "Diluted EPS": 1.0,
        "Total Revenue": NaN,
        "Gross Profit": NaN,
        "Operating Income": NaN,
        "EBIT": NaN,
        "Net Income": NaN
    },
    "2015-12-31": {
        "Diluted EPS": -0.35,
        "Total Revenue": NaN,
        "Gross Profit": NaN,
        "Operating Income": NaN,
        "EBIT": NaN,
        "Net Income": NaN
    },
    "2015-09-30": {
        "Diluted EPS": 1.25,
        "Total Revenue": NaN,
        "Gross Profit": NaN,
        "Operating Income": NaN,
        "EBIT": NaN,
        "Net Income": NaN
    },
    "2015-06-30": {
        "Diluted EPS": 1.1,
        "Total Revenue": NaN,
        "Gross Profit": NaN,
        "Operating Income": NaN,
        "EBIT": NaN,
        "Net Income": NaN
    },
    "2015-03-31": {
        "Diluted EPS": 1.3,
        "Total Revenue": NaN,
        "Gross Profit": NaN,
        "Operating Income": NaN,
        "EBIT": NaN,
        "Net Income": NaN
    },
    "2014-12-31": {
        "Diluted EPS": 0.1,
        "Total Revenue": NaN,
        "Gross Profit": NaN,
        "Operating Income": NaN,
        "EBIT": NaN,
        "Net Income": -62
    },
    "2014-09-30": {
        "Diluted EPS": 0.85,
        "Total Revenue": NaN,
        "Gross Profit": NaN,
        "Operating Income": NaN,
        "EBIT": NaN,
        "Net Income": NaN
    },
    "2014-06-30": {
        "Diluted EPS": 1.15,
        "Total Revenue": NaN,
        "Gross Profit": NaN,
        "Operating Income": NaN,
        "EBIT": NaN,
        "Net Income": NaN
    },
    "2014-03-31": {
        "Diluted EPS": 1.35,
        "Total Revenue": NaN,
        "Gross Profit": NaN,
        "Operating Income": NaN,
        "EBIT": NaN,
        "Net Income": NaN
    },
    "2013-12-31": {
        "Diluted EPS": 0.7,
        "Total Revenue": NaN,
        "Gross Profit": NaN,
        "Operating Income": NaN,
        "EBIT": NaN,
        "Net Income": NaN
    },
    "2013-09-30": {
        "Diluted EPS": 0.8,
        "Total Revenue": NaN,
        "Gross Profit": NaN,
        "Operating Income": NaN,
        "EBIT": NaN,
        "Net Income": NaN
    },
    "2013-06-30": {
        "Diluted EPS": 1.05,
        "Total Revenue": NaN,
        "Gross Profit": NaN,
        "Operating Income": NaN,
        "EBIT": NaN,
        "Net Income": NaN
    },
    "2013-03-31": {
        "Diluted EPS": 1.65,
        "Total Revenue": NaN,
        "Gross Profit": NaN,
        "Operating Income": NaN,
        "EBIT": NaN,
        "Net Income": NaN
    },
    "2012-12-31": {
        "Diluted EPS": 0.8,
        "Total Revenue": NaN,
        "Gross Profit": NaN,
        "Operating Income": NaN,
        "EBIT": NaN,
        "Net Income": NaN
    },
    "2012-09-30": {
        "Diluted EPS": 0.65,
        "Total Revenue": NaN,
        "Gross Profit": NaN,
        "Operating Income": NaN,
        "EBIT": NaN,
        "Net Income": NaN
    },
    "2012-06-30": {
        "Diluted EPS": 1.6,
        "Total Revenue": NaN,
        "Gross Profit": NaN,
        "Operating Income": NaN,
        "EBIT": NaN,
        "Net Income": NaN
    },
    "2012-03-31": {
        "Diluted EPS": 0.65,
        "Total Revenue": NaN,
        "Gross Profit": NaN,
        "Operating Income": NaN,
        "EBIT": NaN,
        "Net Income": NaN
    },
    "2011-12-31": {
        "Diluted EPS": -10.3,
        "Total Revenue": NaN,
        "Gross Profit": NaN,
        "Operating Income": NaN,
        "EBIT": NaN,
        "Net Income": NaN
    },
    "2011-09-30": {
        "Diluted EPS": 7.0,
        "Total Revenue": NaN,
        "Gross Profit": NaN,
        "Operating Income": NaN,
        "EBIT": NaN,
        "Net Income": NaN
    },
    "2011-06-30": {
        "Diluted EPS": 6.75,
        "Total Revenue": NaN,
        "Gross Profit": NaN,
        "Operating Income": NaN,
        "EBIT": NaN,
        "Net Income": NaN
    },
    "2011-03-31": {
        "Diluted EPS": 1.1,
        "Total Revenue": NaN,
        "Gross Profit": NaN,
        "Operating Income": NaN,
        "EBIT": NaN,
        "Net Income": NaN
    },
    "2010-12-31": {
        "Diluted EPS": -7.15,
        "Total Revenue": NaN,
        "Gross Profit": NaN,
        "Operating Income": NaN,
        "EBIT": NaN,
        "Net Income": NaN
    },
    "2010-09-30": {
        "Diluted EPS": 4.25,
        "Total Revenue": NaN,
        "Gross Profit": NaN,
        "Operating Income": NaN,
        "EBIT": NaN,
        "Net Income": NaN
    },
    "2010-06-30": {
        "Diluted EPS": 5.75,
        "Total Revenue": NaN,
        "Gross Profit": NaN,
        "Operating Income": NaN,
        "EBIT": NaN,
        "Net Income": NaN
    },
    "2010-03-31": {
        "Diluted EPS": 0.75,
        "Total Revenue": NaN,
        "Gross Profit": NaN,
        "Operating Income": NaN,
        "EBIT": NaN,
        "Net Income": NaN
    },
    "2009-06-30": {
        "Diluted EPS": 0.0,
        "Total Revenue": NaN,
        "Gross Profit": NaN,
        "Operating Income": NaN,
        "EBIT": NaN,
        "Net Income": NaN
    },
    "2023-09-30": {
        "Tax Effect Of Unusual Items": NaN,
        "Tax Rate For Calcs": NaN,
        "Total Unusual Items": NaN,
        "Total Unusual Items Excluding Goodwill": NaN,
        "Net Income From Continuing Operation Net Minority Interest": NaN,
        "Reconciled Depreciation": NaN,
        "Net Interest Income": NaN,
        "Interest Expense": 17950000000.0,
        "Interest Income": NaN,
        "Normalized Income": NaN,
        "Net Income From Continuing And Discontinued Operation": NaN,
        "Diluted Average Shares": 3880800000.0,
        "Basic Average Shares": 3880800000.0,
        "Diluted EPS": 1.45,
        "Basic EPS": 1.45,
        "Diluted NI Availto Com Stockholders": NaN,
        "Net Income Common Stockholders": NaN,
        "Otherunder Preferred Stock Dividend": NaN,
        "Net Income": NaN,
        "Minority Interests": NaN,
        "Net Income Including Noncontrolling Interests": NaN,
        "Net Income Continuous Operations": NaN,
        "Tax Provision": NaN,
        "Pretax Income": NaN,
        "Special Income Charges": NaN,
        "Other Special Charges": NaN,
        "Write Off": 0.0,
        "Restructuring And Mergern Acquisition": NaN,
        "Operating Expense": NaN,
        "Other Operating Expenses": NaN,
        "Depreciation And Amortization In Income Statement": NaN,
        "Amortization": NaN,
        "Total Revenue": NaN,
        "Operating Revenue": NaN
    },
    "2023-12-31": {
        "Tax Effect Of Unusual Items": NaN,
        "Tax Rate For Calcs": NaN,
        "Total Unusual Items": NaN,
        "Total Unusual Items Excluding Goodwill": NaN,
        "Net Income From Continuing Operation Net Minority Interest": NaN,
        "Reconciled Depreciation": NaN,
        "Net Interest Income": NaN,
        "Interest Expense": NaN,
        "Interest Income": NaN,
        "Normalized Income": NaN,
        "Net Income From Continuing And Discontinued Operation": NaN,
        "Diluted Average Shares": NaN,
        "Basic Average Shares": NaN,
        "Diluted EPS": NaN,
        "Basic EPS": NaN,
        "Diluted NI Availto Com Stockholders": NaN,
        "Net Income Common Stockholders": NaN,
        "Otherunder Preferred Stock Dividend": NaN,
        "Net Income": NaN,
        "Minority Interests": NaN,
        "Net Income Including Noncontrolling Interests": NaN,
        "Net Income Continuous Operations": NaN,
        "Tax Provision": NaN,
        "Pretax Income": NaN,
        "Special Income Charges": NaN,
        "Other Special Charges": NaN,
        "Write Off": 4980000000.0,
        "Restructuring And Mergern Acquisition": NaN,
        "Operating Expense": NaN,
        "Other Operating Expenses": NaN,
        "Depreciation And Amortization In Income Statement": NaN,
        "Amortization": NaN,
        "Total Revenue": NaN,
        "Operating Revenue": NaN
    },
    "2024-03-31": {
        "Tax Effect Of Unusual Items": 526526000.0,
        "Tax Rate For Calcs": 0.143,
        "Total Unusual Items": 3682000000.0,
        "Total Unusual Items Excluding Goodwill": 3682000000.0,
        "Net Income From Continuing Operation Net Minority Interest": 10584000000.0,
        "Reconciled Depreciation": 504000000.0,
        "Net Interest Income": 8653000000.0,
        "Interest Expense": 19612000000.0,
        "Interest Income": 28265000000.0,
        "Normalized Income": 7428526000.0,
        "Net Income From Continuing And Discontinued Operation": 10584000000.0,
        "Diluted Average Shares": 3764600000.0,
        "Basic Average Shares": 3764600000.0,
        "Diluted EPS": 2.7,
        "Basic EPS": 2.7,
        "Diluted NI Availto Com Stockholders": 10183000000.0,
        "Net Income Common Stockholders": 10183000000.0,
        "Otherunder Preferred Stock Dividend": 401000000.0,
        "Net Income": 10584000000.0,
        "Minority Interests": -253000000.0,
        "Net Income Including Noncontrolling Interests": 10837000000.0,
        "Net Income Continuous Operations": 10837000000.0,
        "Tax Provision": 1813000000.0,
        "Pretax Income": 12650000000.0,
        "Special Income Charges": 3682000000.0,
        "Other Special Charges": -3669000000.0,
        "Write Off": -3417000000.0,
        "Restructuring And Mergern Acquisition": -13000000.0,
        "Operating Expense": 8101000000.0,
        "Other Operating Expenses": 7597000000.0,
        "Depreciation And Amortization In Income Statement": 504000000.0,
        "Amortization": 504000000.0,
        "Total Revenue": 17020000000.0,
        "Operating Revenue": 17020000000.0
    },
    "2024-06-30": {
        "Tax Effect Of Unusual Items": -878005165.057265,
        "Tax Rate For Calcs": 0.233326,
        "Total Unusual Items": -3763000000.0,
        "Total Unusual Items Excluding Goodwill": -3763000000.0,
        "Net Income From Continuing Operation Net Minority Interest": 6528000000.0,
        "Reconciled Depreciation": NaN,
        "Net Interest Income": 8258000000.0,
        "Interest Expense": NaN,
        "Interest Income": 46719000000.0,
        "Normalized Income": 9412994834.942736,
        "Net Income From Continuing And Discontinued Operation": 6528000000.0,
        "Diluted Average Shares": NaN,
        "Basic Average Shares": NaN,
        "Diluted EPS": NaN,
        "Basic EPS": NaN,
        "Diluted NI Availto Com Stockholders": 6403000000.0,
        "Net Income Common Stockholders": 6403000000.0,
        "Otherunder Preferred Stock Dividend": 125000000.0,
        "Net Income": 6528000000.0,
        "Minority Interests": -300000000.0,
        "Net Income Including Noncontrolling Interests": 6828000000.0,
        "Net Income Continuous Operations": 6828000000.0,
        "Tax Provision": 2078000000.0,
        "Pretax Income": 8906000000.0,
        "Special Income Charges": -3763000000.0,
        "Other Special Charges": 353000000.0,
        "Write Off": 161000000.0,
        "Restructuring And Mergern Acquisition": -6000000.0,
        "Operating Expense": 8114000000.0,
        "Other Operating Expenses": -8182000000.0,
        "Depreciation And Amortization In Income Statement": NaN,
        "Amortization": NaN,
        "Total Revenue": 20272000000.0,
        "Operating Revenue": 20272000000.0
    },
    "2024-09-30": {
        "Tax Effect Of Unusual Items": 4488000.0,
        "Tax Rate For Calcs": 0.204,
        "Total Unusual Items": 22000000.0,
        "Total Unusual Items Excluding Goodwill": 22000000.0,
        "Net Income From Continuing Operation Net Minority Interest": 6516000000.0,
        "Reconciled Depreciation": NaN,
        "Net Interest Income": 7637000000.0,
        "Interest Expense": 19618000000.0,
        "Interest Income": 27255000000.0,
        "Normalized Income": 6503488000.0,
        "Net Income From Continuing And Discontinued Operation": 6516000000.0,
        "Diluted Average Shares": 3630200000.0,
        "Basic Average Shares": 3630200000.0,
        "Diluted EPS": 1.7,
        "Basic EPS": 1.7,
        "Diluted NI Availto Com Stockholders": 6134000000.0,
        "Net Income Common Stockholders": 6134000000.0,
        "Otherunder Preferred Stock Dividend": 382000000.0,
        "Net Income": 6516000000.0,
        "Minority Interests": -233000000.0,
        "Net Income Including Noncontrolling Interests": 6749000000.0,
        "Net Income Continuous Operations": 6749000000.0,
        "Tax Provision": 1727000000.0,
        "Pretax Income": 8476000000.0,
        "Special Income Charges": 22000000.0,
        "Other Special Charges": -24000000.0,
        "Write Off": NaN,
        "Restructuring And Mergern Acquisition": -3000000.0,
        "Operating Expense": 8093000000.0,
        "Other Operating Expenses": 8093000000.0,
        "Depreciation And Amortization In Income Statement": NaN,
        "Amortization": NaN,
        "Total Revenue": 16926000000.0,
        "Operating Revenue": 16926000000.0
    },
    "2024-12-31": {
        "Tax Effect Of Unusual Items": -1279500000.0,
        "Tax Rate For Calcs": 0.25,
        "Total Unusual Items": -5118000000.0,
        "Total Unusual Items Excluding Goodwill": -5118000000.0,
        "Net Income From Continuing Operation Net Minority Interest": 351000000.0,
        "Reconciled Depreciation": NaN,
        "Net Interest Income": 8185000000.0,
        "Interest Expense": 17819000000.0,
        "Interest Income": 26004000000.0,
        "Normalized Income": 4215500000.0,
        "Net Income From Continuing And Discontinued Operation": 351000000.0,
        "Diluted Average Shares": NaN,
        "Basic Average Shares": NaN,
        "Diluted EPS": NaN,
        "Basic EPS": NaN,
        "Diluted NI Availto Com Stockholders": 197000000.0,
        "Net Income Common Stockholders": 197000000.0,
        "Otherunder Preferred Stock Dividend": 154000000.0,
        "Net Income": 351000000.0,
        "Minority Interests": -234000000.0,
        "Net Income Including Noncontrolling Interests": 585000000.0,
        "Net Income Continuous Operations": 585000000.0,
        "Tax Provision": 1692000000.0,
        "Pretax Income": 2277000000.0,
        "Special Income Charges": -5118000000.0,
        "Other Special Charges": 5036000000.0,
        "Write Off": NaN,
        "Restructuring And Mergern Acquisition": 56000000.0,
        "Operating Expense": 8671000000.0,
        "Other Operating Expenses": -24372000000.0,
        "Depreciation And Amortization In Income Statement": NaN,
        "Amortization": NaN,
        "Total Revenue": 16749000000.0,
        "Operating Revenue": 16749000000.0
    },
    "2025-03-31": {
        "Tax Effect Of Unusual Items": -56964000.0,
        "Tax Rate For Calcs": 0.202,
        "Total Unusual Items": -282000000.0,
        "Total Unusual Items Excluding Goodwill": -282000000.0,
        "Net Income From Continuing Operation Net Minority Interest": 7324000000.0,
        "Reconciled Depreciation": 613000000.0,
        "Net Interest Income": 8302000000.0,
        "Interest Expense": 16111000000.0,
        "Interest Income": 24413000000.0,
        "Normalized Income": 7549036000.0,
        "Net Income From Continuing And Discontinued Operation": 7324000000.0,
        "Diluted Average Shares": 3553800000.0,
        "Basic Average Shares": 3553800000.0,
        "Diluted EPS": 1.95,
        "Basic EPS": 1.95,
        "Diluted NI Availto Com Stockholders": 6932000000.0,
        "Net Income Common Stockholders": 6932000000.0,
        "Otherunder Preferred Stock Dividend": 392000000.0,
        "Net Income": 7324000000.0,
        "Minority Interests": -246000000.0,
        "Net Income Including Noncontrolling Interests": 7570000000.0,
        "Net Income Continuous Operations": 7570000000.0,
        "Tax Provision": 1914000000.0,
        "Pretax Income": 9484000000.0,
        "Special Income Charges": -282000000.0,
        "Other Special Charges": 141000000.0,
        "Write Off": NaN,
        "Restructuring And Mergern Acquisition": 141000000.0,
        "Operating Expense": 7911000000.0,
        "Other Operating Expenses": 7298000000.0,
        "Depreciation And Amortization In Income Statement": 613000000.0,
        "Amortization": 613000000.0,
        "Total Revenue": 17740000000.0,
        "Operating Revenue": 17740000000.0
    }
}