{
    "2023-03-31": {
        "Tax Effect Of Unusual Items": NaN,
        "Tax Rate For Calcs": NaN,
        "Normalized EBITDA": NaN,
        "Total Unusual Items": NaN,
        "Total Unusual Items Excluding Goodwill": NaN,
        "Net Income From Continuing Operation Net Minority Interest": NaN,
        "Reconciled Depreciation": NaN,
        "Reconciled Cost Of Revenue": NaN,
        "EBITDA": NaN,
        "EBIT": NaN,
        "Net Interest Income": NaN,
        "Normalized Income": NaN,
        "Net Income From Continuing And Discontinued Operation": NaN,
        "Total Expenses": NaN,
        "Total Operating Income As Reported": NaN,
        "Diluted Average Shares": 564134.0,
        "Basic Average Shares": 564134.0,
        "Diluted EPS": -4.42,
        "Basic EPS": -4.42,
        "Diluted NI Availto Com Stockholders": NaN,
        "Net Income Common Stockholders": NaN,
        "Net Income": NaN,
        "Net Income Including Noncontrolling Interests": NaN,
        "Net Income Continuous Operations": NaN,
        "Tax Provision": NaN,
        "Pretax Income": NaN,
        "Other Income Expense": NaN,
        "Other Non Operating Income Expenses": NaN,
        "Special Income Charges": NaN,
        "Impairment Of Capital Assets": NaN,
        "Gain On Sale Of Security": NaN,
        "Net Non Operating Interest Income Expense": NaN,
        "Total Other Finance Cost": NaN,
        "Operating Income": NaN,
        "Operating Expense": NaN,
        "Depreciation Amortization Depletion Income Statement": NaN,
        "Depreciation And Amortization In Income Statement": NaN,
        "Amortization": NaN,
        "Amortization Of Intangibles Income Statement": NaN,
        "Research And Development": NaN,
        "Selling General And Administration": NaN,
        "Gross Profit": NaN,
        "Cost Of Revenue": NaN,
        "Total Revenue": NaN,
        "Operating Revenue": NaN
    },
    "2022-12-31": {
        "Tax Effect Of Unusual Items": NaN,
        "Tax Rate For Calcs": NaN,
        "Normalized EBITDA": NaN,
        "Total Unusual Items": NaN,
        "Total Unusual Items Excluding Goodwill": NaN,
        "Net Income From Continuing Operation Net Minority Interest": NaN,
        "Reconciled Depreciation": NaN,
        "Reconciled Cost Of Revenue": NaN,
        "EBITDA": NaN,
        "EBIT": NaN,
        "Net Interest Income": NaN,
        "Interest Expense": -85000.0,
        "Normalized Income": NaN,
        "Net Income From Continuing And Discontinued Operation": NaN,
        "Total Expenses": NaN,
        "Total Operating Income As Reported": NaN,
        "Diluted Average Shares": NaN,
        "Basic Average Shares": NaN,
        "Diluted EPS": NaN,
        "Basic EPS": NaN,
        "Diluted NI Availto Com Stockholders": NaN,
        "Net Income Common Stockholders": NaN,
        "Net Income": NaN,
        "Net Income Including Noncontrolling Interests": NaN,
        "Net Income Continuous Operations": NaN,
        "Tax Provision": NaN,
        "Pretax Income": NaN,
        "Other Income Expense": NaN,
        "Other Non Operating Income Expenses": 6000.0,
        "Special Income Charges": 0.0,
        "Impairment Of Capital Assets": 0.0,
        "Gain On Sale Of Security": NaN,
        "Net Non Operating Interest Income Expense": NaN,
        "Total Other Finance Cost": NaN,
        "Interest Expense Non Operating": -85000.0,
        "Operating Income": NaN,
        "Operating Expense": NaN,
        "Depreciation Amortization Depletion Income Statement": NaN,
        "Depreciation And Amortization In Income Statement": NaN,
        "Amortization": NaN,
        "Amortization Of Intangibles Income Statement": NaN,
        "Research And Development": NaN,
        "Selling General And Administration": NaN,
        "Gross Profit": NaN,
        "Cost Of Revenue": NaN,
        "Total Revenue": NaN,
        "Operating Revenue": NaN
    },
    "2022-09-30": {
        "Tax Effect Of Unusual Items": NaN,
        "Tax Rate For Calcs": NaN,
        "Normalized EBITDA": NaN,
        "Total Unusual Items": NaN,
        "Total Unusual Items Excluding Goodwill": NaN,
        "Net Income From Continuing Operation Net Minority Interest": NaN,
        "Reconciled Depreciation": NaN,
        "Reconciled Cost Of Revenue": NaN,
        "EBITDA": NaN,
        "EBIT": NaN,
        "Net Interest Income": NaN,
        "Interest Expense": 919000.0,
        "Normalized Income": NaN,
        "Net Income From Continuing And Discontinued Operation": NaN,
        "Total Expenses": NaN,
        "Total Operating Income As Reported": NaN,
        "Diluted Average Shares": NaN,
        "Basic Average Shares": NaN,
        "Diluted EPS": NaN,
        "Basic EPS": NaN,
        "Diluted NI Availto Com Stockholders": NaN,
        "Net Income Common Stockholders": NaN,
        "Net Income": NaN,
        "Net Income Including Noncontrolling Interests": NaN,
        "Net Income Continuous Operations": NaN,
        "Tax Provision": NaN,
        "Pretax Income": NaN,
        "Other Income Expense": NaN,
        "Other Non Operating Income Expenses": NaN,
        "Special Income Charges": -757000.0,
        "Impairment Of Capital Assets": 757000.0,
        "Gain On Sale Of Security": NaN,
        "Net Non Operating Interest Income Expense": NaN,
        "Total Other Finance Cost": NaN,
        "Interest Expense Non Operating": 919000.0,
        "Operating Income": NaN,
        "Operating Expense": NaN,
        "Depreciation Amortization Depletion Income Statement": NaN,
        "Depreciation And Amortization In Income Statement": NaN,
        "Amortization": NaN,
        "Amortization Of Intangibles Income Statement": NaN,
        "Research And Development": NaN,
        "Selling General And Administration": NaN,
        "Gross Profit": NaN,
        "Cost Of Revenue": NaN,
        "Total Revenue": NaN,
        "Operating Revenue": NaN
    },
    "2022-06-30": {
        "Tax Effect Of Unusual Items": 0.0,
        "Tax Rate For Calcs": 0.0,
        "Normalized EBITDA": -2978000.0,
        "Total Unusual Items": -380000.0,
        "Total Unusual Items Excluding Goodwill": -380000.0,
        "Net Income From Continuing Operation Net Minority Interest": -3810000.0,
        "Reconciled Depreciation": 72000.0,
        "Reconciled Cost Of Revenue": 63000.0,
        "EBITDA": -3358000.0,
        "EBIT": -3430000.0,
        "Net Interest Income": NaN,
        "Interest Expense": NaN,
        "Normalized Income": -3430000.0,
        "Net Income From Continuing And Discontinued Operation": -3810000.0,
        "Total Expenses": 3549000.0,
        "Total Operating Income As Reported": -3430000.0,
        "Diluted Average Shares": 78574.0,
        "Basic Average Shares": 78574.0,
        "Diluted EPS": -48.5,
        "Basic EPS": -48.5,
        "Diluted NI Availto Com Stockholders": -3810000.0,
        "Net Income Common Stockholders": -3810000.0,
        "Net Income": -3810000.0,
        "Net Income Including Noncontrolling Interests": -3810000.0,
        "Net Income Continuous Operations": -3810000.0,
        "Tax Provision": 0.0,
        "Pretax Income": -3810000.0,
        "Other Income Expense": -380000.0,
        "Other Non Operating Income Expenses": NaN,
        "Special Income Charges": NaN,
        "Impairment Of Capital Assets": NaN,
        "Gain On Sale Of Security": -380000.0,
        "Net Non Operating Interest Income Expense": NaN,
        "Total Other Finance Cost": NaN,
        "Interest Expense Non Operating": NaN,
        "Operating Income": -3430000.0,
        "Operating Expense": 3461000.0,
        "Depreciation Amortization Depletion Income Statement": 47000.0,
        "Depreciation And Amortization In Income Statement": 47000.0,
        "Amortization": 47000.0,
        "Amortization Of Intangibles Income Statement": 47000.0,
        "Research And Development": 953000.0,
        "Selling General And Administration": 2461000.0,
        "Gross Profit": 31000.0,
        "Cost Of Revenue": 88000.0,
        "Total Revenue": 119000.0,
        "Operating Revenue": 119000.0
    },
    "2022-03-31": {
        "Diluted EPS": -1.15,
        "Total Revenue": 0,
        "Gross Profit": 0,
        "Operating Income": -5,
        "EBIT": -4,
        "Net Income": -4
    },
    "2021-12-31": {
        "Diluted EPS": -1.14,
        "Total Revenue": 0,
        "Gross Profit": 0,
        "Operating Income": -4,
        "EBIT": -4,
        "Net Income": -4
    },
    "2021-09-30": {
        "Diluted EPS": -2.01,
        "Total Revenue": 0,
        "Gross Profit": 0,
        "Operating Income": -4,
        "EBIT": -4,
        "Net Income": -5
    },
    "2021-06-30": {
        "Diluted EPS": -2.58,
        "Total Revenue": 0,
        "Gross Profit": 0,
        "Operating Income": -6,
        "EBIT": -6,
        "Net Income": -6
    },
    "2021-03-31": {
        "Diluted EPS": -1.65,
        "Total Revenue": 0,
        "Gross Profit": 0,
        "Operating Income": -4,
        "EBIT": -3,
        "Net Income": -3
    },
    "2020-12-31": {
        "Diluted EPS": -0.82,
        "Total Revenue": 0,
        "Gross Profit": 0,
        "Operating Income": -3,
        "EBIT": -3,
        "Net Income": -3
    },
    "2020-09-30": {
        "Diluted EPS": -2.7,
        "Total Revenue": 0,
        "Gross Profit": 0,
        "Operating Income": -4,
        "EBIT": -4,
        "Net Income": -3
    },
    "2020-06-30": {
        "Diluted EPS": -2.9,
        "Total Revenue": 0,
        "Gross Profit": 0,
        "Operating Income": -4,
        "EBIT": -4,
        "Net Income": -3
    },
    "2020-03-31": {
        "Diluted EPS": -5.38,
        "Total Revenue": 0,
        "Gross Profit": 0,
        "Operating Income": -4,
        "EBIT": -4,
        "Net Income": -5
    },
    "2019-12-31": {
        "Diluted EPS": -2.85,
        "Total Revenue": 0,
        "Gross Profit": 0,
        "Operating Income": -6,
        "EBIT": -6,
        "Net Income": -5
    },
    "2019-09-30": {
        "Diluted EPS": -7.69,
        "Total Revenue": 0,
        "Gross Profit": 0,
        "Operating Income": -6,
        "EBIT": -6,
        "Net Income": -6
    },
    "2019-06-30": {
        "Diluted EPS": -0.35,
        "Total Revenue": 1,
        "Gross Profit": 0,
        "Operating Income": -6,
        "EBIT": -6,
        "Net Income": 0
    },
    "2019-03-31": {
        "Diluted EPS": -2.1,
        "Total Revenue": 1,
        "Gross Profit": 0,
        "Operating Income": -7,
        "EBIT": -7,
        "Net Income": 1
    },
    "2018-12-31": {
        "Diluted EPS": -7.34,
        "Total Revenue": NaN,
        "Gross Profit": NaN,
        "Operating Income": -6,
        "EBIT": -6,
        "Net Income": -5
    },
    "2018-09-30": {
        "Diluted EPS": -6.64,
        "Total Revenue": NaN,
        "Gross Profit": NaN,
        "Operating Income": -5,
        "EBIT": -5,
        "Net Income": -5
    },
    "2018-06-30": {
        "Diluted EPS": -27.27,
        "Total Revenue": NaN,
        "Gross Profit": NaN,
        "Operating Income": -12,
        "EBIT": -12,
        "Net Income": -18
    },
    "2018-03-31": {
        "Diluted EPS": -2.8,
        "Total Revenue": NaN,
        "Gross Profit": NaN,
        "Operating Income": -5,
        "EBIT": -5,
        "Net Income": -1
    },
    "2017-12-31": {
        "Diluted EPS": -6.99,
        "Total Revenue": NaN,
        "Gross Profit": NaN,
        "Operating Income": -6,
        "EBIT": -6,
        "Net Income": -4
    },
    "2017-09-30": {
        "Diluted EPS": -23.43,
        "Total Revenue": NaN,
        "Gross Profit": NaN,
        "Operating Income": -6,
        "EBIT": -6,
        "Net Income": -13
    },
    "2017-06-30": {
        "Diluted EPS": -10.84,
        "Total Revenue": NaN,
        "Gross Profit": NaN,
        "Operating Income": -6,
        "EBIT": -6,
        "Net Income": -6
    },
    "2017-03-31": {
        "Diluted EPS": -11.19,
        "Total Revenue": NaN,
        "Gross Profit": NaN,
        "Operating Income": -5,
        "EBIT": -5,
        "Net Income": -6
    },
    "2016-12-31": {
        "Diluted EPS": -2.45,
        "Total Revenue": NaN,
        "Gross Profit": NaN,
        "Operating Income": -2,
        "EBIT": -2,
        "Net Income": -2
    },
    "2016-09-30": {
        "Diluted EPS": -6.99,
        "Total Revenue": NaN,
        "Gross Profit": NaN,
        "Operating Income": -3,
        "EBIT": -3,
        "Net Income": -3
    },
    "2016-06-30": {
        "Diluted EPS": -6.99,
        "Total Revenue": NaN,
        "Gross Profit": NaN,
        "Operating Income": -2,
        "EBIT": -2,
        "Net Income": -3
    },
    "2016-03-31": {
        "Diluted EPS": -8.74,
        "Total Revenue": NaN,
        "Gross Profit": NaN,
        "Operating Income": -3,
        "EBIT": -3,
        "Net Income": -4
    },
    "2015-12-31": {
        "Diluted EPS": -6.99,
        "Total Revenue": NaN,
        "Gross Profit": NaN,
        "Operating Income": -3,
        "EBIT": -3,
        "Net Income": -2
    },
    "2015-09-30": {
        "Diluted EPS": 5.25,
        "Total Revenue": NaN,
        "Gross Profit": NaN,
        "Operating Income": -1,
        "EBIT": -1,
        "Net Income": 2
    },
    "2015-06-30": {
        "Diluted EPS": -6.99,
        "Total Revenue": NaN,
        "Gross Profit": NaN,
        "Operating Income": -3,
        "EBIT": -3,
        "Net Income": -3
    },
    "2015-03-31": {
        "Diluted EPS": 0.0,
        "Total Revenue": NaN,
        "Gross Profit": NaN,
        "Operating Income": -2,
        "EBIT": -2,
        "Net Income": -2
    },
    "2014-12-31": {
        "Diluted EPS": -6.99,
        "Total Revenue": NaN,
        "Gross Profit": NaN,
        "Operating Income": -3,
        "EBIT": NaN,
        "Net Income": -2
    },
    "2014-09-30": {
        "Diluted EPS": -10.49,
        "Total Revenue": NaN,
        "Gross Profit": NaN,
        "Operating Income": -3,
        "EBIT": -3,
        "Net Income": -4
    },
    "2014-06-30": {
        "Diluted EPS": -6.99,
        "Total Revenue": NaN,
        "Gross Profit": NaN,
        "Operating Income": -1,
        "EBIT": -1,
        "Net Income": -2
    },
    "2014-03-31": {
        "Diluted EPS": 0.0,
        "Total Revenue": NaN,
        "Gross Profit": NaN,
        "Operating Income": NaN,
        "EBIT": NaN,
        "Net Income": NaN
    },
    "2013-03-31": {
        "Diluted EPS": 0.0,
        "Total Revenue": NaN,
        "Gross Profit": NaN,
        "Operating Income": NaN,
        "EBIT": NaN,
        "Net Income": NaN
    },
    "2023-06-30": {
        "Tax Effect Of Unusual Items": NaN,
        "Tax Rate For Calcs": NaN,
        "Normalized EBITDA": NaN,
        "Total Unusual Items": NaN,
        "Total Unusual Items Excluding Goodwill": NaN,
        "Net Income From Continuing Operation Net Minority Interest": NaN,
        "Reconciled Depreciation": NaN,
        "Reconciled Cost Of Revenue": NaN,
        "EBITDA": NaN,
        "EBIT": NaN,
        "Net Interest Income": NaN,
        "Normalized Income": NaN,
        "Net Income From Continuing And Discontinued Operation": NaN,
        "Total Expenses": NaN,
        "Total Operating Income As Reported": NaN,
        "Diluted Average Shares": 564423.0,
        "Basic Average Shares": 564423.0,
        "Diluted EPS": -2.92,
        "Basic EPS": -2.92,
        "Diluted NI Availto Com Stockholders": NaN,
        "Net Income Common Stockholders": NaN,
        "Net Income": NaN,
        "Net Income Including Noncontrolling Interests": NaN,
        "Net Income Continuous Operations": NaN,
        "Tax Provision": NaN,
        "Pretax Income": NaN,
        "Other Income Expense": NaN,
        "Other Non Operating Income Expenses": NaN,
        "Special Income Charges": NaN,
        "Impairment Of Capital Assets": NaN,
        "Gain On Sale Of Security": NaN,
        "Net Non Operating Interest Income Expense": NaN,
        "Total Other Finance Cost": NaN,
        "Operating Income": NaN,
        "Operating Expense": NaN,
        "Depreciation Amortization Depletion Income Statement": NaN,
        "Depreciation And Amortization In Income Statement": NaN,
        "Amortization": NaN,
        "Amortization Of Intangibles Income Statement": NaN,
        "Research And Development": NaN,
        "Selling General And Administration": NaN,
        "Gross Profit": NaN,
        "Cost Of Revenue": NaN,
        "Total Revenue": NaN,
        "Operating Revenue": NaN
    },
    "2023-09-30": {
        "Tax Effect Of Unusual Items": NaN,
        "Tax Rate For Calcs": NaN,
        "Normalized EBITDA": NaN,
        "Total Unusual Items": NaN,
        "Total Unusual Items Excluding Goodwill": NaN,
        "Net Income From Continuing Operation Net Minority Interest": NaN,
        "Reconciled Depreciation": NaN,
        "Reconciled Cost Of Revenue": NaN,
        "EBITDA": NaN,
        "EBIT": NaN,
        "Net Interest Income": NaN,
        "Normalized Income": NaN,
        "Net Income From Continuing And Discontinued Operation": NaN,
        "Total Expenses": NaN,
        "Total Operating Income As Reported": NaN,
        "Diluted Average Shares": 667809.0,
        "Basic Average Shares": 667809.0,
        "Diluted EPS": -5.49,
        "Basic EPS": -5.49,
        "Diluted NI Availto Com Stockholders": NaN,
        "Net Income Common Stockholders": NaN,
        "Net Income": NaN,
        "Net Income Including Noncontrolling Interests": NaN,
        "Net Income Continuous Operations": NaN,
        "Tax Provision": NaN,
        "Pretax Income": NaN,
        "Other Income Expense": NaN,
        "Other Non Operating Income Expenses": NaN,
        "Special Income Charges": -159000.0,
        "Impairment Of Capital Assets": 159000.0,
        "Gain On Sale Of Security": NaN,
        "Net Non Operating Interest Income Expense": NaN,
        "Total Other Finance Cost": NaN,
        "Operating Income": NaN,
        "Operating Expense": NaN,
        "Depreciation Amortization Depletion Income Statement": NaN,
        "Depreciation And Amortization In Income Statement": NaN,
        "Amortization": NaN,
        "Amortization Of Intangibles Income Statement": NaN,
        "Research And Development": NaN,
        "Selling General And Administration": NaN,
        "Gross Profit": NaN,
        "Cost Of Revenue": NaN,
        "Total Revenue": NaN,
        "Operating Revenue": NaN
    },
    "2023-12-31": {
        "Tax Effect Of Unusual Items": 0.0,
        "Tax Rate For Calcs": 0.0,
        "Normalized EBITDA": -3353000.0,
        "Total Unusual Items": 1128000.0,
        "Total Unusual Items Excluding Goodwill": 1128000.0,
        "Net Income From Continuing Operation Net Minority Interest": -1045000.0,
        "Reconciled Depreciation": 21000.0,
        "Reconciled Cost Of Revenue": 77000.0,
        "EBITDA": -2225000.0,
        "EBIT": -2246000.0,
        "Net Interest Income": 0.0,
        "Normalized Income": -2173000.0,
        "Net Income From Continuing And Discontinued Operation": -1045000.0,
        "Total Expenses": 2380000.0,
        "Total Operating Income As Reported": -2246000.0,
        "Diluted Average Shares": NaN,
        "Basic Average Shares": NaN,
        "Diluted EPS": NaN,
        "Basic EPS": NaN,
        "Diluted NI Availto Com Stockholders": -1045000.0,
        "Net Income Common Stockholders": -1045000.0,
        "Net Income": -1045000.0,
        "Net Income Including Noncontrolling Interests": -1045000.0,
        "Net Income Continuous Operations": -1045000.0,
        "Tax Provision": 0.0,
        "Pretax Income": -1045000.0,
        "Other Income Expense": 1201000.0,
        "Other Non Operating Income Expenses": 73000.0,
        "Special Income Charges": 0.0,
        "Impairment Of Capital Assets": 0.0,
        "Gain On Sale Of Security": 1128000.0,
        "Net Non Operating Interest Income Expense": 0.0,
        "Total Other Finance Cost": 0.0,
        "Operating Income": -2246000.0,
        "Operating Expense": 2290000.0,
        "Depreciation Amortization Depletion Income Statement": 8000.0,
        "Depreciation And Amortization In Income Statement": 8000.0,
        "Amortization": 8000.0,
        "Amortization Of Intangibles Income Statement": 8000.0,
        "Research And Development": 650000.0,
        "Selling General And Administration": 1632000.0,
        "Gross Profit": 44000.0,
        "Cost Of Revenue": 90000.0,
        "Total Revenue": 134000.0,
        "Operating Revenue": 123000.0
    },
    "2024-03-31": {
        "Tax Effect Of Unusual Items": 0.0,
        "Tax Rate For Calcs": 0.0,
        "Normalized EBITDA": -4254000.0,
        "Total Unusual Items": 854000.0,
        "Total Unusual Items Excluding Goodwill": 854000.0,
        "Net Income From Continuing Operation Net Minority Interest": -2516000.0,
        "Reconciled Depreciation": 16000.0,
        "Reconciled Cost Of Revenue": 114000.0,
        "EBITDA": -3400000.0,
        "EBIT": -3416000.0,
        "Net Interest Income": -8000.0,
        "Normalized Income": -3370000.0,
        "Net Income From Continuing And Discontinued Operation": -2516000.0,
        "Total Expenses": 3551000.0,
        "Total Operating Income As Reported": -3416000.0,
        "Diluted Average Shares": 817327.0,
        "Basic Average Shares": 817327.0,
        "Diluted EPS": -3.08,
        "Basic EPS": -3.08,
        "Diluted NI Availto Com Stockholders": -2516000.0,
        "Net Income Common Stockholders": -2516000.0,
        "Net Income": -2516000.0,
        "Net Income Including Noncontrolling Interests": -2516000.0,
        "Net Income Continuous Operations": -2516000.0,
        "Tax Provision": 0.0,
        "Pretax Income": -2516000.0,
        "Other Income Expense": 908000.0,
        "Other Non Operating Income Expenses": 54000.0,
        "Special Income Charges": NaN,
        "Impairment Of Capital Assets": NaN,
        "Gain On Sale Of Security": 854000.0,
        "Net Non Operating Interest Income Expense": -8000.0,
        "Total Other Finance Cost": 8000.0,
        "Operating Income": -3416000.0,
        "Operating Expense": 3428000.0,
        "Depreciation Amortization Depletion Income Statement": 7000.0,
        "Depreciation And Amortization In Income Statement": 7000.0,
        "Amortization": 7000.0,
        "Amortization Of Intangibles Income Statement": 7000.0,
        "Research And Development": 788000.0,
        "Selling General And Administration": 2633000.0,
        "Gross Profit": 12000.0,
        "Cost Of Revenue": 123000.0,
        "Total Revenue": 135000.0,
        "Operating Revenue": 124000.0
    },
    "2024-06-30": {
        "Tax Effect Of Unusual Items": 0.0,
        "Tax Rate For Calcs": 0.0,
        "Normalized EBITDA": -4846000.0,
        "Total Unusual Items": 1592000.0,
        "Total Unusual Items Excluding Goodwill": 1592000.0,
        "Net Income From Continuing Operation Net Minority Interest": -1612000.0,
        "Reconciled Depreciation": 16000.0,
        "Reconciled Cost Of Revenue": 109000.0,
        "EBITDA": -3254000.0,
        "EBIT": -3270000.0,
        "Net Interest Income": -5000.0,
        "Normalized Income": -3204000.0,
        "Net Income From Continuing And Discontinued Operation": -1612000.0,
        "Total Expenses": 3452000.0,
        "Total Operating Income As Reported": -3270000.0,
        "Diluted Average Shares": 2518071.0,
        "Basic Average Shares": 2518071.0,
        "Diluted EPS": -0.64,
        "Basic EPS": -0.64,
        "Diluted NI Availto Com Stockholders": -1612000.0,
        "Net Income Common Stockholders": -1612000.0,
        "Net Income": -1612000.0,
        "Net Income Including Noncontrolling Interests": -1612000.0,
        "Net Income Continuous Operations": -1612000.0,
        "Tax Provision": 0.0,
        "Pretax Income": -1612000.0,
        "Other Income Expense": 1663000.0,
        "Other Non Operating Income Expenses": 71000.0,
        "Special Income Charges": NaN,
        "Impairment Of Capital Assets": NaN,
        "Gain On Sale Of Security": 1592000.0,
        "Net Non Operating Interest Income Expense": -5000.0,
        "Total Other Finance Cost": 5000.0,
        "Operating Income": -3270000.0,
        "Operating Expense": 3334000.0,
        "Depreciation Amortization Depletion Income Statement": 7000.0,
        "Depreciation And Amortization In Income Statement": 7000.0,
        "Amortization": 7000.0,
        "Amortization Of Intangibles Income Statement": 7000.0,
        "Research And Development": 870000.0,
        "Selling General And Administration": 2457000.0,
        "Gross Profit": 64000.0,
        "Cost Of Revenue": 118000.0,
        "Total Revenue": 182000.0,
        "Operating Revenue": 171000.0
    },
    "2024-09-30": {
        "Tax Effect Of Unusual Items": 0.0,
        "Tax Rate For Calcs": 0.0,
        "Normalized EBITDA": -4384000.0,
        "Total Unusual Items": 330000.0,
        "Total Unusual Items Excluding Goodwill": 330000.0,
        "Net Income From Continuing Operation Net Minority Interest": -3686000.0,
        "Reconciled Depreciation": 16000.0,
        "Reconciled Cost Of Revenue": 178000.0,
        "EBITDA": -4054000.0,
        "EBIT": -4070000.0,
        "Net Interest Income": -1000.0,
        "Normalized Income": -4016000.0,
        "Net Income From Continuing And Discontinued Operation": -3686000.0,
        "Total Expenses": 4121000.0,
        "Total Operating Income As Reported": -4070000.0,
        "Diluted Average Shares": 3740625.0,
        "Basic Average Shares": 3740625.0,
        "Diluted EPS": -0.99,
        "Basic EPS": -0.99,
        "Diluted NI Availto Com Stockholders": -3686000.0,
        "Net Income Common Stockholders": -3686000.0,
        "Net Income": -3686000.0,
        "Net Income Including Noncontrolling Interests": -3686000.0,
        "Net Income Continuous Operations": -3686000.0,
        "Tax Provision": 0.0,
        "Pretax Income": -3686000.0,
        "Other Income Expense": 385000.0,
        "Other Non Operating Income Expenses": 55000.0,
        "Special Income Charges": 0.0,
        "Impairment Of Capital Assets": 0.0,
        "Gain On Sale Of Security": 330000.0,
        "Net Non Operating Interest Income Expense": -1000.0,
        "Total Other Finance Cost": 1000.0,
        "Operating Income": -4070000.0,
        "Operating Expense": 3934000.0,
        "Depreciation Amortization Depletion Income Statement": 7000.0,
        "Depreciation And Amortization In Income Statement": 7000.0,
        "Amortization": 7000.0,
        "Amortization Of Intangibles Income Statement": 7000.0,
        "Research And Development": 1077000.0,
        "Selling General And Administration": 2850000.0,
        "Gross Profit": -136000.0,
        "Cost Of Revenue": 187000.0,
        "Total Revenue": 51000.0,
        "Operating Revenue": 40000.0
    },
    "2024-12-31": {
        "Tax Effect Of Unusual Items": 0.0,
        "Tax Rate For Calcs": 0.0,
        "Normalized EBITDA": -2254000.0,
        "Total Unusual Items": -841000.0,
        "Total Unusual Items Excluding Goodwill": -841000.0,
        "Net Income From Continuing Operation Net Minority Interest": -3928000.0,
        "Reconciled Depreciation": 12000.0,
        "Reconciled Cost Of Revenue": 145000.0,
        "EBITDA": -3095000.0,
        "EBIT": -3107000.0,
        "Net Interest Income": -3000.0,
        "Normalized Income": -3087000.0,
        "Net Income From Continuing And Discontinued Operation": -3928000.0,
        "Total Expenses": 3259000.0,
        "Total Operating Income As Reported": -3147000.0,
        "Diluted Average Shares": NaN,
        "Basic Average Shares": NaN,
        "Diluted EPS": NaN,
        "Basic EPS": NaN,
        "Diluted NI Availto Com Stockholders": -3928000.0,
        "Net Income Common Stockholders": -3928000.0,
        "Net Income": -3928000.0,
        "Net Income Including Noncontrolling Interests": -3928000.0,
        "Net Income Continuous Operations": -3928000.0,
        "Tax Provision": 0.0,
        "Pretax Income": -3928000.0,
        "Other Income Expense": -818000.0,
        "Other Non Operating Income Expenses": 23000.0,
        "Special Income Charges": -40000.0,
        "Impairment Of Capital Assets": 40000.0,
        "Gain On Sale Of Security": -801000.0,
        "Net Non Operating Interest Income Expense": -3000.0,
        "Total Other Finance Cost": 3000.0,
        "Operating Income": -3107000.0,
        "Operating Expense": 3105000.0,
        "Depreciation Amortization Depletion Income Statement": 3000.0,
        "Depreciation And Amortization In Income Statement": 3000.0,
        "Amortization": 3000.0,
        "Amortization Of Intangibles Income Statement": 3000.0,
        "Research And Development": 924000.0,
        "Selling General And Administration": 2178000.0,
        "Gross Profit": -2000.0,
        "Cost Of Revenue": 154000.0,
        "Total Revenue": 152000.0,
        "Operating Revenue": 141000.0
    }
}