{
    "2023-03-31": {
        "Tax Effect Of Unusual Items": NaN,
        "Tax Rate For Calcs": NaN,
        "Normalized EBITDA": NaN,
        "Total Unusual Items": NaN,
        "Total Unusual Items Excluding Goodwill": NaN,
        "Net Income From Continuing Operation Net Minority Interest": NaN,
        "Reconciled Depreciation": NaN,
        "Reconciled Cost Of Revenue": NaN,
        "EBITDA": NaN,
        "EBIT": NaN,
        "Net Interest Income": NaN,
        "Interest Expense": NaN,
        "Interest Income": NaN,
        "Normalized Income": NaN,
        "Net Income From Continuing And Discontinued Operation": NaN,
        "Total Expenses": NaN,
        "Total Operating Income As Reported": NaN,
        "Diluted Average Shares": 133039886.0,
        "Basic Average Shares": 131365789.0,
        "Diluted EPS": 0.91,
        "Basic EPS": 0.92,
        "Diluted NI Availto Com Stockholders": NaN,
        "Net Income Common Stockholders": NaN,
        "Net Income": NaN,
        "Minority Interests": NaN,
        "Net Income Including Noncontrolling Interests": NaN,
        "Net Income Continuous Operations": NaN,
        "Earnings From Equity Interest Net Of Tax": NaN,
        "Tax Provision": NaN,
        "Pretax Income": NaN,
        "Other Income Expense": NaN,
        "Other Non Operating Income Expenses": NaN,
        "Special Income Charges": NaN,
        "Restructuring And Mergern Acquisition": NaN,
        "Net Non Operating Interest Income Expense": NaN,
        "Interest Expense Non Operating": NaN,
        "Interest Income Non Operating": NaN,
        "Operating Income": NaN,
        "Operating Expense": NaN,
        "Depreciation Amortization Depletion Income Statement": NaN,
        "Depreciation And Amortization In Income Statement": NaN,
        "Selling General And Administration": NaN,
        "Gross Profit": NaN,
        "Cost Of Revenue": NaN,
        "Total Revenue": NaN,
        "Operating Revenue": NaN
    },
    "2022-12-31": {
        "Tax Effect Of Unusual Items": -28809523.809524,
        "Tax Rate For Calcs": 0.238095,
        "Normalized EBITDA": 253000000.0,
        "Total Unusual Items": -121000000.0,
        "Total Unusual Items Excluding Goodwill": -121000000.0,
        "Net Income From Continuing Operation Net Minority Interest": 47000000.0,
        "Reconciled Depreciation": 52000000.0,
        "Reconciled Cost Of Revenue": 2365000000.0,
        "EBITDA": 132000000.0,
        "EBIT": 80000000.0,
        "Net Interest Income": -9000000.0,
        "Interest Expense": 17000000.0,
        "Interest Income": 8000000.0,
        "Normalized Income": 139190476.190476,
        "Net Income From Continuing And Discontinued Operation": 47000000.0,
        "Total Expenses": 3178000000.0,
        "Total Operating Income As Reported": 72000000.0,
        "Diluted Average Shares": NaN,
        "Basic Average Shares": NaN,
        "Diluted EPS": NaN,
        "Basic EPS": NaN,
        "Diluted NI Availto Com Stockholders": 47000000.0,
        "Net Income Common Stockholders": 47000000.0,
        "Net Income": 47000000.0,
        "Minority Interests": -4000000.0,
        "Net Income Including Noncontrolling Interests": 51000000.0,
        "Net Income Continuous Operations": 51000000.0,
        "Earnings From Equity Interest Net Of Tax": 3000000.0,
        "Tax Provision": 15000000.0,
        "Pretax Income": 63000000.0,
        "Other Income Expense": -121000000.0,
        "Other Non Operating Income Expenses": 0.0,
        "Special Income Charges": -121000000.0,
        "Restructuring And Mergern Acquisition": 121000000.0,
        "Net Non Operating Interest Income Expense": -9000000.0,
        "Interest Expense Non Operating": 17000000.0,
        "Interest Income Non Operating": 8000000.0,
        "Operating Income": 193000000.0,
        "Operating Expense": 806000000.0,
        "Depreciation Amortization Depletion Income Statement": 45000000.0,
        "Depreciation And Amortization In Income Statement": 45000000.0,
        "Selling General And Administration": 761000000.0,
        "Gross Profit": 999000000.0,
        "Cost Of Revenue": 2372000000.0,
        "Total Revenue": 3371000000.0,
        "Operating Revenue": 3371000000.0
    },
    "2022-09-30": {
        "Tax Effect Of Unusual Items": NaN,
        "Tax Rate For Calcs": NaN,
        "Normalized EBITDA": NaN,
        "Total Unusual Items": NaN,
        "Total Unusual Items Excluding Goodwill": NaN,
        "Net Income From Continuing Operation Net Minority Interest": NaN,
        "Reconciled Depreciation": NaN,
        "Reconciled Cost Of Revenue": NaN,
        "EBITDA": NaN,
        "EBIT": NaN,
        "Net Interest Income": NaN,
        "Interest Expense": NaN,
        "Interest Income": NaN,
        "Normalized Income": NaN,
        "Net Income From Continuing And Discontinued Operation": NaN,
        "Total Expenses": NaN,
        "Total Operating Income As Reported": NaN,
        "Diluted Average Shares": 137084049.0,
        "Basic Average Shares": 135608678.0,
        "Diluted EPS": 1.09,
        "Basic EPS": 1.1,
        "Diluted NI Availto Com Stockholders": NaN,
        "Net Income Common Stockholders": NaN,
        "Net Income": NaN,
        "Minority Interests": NaN,
        "Net Income Including Noncontrolling Interests": NaN,
        "Net Income Continuous Operations": NaN,
        "Earnings From Equity Interest Net Of Tax": NaN,
        "Tax Provision": NaN,
        "Pretax Income": NaN,
        "Other Income Expense": NaN,
        "Other Non Operating Income Expenses": NaN,
        "Special Income Charges": NaN,
        "Restructuring And Mergern Acquisition": NaN,
        "Net Non Operating Interest Income Expense": NaN,
        "Interest Expense Non Operating": NaN,
        "Interest Income Non Operating": NaN,
        "Operating Income": NaN,
        "Operating Expense": NaN,
        "Depreciation Amortization Depletion Income Statement": NaN,
        "Depreciation And Amortization In Income Statement": NaN,
        "Selling General And Administration": NaN,
        "Gross Profit": NaN,
        "Cost Of Revenue": NaN,
        "Total Revenue": NaN,
        "Operating Revenue": NaN
    },
    "2022-06-30": {
        "Tax Effect Of Unusual Items": 0.0,
        "Tax Rate For Calcs": 0.238,
        "Normalized EBITDA": 276000000.0,
        "Total Unusual Items": 0.0,
        "Total Unusual Items Excluding Goodwill": 0.0,
        "Net Income From Continuing Operation Net Minority Interest": 160000000.0,
        "Reconciled Depreciation": 53000000.0,
        "Reconciled Cost Of Revenue": 2077000000.0,
        "EBITDA": 276000000.0,
        "EBIT": 223000000.0,
        "Net Interest Income": -6000000.0,
        "Interest Expense": 9000000.0,
        "Interest Income": 3000000.0,
        "Normalized Income": 160000000.0,
        "Net Income From Continuing And Discontinued Operation": 160000000.0,
        "Total Expenses": 2810000000.0,
        "Total Operating Income As Reported": 220000000.0,
        "Diluted Average Shares": 138869064.0,
        "Basic Average Shares": 137350488.0,
        "Diluted EPS": 1.16,
        "Basic EPS": 1.17,
        "Diluted NI Availto Com Stockholders": 160000000.0,
        "Net Income Common Stockholders": 160000000.0,
        "Net Income": 160000000.0,
        "Minority Interests": -7000000.0,
        "Net Income Including Noncontrolling Interests": 167000000.0,
        "Net Income Continuous Operations": 167000000.0,
        "Earnings From Equity Interest Net Of Tax": 5000000.0,
        "Tax Provision": 52000000.0,
        "Pretax Income": 214000000.0,
        "Other Income Expense": NaN,
        "Other Non Operating Income Expenses": NaN,
        "Special Income Charges": 0.0,
        "Restructuring And Mergern Acquisition": 0.0,
        "Net Non Operating Interest Income Expense": -6000000.0,
        "Interest Expense Non Operating": 9000000.0,
        "Interest Income Non Operating": 3000000.0,
        "Operating Income": 220000000.0,
        "Operating Expense": 725000000.0,
        "Depreciation Amortization Depletion Income Statement": 45000000.0,
        "Depreciation And Amortization In Income Statement": 45000000.0,
        "Selling General And Administration": 680000000.0,
        "Gross Profit": 945000000.0,
        "Cost Of Revenue": 2085000000.0,
        "Total Revenue": 3030000000.0,
        "Operating Revenue": 3030000000.0
    },
    "2022-03-31": {
        "Diluted EPS": 1.3,
        "Total Revenue": NaN,
        "Gross Profit": 973,
        "Operating Income": 244,
        "EBIT": 299,
        "Net Income": 181
    },
    "2021-12-31": {
        "Diluted EPS": 1.04,
        "Total Revenue": NaN,
        "Gross Profit": 980,
        "Operating Income": 201,
        "EBIT": 260,
        "Net Income": 147
    },
    "2021-09-30": {
        "Diluted EPS": 1.15,
        "Total Revenue": NaN,
        "Gross Profit": 912,
        "Operating Income": 211,
        "EBIT": 263,
        "Net Income": 162
    },
    "2021-06-30": {
        "Diluted EPS": 1.1,
        "Total Revenue": NaN,
        "Gross Profit": 891,
        "Operating Income": 210,
        "EBIT": 260,
        "Net Income": 156
    },
    "2021-03-31": {
        "Diluted EPS": 1.16,
        "Total Revenue": NaN,
        "Gross Profit": 891,
        "Operating Income": 230,
        "EBIT": 279,
        "Net Income": 166
    },
    "2020-12-31": {
        "Diluted EPS": 1.0,
        "Total Revenue": NaN,
        "Gross Profit": 861,
        "Operating Income": 181,
        "EBIT": 228,
        "Net Income": 143
    },
    "2020-09-30": {
        "Diluted EPS": 0.99,
        "Total Revenue": NaN,
        "Gross Profit": 754,
        "Operating Income": 188,
        "EBIT": 232,
        "Net Income": 142
    },
    "2020-06-30": {
        "Diluted EPS": -0.08,
        "Total Revenue": NaN,
        "Gross Profit": 454,
        "Operating Income": -7,
        "EBIT": 40,
        "Net Income": -11
    },
    "2020-03-31": {
        "Diluted EPS": 0.91,
        "Total Revenue": NaN,
        "Gross Profit": 746,
        "Operating Income": 174,
        "EBIT": 221,
        "Net Income": 130
    },
    "2019-12-31": {
        "Diluted EPS": 2.2,
        "Total Revenue": NaN,
        "Gross Profit": 811,
        "Operating Income": 196,
        "EBIT": 245,
        "Net Income": 330
    },
    "2019-09-30": {
        "Diluted EPS": 0.95,
        "Total Revenue": NaN,
        "Gross Profit": 761,
        "Operating Income": 187,
        "EBIT": 234,
        "Net Income": 141
    },
    "2019-06-30": {
        "Diluted EPS": 0.77,
        "Total Revenue": NaN,
        "Gross Profit": 767,
        "Operating Income": 162,
        "EBIT": 211,
        "Net Income": 115
    },
    "2019-03-31": {
        "Diluted EPS": 0.73,
        "Total Revenue": NaN,
        "Gross Profit": 752,
        "Operating Income": 172,
        "EBIT": 213,
        "Net Income": 110
    },
    "2018-12-31": {
        "Diluted EPS": 0.87,
        "Total Revenue": NaN,
        "Gross Profit": 751,
        "Operating Income": 158,
        "EBIT": 195,
        "Net Income": 133
    },
    "2018-09-30": {
        "Diluted EPS": 0.79,
        "Total Revenue": NaN,
        "Gross Profit": 722,
        "Operating Income": 123,
        "EBIT": 159,
        "Net Income": 121
    },
    "2018-06-30": {
        "Diluted EPS": 0.92,
        "Total Revenue": NaN,
        "Gross Profit": 718,
        "Operating Income": 157,
        "EBIT": 193,
        "Net Income": 141
    },
    "2018-03-31": {
        "Diluted EPS": 0.91,
        "Total Revenue": NaN,
        "Gross Profit": 719,
        "Operating Income": 162,
        "EBIT": 198,
        "Net Income": 140
    },
    "2017-12-31": {
        "Diluted EPS": -0.04,
        "Total Revenue": -260,
        "Gross Profit": 249,
        "Operating Income": 52,
        "EBIT": 44,
        "Net Income": -9
    },
    "2017-09-30": {
        "Diluted EPS": 0.87,
        "Total Revenue": NaN,
        "Gross Profit": 836,
        "Operating Income": 214,
        "EBIT": 262,
        "Net Income": 138
    },
    "2017-06-30": {
        "Diluted EPS": 0.86,
        "Total Revenue": NaN,
        "Gross Profit": 839,
        "Operating Income": 211,
        "EBIT": 258,
        "Net Income": 136
    },
    "2017-03-31": {
        "Diluted EPS": 0.88,
        "Total Revenue": NaN,
        "Gross Profit": 823,
        "Operating Income": 194,
        "EBIT": 239,
        "Net Income": 141
    },
    "2016-12-31": {
        "Diluted EPS": 0.87,
        "Total Revenue": NaN,
        "Gross Profit": 859,
        "Operating Income": 214,
        "EBIT": 258,
        "Net Income": 139
    },
    "2016-09-30": {
        "Diluted EPS": 0.82,
        "Total Revenue": NaN,
        "Gross Profit": 788,
        "Operating Income": 201,
        "EBIT": 243,
        "Net Income": 134
    },
    "2016-06-30": {
        "Diluted EPS": 0.73,
        "Total Revenue": NaN,
        "Gross Profit": 801,
        "Operating Income": 181,
        "EBIT": 223,
        "Net Income": 120
    },
    "2016-03-31": {
        "Diluted EPS": 0.69,
        "Total Revenue": NaN,
        "Gross Profit": 778,
        "Operating Income": 176,
        "EBIT": 217,
        "Net Income": 114
    },
    "2015-12-31": {
        "Diluted EPS": 0.78,
        "Total Revenue": NaN,
        "Gross Profit": 794,
        "Operating Income": 201,
        "EBIT": 241,
        "Net Income": 130
    },
    "2015-09-30": {
        "Diluted EPS": 0.76,
        "Total Revenue": NaN,
        "Gross Profit": 749,
        "Operating Income": 189,
        "EBIT": 232,
        "Net Income": 128
    },
    "2015-06-30": {
        "Diluted EPS": 0.7,
        "Total Revenue": NaN,
        "Gross Profit": 751,
        "Operating Income": 183,
        "EBIT": 222,
        "Net Income": 118
    },
    "2015-03-31": {
        "Diluted EPS": 0.61,
        "Total Revenue": NaN,
        "Gross Profit": 713,
        "Operating Income": 161,
        "EBIT": 199,
        "Net Income": 103
    },
    "2014-12-31": {
        "Diluted EPS": 0.79,
        "Total Revenue": NaN,
        "Gross Profit": 764,
        "Operating Income": 203,
        "EBIT": 243,
        "Net Income": 133
    },
    "2014-09-30": {
        "Diluted EPS": 0.67,
        "Total Revenue": NaN,
        "Gross Profit": 722,
        "Operating Income": 174,
        "EBIT": 213,
        "Net Income": 115
    },
    "2014-06-30": {
        "Diluted EPS": 0.68,
        "Total Revenue": NaN,
        "Gross Profit": 728,
        "Operating Income": 181,
        "EBIT": 218,
        "Net Income": 116
    },
    "2014-03-31": {
        "Diluted EPS": 0.59,
        "Total Revenue": NaN,
        "Gross Profit": 697,
        "Operating Income": 157,
        "EBIT": 193,
        "Net Income": 102
    },
    "2013-12-31": {
        "Diluted EPS": 0.72,
        "Total Revenue": NaN,
        "Gross Profit": 700,
        "Operating Income": 187,
        "EBIT": 219,
        "Net Income": 124
    },
    "2013-09-30": {
        "Diluted EPS": 0.62,
        "Total Revenue": NaN,
        "Gross Profit": 640,
        "Operating Income": 160,
        "EBIT": 192,
        "Net Income": 107
    },
    "2013-06-30": {
        "Diluted EPS": 0.62,
        "Total Revenue": NaN,
        "Gross Profit": 670,
        "Operating Income": 176,
        "EBIT": 208,
        "Net Income": 108
    },
    "2013-03-31": {
        "Diluted EPS": 0.52,
        "Total Revenue": NaN,
        "Gross Profit": 647,
        "Operating Income": 154,
        "EBIT": 192,
        "Net Income": 91
    },
    "2012-12-31": {
        "Diluted EPS": 0.64,
        "Total Revenue": NaN,
        "Gross Profit": 663,
        "Operating Income": 181,
        "EBIT": 215,
        "Net Income": 112
    },
    "2012-09-30": {
        "Diluted EPS": 0.54,
        "Total Revenue": NaN,
        "Gross Profit": 609,
        "Operating Income": 150,
        "EBIT": 180,
        "Net Income": 97
    },
    "2012-06-30": {
        "Diluted EPS": 0.54,
        "Total Revenue": NaN,
        "Gross Profit": 624,
        "Operating Income": 155,
        "EBIT": 186,
        "Net Income": 98
    },
    "2012-03-31": {
        "Diluted EPS": 0.45,
        "Total Revenue": NaN,
        "Gross Profit": 611,
        "Operating Income": 133,
        "EBIT": 164,
        "Net Income": 81
    },
    "2011-12-31": {
        "Diluted EPS": 0.58,
        "Total Revenue": NaN,
        "Gross Profit": 653,
        "Operating Income": 163,
        "EBIT": 193,
        "Net Income": 105
    },
    "2011-09-30": {
        "Diluted EPS": 0.5,
        "Total Revenue": NaN,
        "Gross Profit": 587,
        "Operating Income": 143,
        "EBIT": 172,
        "Net Income": 92
    },
    "2011-06-30": {
        "Diluted EPS": 0.51,
        "Total Revenue": NaN,
        "Gross Profit": 612,
        "Operating Income": 151,
        "EBIT": 180,
        "Net Income": 94
    },
    "2011-03-31": {
        "Diluted EPS": 0.41,
        "Total Revenue": NaN,
        "Gross Profit": 566,
        "Operating Income": 124,
        "EBIT": 153,
        "Net Income": 76
    },
    "2010-12-31": {
        "Diluted EPS": 0.5,
        "Total Revenue": NaN,
        "Gross Profit": 575,
        "Operating Income": 142,
        "EBIT": 168,
        "Net Income": 93
    },
    "2010-09-30": {
        "Diluted EPS": 0.47,
        "Total Revenue": NaN,
        "Gross Profit": 537,
        "Operating Income": 137,
        "EBIT": 163,
        "Net Income": 88
    },
    "2010-06-30": {
        "Diluted EPS": 0.45,
        "Total Revenue": NaN,
        "Gross Profit": 546,
        "Operating Income": 138,
        "EBIT": 165,
        "Net Income": 84
    },
    "2010-03-31": {
        "Diluted EPS": 0.33,
        "Total Revenue": NaN,
        "Gross Profit": 513,
        "Operating Income": 104,
        "EBIT": 130,
        "Net Income": 61
    },
    "2009-12-31": {
        "Diluted EPS": 0.49,
        "Total Revenue": NaN,
        "Gross Profit": 526,
        "Operating Income": 138,
        "EBIT": 160,
        "Net Income": 86
    },
    "2009-09-30": {
        "Diluted EPS": 0.53,
        "Total Revenue": NaN,
        "Gross Profit": 476,
        "Operating Income": 114,
        "EBIT": 136,
        "Net Income": 96
    },
    "2009-06-30": {
        "Diluted EPS": 0.41,
        "Total Revenue": NaN,
        "Gross Profit": 476,
        "Operating Income": 122,
        "EBIT": 144,
        "Net Income": 73
    },
    "2009-03-31": {
        "Diluted EPS": 0.31,
        "Total Revenue": NaN,
        "Gross Profit": 438,
        "Operating Income": 91,
        "EBIT": 112,
        "Net Income": 55
    },
    "2023-06-30": {
        "Tax Effect Of Unusual Items": NaN,
        "Tax Rate For Calcs": NaN,
        "Normalized EBITDA": NaN,
        "Total Unusual Items": NaN,
        "Total Unusual Items Excluding Goodwill": NaN,
        "Net Income From Continuing Operation Net Minority Interest": NaN,
        "Reconciled Depreciation": NaN,
        "Reconciled Cost Of Revenue": NaN,
        "EBITDA": NaN,
        "EBIT": NaN,
        "Net Interest Income": NaN,
        "Interest Expense": NaN,
        "Interest Income": NaN,
        "Normalized Income": NaN,
        "Net Income From Continuing And Discontinued Operation": NaN,
        "Total Expenses": NaN,
        "Total Operating Income As Reported": NaN,
        "Diluted Average Shares": 131873174.0,
        "Basic Average Shares": 130905899.0,
        "Diluted EPS": 1.06,
        "Basic EPS": 1.07,
        "Diluted NI Availto Com Stockholders": NaN,
        "Net Income Common Stockholders": NaN,
        "Net Income": NaN,
        "Minority Interests": NaN,
        "Net Income Including Noncontrolling Interests": NaN,
        "Net Income Continuous Operations": NaN,
        "Earnings From Equity Interest Net Of Tax": NaN,
        "Tax Provision": NaN,
        "Pretax Income": NaN,
        "Other Income Expense": NaN,
        "Other Non Operating Income Expenses": NaN,
        "Special Income Charges": NaN,
        "Restructuring And Mergern Acquisition": NaN,
        "Net Non Operating Interest Income Expense": NaN,
        "Interest Expense Non Operating": NaN,
        "Interest Income Non Operating": NaN,
        "Operating Income": NaN,
        "Operating Expense": NaN,
        "Depreciation Amortization Depletion Income Statement": NaN,
        "Depreciation And Amortization In Income Statement": NaN,
        "Selling General And Administration": NaN,
        "Gross Profit": NaN,
        "Cost Of Revenue": NaN,
        "Total Revenue": NaN,
        "Operating Revenue": NaN
    },
    "2023-09-30": {
        "Tax Effect Of Unusual Items": NaN,
        "Tax Rate For Calcs": NaN,
        "Normalized EBITDA": NaN,
        "Total Unusual Items": NaN,
        "Total Unusual Items Excluding Goodwill": NaN,
        "Net Income From Continuing Operation Net Minority Interest": NaN,
        "Reconciled Depreciation": NaN,
        "Reconciled Cost Of Revenue": NaN,
        "EBITDA": NaN,
        "EBIT": NaN,
        "Net Interest Income": NaN,
        "Interest Expense": NaN,
        "Interest Income": NaN,
        "Normalized Income": NaN,
        "Net Income From Continuing And Discontinued Operation": NaN,
        "Total Expenses": NaN,
        "Total Operating Income As Reported": NaN,
        "Diluted Average Shares": 131442135.0,
        "Basic Average Shares": 130388353.0,
        "Diluted EPS": 1.05,
        "Basic EPS": 1.06,
        "Diluted NI Availto Com Stockholders": NaN,
        "Net Income Common Stockholders": NaN,
        "Net Income": NaN,
        "Minority Interests": NaN,
        "Net Income Including Noncontrolling Interests": NaN,
        "Net Income Continuous Operations": NaN,
        "Earnings From Equity Interest Net Of Tax": NaN,
        "Tax Provision": NaN,
        "Pretax Income": NaN,
        "Other Income Expense": NaN,
        "Other Non Operating Income Expenses": NaN,
        "Special Income Charges": NaN,
        "Restructuring And Mergern Acquisition": NaN,
        "Net Non Operating Interest Income Expense": NaN,
        "Interest Expense Non Operating": NaN,
        "Interest Income Non Operating": NaN,
        "Operating Income": NaN,
        "Operating Expense": NaN,
        "Depreciation Amortization Depletion Income Statement": NaN,
        "Depreciation And Amortization In Income Statement": NaN,
        "Selling General And Administration": NaN,
        "Gross Profit": NaN,
        "Cost Of Revenue": NaN,
        "Total Revenue": NaN,
        "Operating Revenue": NaN
    },
    "2023-12-31": {
        "Tax Effect Of Unusual Items": -1500000.0,
        "Tax Rate For Calcs": 0.071429,
        "Normalized EBITDA": 132000000.0,
        "Total Unusual Items": -21000000.0,
        "Total Unusual Items Excluding Goodwill": -21000000.0,
        "Net Income From Continuing Operation Net Minority Interest": 18000000.0,
        "Reconciled Depreciation": 68000000.0,
        "Reconciled Cost Of Revenue": 2082000000.0,
        "EBITDA": 111000000.0,
        "EBIT": 43000000.0,
        "Net Interest Income": -24000000.0,
        "Interest Expense": 29000000.0,
        "Interest Income": 5000000.0,
        "Normalized Income": 37500000.0,
        "Net Income From Continuing And Discontinued Operation": 18000000.0,
        "Total Expenses": 2957000000.0,
        "Total Operating Income As Reported": 39000000.0,
        "Diluted Average Shares": NaN,
        "Basic Average Shares": NaN,
        "Diluted EPS": NaN,
        "Basic EPS": NaN,
        "Diluted NI Availto Com Stockholders": 18000000.0,
        "Net Income Common Stockholders": 18000000.0,
        "Net Income": 18000000.0,
        "Minority Interests": 1000000.0,
        "Net Income Including Noncontrolling Interests": 17000000.0,
        "Net Income Continuous Operations": 17000000.0,
        "Earnings From Equity Interest Net Of Tax": 4000000.0,
        "Tax Provision": 1000000.0,
        "Pretax Income": 14000000.0,
        "Other Income Expense": -22000000.0,
        "Other Non Operating Income Expenses": -1000000.0,
        "Special Income Charges": -21000000.0,
        "Restructuring And Mergern Acquisition": 21000000.0,
        "Net Non Operating Interest Income Expense": -24000000.0,
        "Interest Expense Non Operating": 29000000.0,
        "Interest Income Non Operating": 5000000.0,
        "Operating Income": 60000000.0,
        "Operating Expense": 865000000.0,
        "Depreciation Amortization Depletion Income Statement": 58000000.0,
        "Depreciation And Amortization In Income Statement": 58000000.0,
        "Selling General And Administration": 807000000.0,
        "Gross Profit": 925000000.0,
        "Cost Of Revenue": 2092000000.0,
        "Total Revenue": 3017000000.0,
        "Operating Revenue": 3017000000.0
    },
    "2024-03-31": {
        "Tax Effect Of Unusual Items": -2560000.0,
        "Tax Rate For Calcs": 0.256,
        "Normalized EBITDA": 240000000.0,
        "Total Unusual Items": -10000000.0,
        "Total Unusual Items Excluding Goodwill": -10000000.0,
        "Net Income From Continuing Operation Net Minority Interest": 93000000.0,
        "Reconciled Depreciation": 73000000.0,
        "Reconciled Cost Of Revenue": 2148000000.0,
        "EBITDA": 230000000.0,
        "EBIT": 157000000.0,
        "Net Interest Income": -25000000.0,
        "Interest Expense": 30000000.0,
        "Interest Income": 5000000.0,
        "Normalized Income": 100440000.0,
        "Net Income From Continuing And Discontinued Operation": 93000000.0,
        "Total Expenses": 3012000000.0,
        "Total Operating Income As Reported": 150000000.0,
        "Diluted Average Shares": 129769580.0,
        "Basic Average Shares": 128720661.0,
        "Diluted EPS": 0.72,
        "Basic EPS": 0.72,
        "Diluted NI Availto Com Stockholders": 93000000.0,
        "Net Income Common Stockholders": 93000000.0,
        "Net Income": 93000000.0,
        "Minority Interests": -5000000.0,
        "Net Income Including Noncontrolling Interests": 98000000.0,
        "Net Income Continuous Operations": 98000000.0,
        "Earnings From Equity Interest Net Of Tax": 3000000.0,
        "Tax Provision": 32000000.0,
        "Pretax Income": 127000000.0,
        "Other Income Expense": -8000000.0,
        "Other Non Operating Income Expenses": 2000000.0,
        "Special Income Charges": -10000000.0,
        "Restructuring And Mergern Acquisition": 10000000.0,
        "Net Non Operating Interest Income Expense": -25000000.0,
        "Interest Expense Non Operating": 30000000.0,
        "Interest Income Non Operating": 5000000.0,
        "Operating Income": 160000000.0,
        "Operating Expense": 852000000.0,
        "Depreciation Amortization Depletion Income Statement": 61000000.0,
        "Depreciation And Amortization In Income Statement": 61000000.0,
        "Selling General And Administration": 791000000.0,
        "Gross Profit": 1012000000.0,
        "Cost Of Revenue": 2160000000.0,
        "Total Revenue": 3172000000.0,
        "Operating Revenue": 3172000000.0
    },
    "2024-06-30": {
        "Tax Effect Of Unusual Items": NaN,
        "Tax Rate For Calcs": NaN,
        "Normalized EBITDA": NaN,
        "Total Unusual Items": NaN,
        "Total Unusual Items Excluding Goodwill": NaN,
        "Net Income From Continuing Operation Net Minority Interest": NaN,
        "Reconciled Depreciation": NaN,
        "Reconciled Cost Of Revenue": NaN,
        "EBITDA": NaN,
        "EBIT": NaN,
        "Net Interest Income": NaN,
        "Interest Expense": NaN,
        "Interest Income": NaN,
        "Normalized Income": NaN,
        "Net Income From Continuing And Discontinued Operation": NaN,
        "Total Expenses": NaN,
        "Total Operating Income As Reported": NaN,
        "Diluted Average Shares": NaN,
        "Basic Average Shares": NaN,
        "Diluted EPS": NaN,
        "Basic EPS": NaN,
        "Diluted NI Availto Com Stockholders": NaN,
        "Net Income Common Stockholders": NaN,
        "Net Income": NaN,
        "Minority Interests": NaN,
        "Net Income Including Noncontrolling Interests": NaN,
        "Net Income Continuous Operations": NaN,
        "Earnings From Equity Interest Net Of Tax": NaN,
        "Tax Provision": NaN,
        "Pretax Income": NaN,
        "Other Income Expense": NaN,
        "Other Non Operating Income Expenses": NaN,
        "Special Income Charges": NaN,
        "Gain On Sale Of Business": NaN,
        "Impairment Of Capital Assets": 5000000.0,
        "Restructuring And Mergern Acquisition": NaN,
        "Net Non Operating Interest Income Expense": NaN,
        "Interest Expense Non Operating": NaN,
        "Interest Income Non Operating": NaN,
        "Operating Income": NaN,
        "Operating Expense": NaN,
        "Depreciation Amortization Depletion Income Statement": NaN,
        "Depreciation And Amortization In Income Statement": NaN,
        "Selling General And Administration": NaN,
        "Gross Profit": NaN,
        "Cost Of Revenue": NaN,
        "Total Revenue": NaN,
        "Operating Revenue": NaN
    },
    "2024-09-30": {
        "Tax Effect Of Unusual Items": -11856000.0,
        "Tax Rate For Calcs": 0.247,
        "Normalized EBITDA": 284000000.0,
        "Total Unusual Items": -48000000.0,
        "Total Unusual Items Excluding Goodwill": -48000000.0,
        "Net Income From Continuing Operation Net Minority Interest": 99000000.0,
        "Reconciled Depreciation": 74000000.0,
        "Reconciled Cost Of Revenue": 2171000000.0,
        "EBITDA": 236000000.0,
        "EBIT": 162000000.0,
        "Net Interest Income": -27000000.0,
        "Interest Expense": 34000000.0,
        "Interest Income": 7000000.0,
        "Normalized Income": 135144000.0,
        "Net Income From Continuing And Discontinued Operation": 99000000.0,
        "Total Expenses": 2969000000.0,
        "Total Operating Income As Reported": 157000000.0,
        "Diluted Average Shares": 127054934.0,
        "Basic Average Shares": 126124715.0,
        "Diluted EPS": 0.78,
        "Basic EPS": 0.79,
        "Diluted NI Availto Com Stockholders": 99000000.0,
        "Net Income Common Stockholders": 99000000.0,
        "Net Income": 99000000.0,
        "Minority Interests": 0.0,
        "Net Income Including Noncontrolling Interests": 99000000.0,
        "Net Income Continuous Operations": 99000000.0,
        "Earnings From Equity Interest Net Of Tax": 3000000.0,
        "Tax Provision": 32000000.0,
        "Pretax Income": 128000000.0,
        "Other Income Expense": -50000000.0,
        "Other Non Operating Income Expenses": -2000000.0,
        "Special Income Charges": -48000000.0,
        "Gain On Sale Of Business": NaN,
        "Impairment Of Capital Assets": NaN,
        "Restructuring And Mergern Acquisition": 48000000.0,
        "Net Non Operating Interest Income Expense": -27000000.0,
        "Interest Expense Non Operating": 34000000.0,
        "Interest Income Non Operating": 7000000.0,
        "Operating Income": 205000000.0,
        "Operating Expense": 788000000.0,
        "Depreciation Amortization Depletion Income Statement": 64000000.0,
        "Depreciation And Amortization In Income Statement": 64000000.0,
        "Selling General And Administration": 724000000.0,
        "Gross Profit": 993000000.0,
        "Cost Of Revenue": 2181000000.0,
        "Total Revenue": 3174000000.0,
        "Operating Revenue": 3174000000.0
    },
    "2024-12-31": {
        "Tax Effect Of Unusual Items": -9103174.603175,
        "Tax Rate For Calcs": 0.246032,
        "Normalized EBITDA": 261000000.0,
        "Total Unusual Items": -37000000.0,
        "Total Unusual Items Excluding Goodwill": -37000000.0,
        "Net Income From Continuing Operation Net Minority Interest": 94000000.0,
        "Reconciled Depreciation": 47000000.0,
        "Reconciled Cost Of Revenue": 2214000000.0,
        "EBITDA": 224000000.0,
        "EBIT": 161000000.0,
        "Net Interest Income": -29000000.0,
        "Interest Expense": 35000000.0,
        "Interest Income": 6000000.0,
        "Normalized Income": 121896825.396825,
        "Net Income From Continuing And Discontinued Operation": 94000000.0,
        "Total Expenses": 2999000000.0,
        "Total Operating Income As Reported": 155000000.0,
        "Diluted Average Shares": 125626639.0,
        "Basic Average Shares": 124505908.0,
        "Diluted EPS": 0.74,
        "Basic EPS": 0.75,
        "Diluted NI Availto Com Stockholders": 94000000.0,
        "Net Income Common Stockholders": 94000000.0,
        "Net Income": 94000000.0,
        "Minority Interests": -2000000.0,
        "Net Income Including Noncontrolling Interests": 96000000.0,
        "Net Income Continuous Operations": 96000000.0,
        "Earnings From Equity Interest Net Of Tax": 1000000.0,
        "Tax Provision": 31000000.0,
        "Pretax Income": 126000000.0,
        "Other Income Expense": -37000000.0,
        "Other Non Operating Income Expenses": 0.0,
        "Special Income Charges": -37000000.0,
        "Gain On Sale Of Business": NaN,
        "Impairment Of Capital Assets": NaN,
        "Restructuring And Mergern Acquisition": 37000000.0,
        "Net Non Operating Interest Income Expense": -29000000.0,
        "Interest Expense Non Operating": 35000000.0,
        "Interest Income Non Operating": 6000000.0,
        "Operating Income": 192000000.0,
        "Operating Expense": 801000000.0,
        "Depreciation Amortization Depletion Income Statement": 63000000.0,
        "Depreciation And Amortization In Income Statement": 63000000.0,
        "Selling General And Administration": 738000000.0,
        "Gross Profit": 993000000.0,
        "Cost Of Revenue": 2198000000.0,
        "Total Revenue": 3191000000.0,
        "Operating Revenue": 3191000000.0
    },
    "2025-03-31": {
        "Tax Effect Of Unusual Items": -6225000.0,
        "Tax Rate For Calcs": 0.249,
        "Normalized EBITDA": 278000000.0,
        "Total Unusual Items": -25000000.0,
        "Total Unusual Items Excluding Goodwill": -25000000.0,
        "Net Income From Continuing Operation Net Minority Interest": 110000000.0,
        "Reconciled Depreciation": 73000000.0,
        "Reconciled Cost Of Revenue": 2157000000.0,
        "EBITDA": 253000000.0,
        "EBIT": 180000000.0,
        "Net Interest Income": -29000000.0,
        "Interest Expense": 35000000.0,
        "Interest Income": 6000000.0,
        "Normalized Income": 128775000.0,
        "Net Income From Continuing And Discontinued Operation": 110000000.0,
        "Total Expenses": 2968000000.0,
        "Total Operating Income As Reported": 175000000.0,
        "Diluted Average Shares": 124848221.0,
        "Basic Average Shares": 123776073.0,
        "Diluted EPS": 0.88,
        "Basic EPS": 0.89,
        "Diluted NI Availto Com Stockholders": 110000000.0,
        "Net Income Common Stockholders": 110000000.0,
        "Net Income": 110000000.0,
        "Minority Interests": -3000000.0,
        "Net Income Including Noncontrolling Interests": 113000000.0,
        "Net Income Continuous Operations": 113000000.0,
        "Earnings From Equity Interest Net Of Tax": 3000000.0,
        "Tax Provision": 35000000.0,
        "Pretax Income": 145000000.0,
        "Other Income Expense": -26000000.0,
        "Other Non Operating Income Expenses": -1000000.0,
        "Special Income Charges": -25000000.0,
        "Gain On Sale Of Business": NaN,
        "Impairment Of Capital Assets": NaN,
        "Restructuring And Mergern Acquisition": 25000000.0,
        "Net Non Operating Interest Income Expense": -29000000.0,
        "Interest Expense Non Operating": 35000000.0,
        "Interest Income Non Operating": 6000000.0,
        "Operating Income": 200000000.0,
        "Operating Expense": 800000000.0,
        "Depreciation Amortization Depletion Income Statement": 62000000.0,
        "Depreciation And Amortization In Income Statement": 62000000.0,
        "Selling General And Administration": 738000000.0,
        "Gross Profit": 1000000000.0,
        "Cost Of Revenue": 2168000000.0,
        "Total Revenue": 3168000000.0,
        "Operating Revenue": 3168000000.0
    },
    "2025-06-30": {
        "Tax Effect Of Unusual Items": -5612000.0,
        "Tax Rate For Calcs": 0.244,
        "Normalized EBITDA": 258000000.0,
        "Total Unusual Items": -23000000.0,
        "Total Unusual Items Excluding Goodwill": -23000000.0,
        "Net Income From Continuing Operation Net Minority Interest": 86000000.0,
        "Reconciled Depreciation": 76000000.0,
        "Reconciled Cost Of Revenue": 2212000000.0,
        "EBITDA": 235000000.0,
        "EBIT": 159000000.0,
        "Net Interest Income": -29000000.0,
        "Interest Expense": 38000000.0,
        "Interest Income": 9000000.0,
        "Normalized Income": 103388000.0,
        "Net Income From Continuing And Discontinued Operation": 86000000.0,
        "Total Expenses": 3066000000.0,
        "Total Operating Income As Reported": 151000000.0,
        "Diluted Average Shares": 122636948.0,
        "Basic Average Shares": 121927867.0,
        "Diluted EPS": 0.7,
        "Basic EPS": 0.71,
        "Diluted NI Availto Com Stockholders": 86000000.0,
        "Net Income Common Stockholders": 86000000.0,
        "Net Income": 86000000.0,
        "Minority Interests": -8000000.0,
        "Net Income Including Noncontrolling Interests": 94000000.0,
        "Net Income Continuous Operations": 94000000.0,
        "Earnings From Equity Interest Net Of Tax": 4000000.0,
        "Tax Provision": 31000000.0,
        "Pretax Income": 121000000.0,
        "Other Income Expense": -24000000.0,
        "Other Non Operating Income Expenses": -1000000.0,
        "Special Income Charges": -23000000.0,
        "Gain On Sale Of Business": -1000000.0,
        "Impairment Of Capital Assets": 2000000.0,
        "Restructuring And Mergern Acquisition": 20000000.0,
        "Net Non Operating Interest Income Expense": -29000000.0,
        "Interest Expense Non Operating": 38000000.0,
        "Interest Income Non Operating": 9000000.0,
        "Operating Income": 174000000.0,
        "Operating Expense": 842000000.0,
        "Depreciation Amortization Depletion Income Statement": 64000000.0,
        "Depreciation And Amortization In Income Statement": 64000000.0,
        "Selling General And Administration": 778000000.0,
        "Gross Profit": 1016000000.0,
        "Cost Of Revenue": 2224000000.0,
        "Total Revenue": 3240000000.0,
        "Operating Revenue": 3240000000.0
    },
    "2025-09-30": {
        "Tax Effect Of Unusual Items": -7242000.0,
        "Tax Rate For Calcs": 0.213,
        "Normalized EBITDA": 286000000.0,
        "Total Unusual Items": -34000000.0,
        "Total Unusual Items Excluding Goodwill": -34000000.0,
        "Net Income From Continuing Operation Net Minority Interest": 101000000.0,
        "Reconciled Depreciation": 80000000.0,
        "Reconciled Cost Of Revenue": 2301000000.0,
        "EBITDA": 252000000.0,
        "EBIT": 172000000.0,
        "Net Interest Income": -29000000.0,
        "Interest Expense": 38000000.0,
        "Interest Income": 9000000.0,
        "Normalized Income": 127758000.0,
        "Net Income From Continuing And Discontinued Operation": 101000000.0,
        "Total Expenses": 3141000000.0,
        "Total Operating Income As Reported": 164000000.0,
        "Diluted Average Shares": 121036247.0,
        "Basic Average Shares": 120199552.0,
        "Diluted EPS": 0.84,
        "Basic EPS": 0.84,
        "Diluted NI Availto Com Stockholders": 101000000.0,
        "Net Income Common Stockholders": 101000000.0,
        "Net Income": 101000000.0,
        "Minority Interests": -8000000.0,
        "Net Income Including Noncontrolling Interests": 109000000.0,
        "Net Income Continuous Operations": 109000000.0,
        "Earnings From Equity Interest Net Of Tax": 3000000.0,
        "Tax Provision": 28000000.0,
        "Pretax Income": 134000000.0,
        "Other Income Expense": -35000000.0,
        "Other Non Operating Income Expenses": -1000000.0,
        "Special Income Charges": -34000000.0,
        "Gain On Sale Of Business": NaN,
        "Impairment Of Capital Assets": 3000000.0,
        "Restructuring And Mergern Acquisition": 31000000.0,
        "Net Non Operating Interest Income Expense": -29000000.0,
        "Interest Expense Non Operating": 38000000.0,
        "Interest Income Non Operating": 9000000.0,
        "Operating Income": 198000000.0,
        "Operating Expense": 828000000.0,
        "Depreciation Amortization Depletion Income Statement": 68000000.0,
        "Depreciation And Amortization In Income Statement": 68000000.0,
        "Selling General And Administration": 760000000.0,
        "Gross Profit": 1026000000.0,
        "Cost Of Revenue": 2313000000.0,
        "Total Revenue": 3339000000.0,
        "Operating Revenue": 3339000000.0
    }
}