{
    "2023-03-31": {
        "Tax Effect Of Unusual Items": 0.0,
        "Tax Rate For Calcs": 0.0,
        "Normalized EBITDA": -3436000.0,
        "Total Unusual Items": NaN,
        "Total Unusual Items Excluding Goodwill": NaN,
        "Net Income From Continuing Operation Net Minority Interest": -3470000.0,
        "Reconciled Depreciation": 38000.0,
        "Reconciled Cost Of Revenue": NaN,
        "EBITDA": -3436000.0,
        "EBIT": -3474000.0,
        "Net Interest Income": 0.0,
        "Interest Expense": 0.0,
        "Normalized Income": -3470000.0,
        "Net Income From Continuing And Discontinued Operation": -3470000.0,
        "Total Expenses": 3479000.0,
        "Total Operating Income As Reported": -3474000.0,
        "Diluted Average Shares": 4271759.0,
        "Basic Average Shares": 4271759.0,
        "Diluted EPS": -0.81,
        "Basic EPS": -0.81,
        "Diluted NI Availto Com Stockholders": -3470000.0,
        "Net Income Common Stockholders": -3470000.0,
        "Preferred Stock Dividends": NaN,
        "Net Income": -3470000.0,
        "Minority Interests": 3000.0,
        "Net Income Including Noncontrolling Interests": -3473000.0,
        "Net Income Continuous Operations": -3474000.0,
        "Pretax Income": -3474000.0,
        "Special Income Charges": NaN,
        "Gain On Sale Of Business": NaN,
        "Net Non Operating Interest Income Expense": 0.0,
        "Interest Expense Non Operating": 0.0,
        "Operating Income": -3474000.0,
        "Operating Expense": 3479000.0,
        "Research And Development": 993000.0,
        "Selling General And Administration": 2486000.0,
        "General And Administrative Expense": 2486000.0,
        "Other Gand A": 2486000.0,
        "Gross Profit": NaN,
        "Cost Of Revenue": NaN,
        "Total Revenue": 5000.0,
        "Operating Revenue": 5000.0
    },
    "2022-12-31": {
        "Tax Effect Of Unusual Items": 0.0,
        "Tax Rate For Calcs": 0.0,
        "Normalized EBITDA": -2930000.0,
        "Total Unusual Items": NaN,
        "Total Unusual Items Excluding Goodwill": NaN,
        "Net Income From Continuing Operation Net Minority Interest": -2964000.0,
        "Reconciled Depreciation": 38000.0,
        "Reconciled Cost Of Revenue": 0.0,
        "EBITDA": -2930000.0,
        "EBIT": -2968000.0,
        "Net Interest Income": 1000.0,
        "Interest Expense": -1000.0,
        "Normalized Income": -2964000.0,
        "Net Income From Continuing And Discontinued Operation": -2964000.0,
        "Total Expenses": 2972000.0,
        "Total Operating Income As Reported": -2968000.0,
        "Diluted Average Shares": 4283417.0,
        "Basic Average Shares": 4283417.0,
        "Diluted EPS": -0.61,
        "Basic EPS": -0.61,
        "Diluted NI Availto Com Stockholders": -2964000.0,
        "Net Income Common Stockholders": -2964000.0,
        "Preferred Stock Dividends": 0.0,
        "Net Income": -2964000.0,
        "Minority Interests": 3000.0,
        "Net Income Including Noncontrolling Interests": -2967000.0,
        "Net Income Continuous Operations": -2967000.0,
        "Pretax Income": -2967000.0,
        "Special Income Charges": NaN,
        "Gain On Sale Of Business": NaN,
        "Net Non Operating Interest Income Expense": 1000.0,
        "Interest Expense Non Operating": -1000.0,
        "Operating Income": -2968000.0,
        "Operating Expense": 2972000.0,
        "Research And Development": 1089000.0,
        "Selling General And Administration": 1883000.0,
        "General And Administrative Expense": 1883000.0,
        "Other Gand A": 1883000.0,
        "Gross Profit": 4000.0,
        "Cost Of Revenue": 0.0,
        "Total Revenue": 4000.0,
        "Operating Revenue": 4000.0
    },
    "2022-09-30": {
        "Tax Effect Of Unusual Items": 0.0,
        "Tax Rate For Calcs": 0.0,
        "Normalized EBITDA": -3561000.0,
        "Total Unusual Items": NaN,
        "Total Unusual Items Excluding Goodwill": NaN,
        "Net Income From Continuing Operation Net Minority Interest": -3596000.0,
        "Reconciled Depreciation": 37000.0,
        "Reconciled Cost Of Revenue": 0.0,
        "EBITDA": -3561000.0,
        "EBIT": -3598000.0,
        "Net Interest Income": -1000.0,
        "Interest Expense": 1000.0,
        "Normalized Income": -3596000.0,
        "Net Income From Continuing And Discontinued Operation": -3596000.0,
        "Total Expenses": 3603000.0,
        "Total Operating Income As Reported": -3598000.0,
        "Diluted Average Shares": 3554623.0,
        "Basic Average Shares": 3554623.0,
        "Diluted EPS": -1.01,
        "Basic EPS": -1.01,
        "Diluted NI Availto Com Stockholders": -3596000.0,
        "Net Income Common Stockholders": -3596000.0,
        "Preferred Stock Dividends": NaN,
        "Net Income": -3596000.0,
        "Minority Interests": 3000.0,
        "Net Income Including Noncontrolling Interests": -3599000.0,
        "Net Income Continuous Operations": -3599000.0,
        "Pretax Income": -3599000.0,
        "Special Income Charges": NaN,
        "Gain On Sale Of Business": NaN,
        "Net Non Operating Interest Income Expense": -1000.0,
        "Interest Expense Non Operating": 1000.0,
        "Operating Income": -3598000.0,
        "Operating Expense": 3603000.0,
        "Research And Development": 907000.0,
        "Selling General And Administration": 2696000.0,
        "General And Administrative Expense": 2696000.0,
        "Other Gand A": 2696000.0,
        "Gross Profit": 5000.0,
        "Cost Of Revenue": 0.0,
        "Total Revenue": 5000.0,
        "Operating Revenue": 5000.0
    },
    "2022-06-30": {
        "Tax Effect Of Unusual Items": 0.0,
        "Tax Rate For Calcs": 0.0,
        "Normalized EBITDA": -3360000.0,
        "Total Unusual Items": NaN,
        "Total Unusual Items Excluding Goodwill": NaN,
        "Net Income From Continuing Operation Net Minority Interest": -3388000.0,
        "Reconciled Depreciation": 34000.0,
        "Reconciled Cost Of Revenue": 0.0,
        "EBITDA": -3360000.0,
        "EBIT": -3394000.0,
        "Net Interest Income": 0.0,
        "Interest Expense": 0.0,
        "Normalized Income": -3388000.0,
        "Net Income From Continuing And Discontinued Operation": -3388000.0,
        "Total Expenses": 3399000.0,
        "Total Operating Income As Reported": -3394000.0,
        "Diluted Average Shares": 4994900.0,
        "Basic Average Shares": 4994900.0,
        "Diluted EPS": -0.775,
        "Basic EPS": -0.775,
        "Diluted NI Availto Com Stockholders": -3876000.0,
        "Net Income Common Stockholders": -3876000.0,
        "Preferred Stock Dividends": 488000.0,
        "Net Income": -3388000.0,
        "Minority Interests": 6000.0,
        "Net Income Including Noncontrolling Interests": -3394000.0,
        "Net Income Continuous Operations": -3394000.0,
        "Pretax Income": -3394000.0,
        "Special Income Charges": NaN,
        "Gain On Sale Of Business": NaN,
        "Net Non Operating Interest Income Expense": 0.0,
        "Interest Expense Non Operating": 0.0,
        "Operating Income": -3394000.0,
        "Operating Expense": 3399000.0,
        "Research And Development": 1093000.0,
        "Selling General And Administration": 2306000.0,
        "General And Administrative Expense": 2306000.0,
        "Other Gand A": 2306000.0,
        "Gross Profit": 5000.0,
        "Cost Of Revenue": 0.0,
        "Total Revenue": 5000.0,
        "Operating Revenue": 5000.0
    },
    "2022-03-31": {
        "Diluted EPS": -0.27,
        "Total Revenue": 4,
        "Gross Profit": 4,
        "Operating Income": -1,
        "EBIT": -1,
        "Net Income": -1
    },
    "2021-12-31": {
        "Diluted EPS": -1.16,
        "Total Revenue": 0,
        "Gross Profit": 0,
        "Operating Income": -3,
        "EBIT": -3,
        "Net Income": -3
    },
    "2021-09-30": {
        "Diluted EPS": -1.84,
        "Total Revenue": 1,
        "Gross Profit": 1,
        "Operating Income": -4,
        "EBIT": -4,
        "Net Income": -4
    },
    "2021-06-30": {
        "Diluted EPS": -1.99,
        "Total Revenue": 0,
        "Gross Profit": 0,
        "Operating Income": -4,
        "EBIT": -4,
        "Net Income": -4
    },
    "2021-03-31": {
        "Diluted EPS": -2.8,
        "Total Revenue": 0,
        "Gross Profit": 0,
        "Operating Income": -4,
        "EBIT": -4,
        "Net Income": -4
    },
    "2020-12-31": {
        "Diluted EPS": 5.2,
        "Total Revenue": 0,
        "Gross Profit": 0,
        "Operating Income": -4,
        "EBIT": -3,
        "Net Income": -4
    },
    "2020-09-30": {
        "Diluted EPS": -5.4,
        "Total Revenue": 0,
        "Gross Profit": 0,
        "Operating Income": -3,
        "EBIT": -3,
        "Net Income": -3
    },
    "2020-06-30": {
        "Diluted EPS": -30.4,
        "Total Revenue": 0,
        "Gross Profit": 0,
        "Operating Income": -10,
        "EBIT": -10,
        "Net Income": -10
    },
    "2020-03-31": {
        "Diluted EPS": -11.0,
        "Total Revenue": 1,
        "Gross Profit": 1,
        "Operating Income": -2,
        "EBIT": -2,
        "Net Income": -2
    },
    "2019-12-31": {
        "Diluted EPS": 43.8,
        "Total Revenue": 3,
        "Gross Profit": 1,
        "Operating Income": 7,
        "EBIT": 7,
        "Net Income": 7
    },
    "2019-09-30": {
        "Diluted EPS": -10.2,
        "Total Revenue": 0,
        "Gross Profit": 0,
        "Operating Income": -2,
        "EBIT": -2,
        "Net Income": -2
    },
    "2019-06-30": {
        "Diluted EPS": -23.4,
        "Total Revenue": 1,
        "Gross Profit": 1,
        "Operating Income": -4,
        "EBIT": -4,
        "Net Income": -4
    },
    "2019-03-31": {
        "Diluted EPS": -28.0,
        "Total Revenue": 7,
        "Gross Profit": 7,
        "Operating Income": -5,
        "EBIT": -5,
        "Net Income": -5
    },
    "2018-12-31": {
        "Diluted EPS": -24.0,
        "Total Revenue": 7,
        "Gross Profit": 7,
        "Operating Income": -4,
        "EBIT": -4,
        "Net Income": -4
    },
    "2018-09-30": {
        "Diluted EPS": -30.0,
        "Total Revenue": 8,
        "Gross Profit": 8,
        "Operating Income": -5,
        "EBIT": -5,
        "Net Income": -5
    },
    "2018-06-30": {
        "Diluted EPS": -30.0,
        "Total Revenue": 9,
        "Gross Profit": 9,
        "Operating Income": -5,
        "EBIT": -5,
        "Net Income": -4
    },
    "2018-03-31": {
        "Diluted EPS": -34.0,
        "Total Revenue": 10,
        "Gross Profit": 10,
        "Operating Income": -5,
        "EBIT": -5,
        "Net Income": -5
    },
    "2017-12-31": {
        "Diluted EPS": -30.0,
        "Total Revenue": 9,
        "Gross Profit": 9,
        "Operating Income": -4,
        "EBIT": -4,
        "Net Income": -4
    },
    "2017-09-30": {
        "Diluted EPS": -26.0,
        "Total Revenue": 10,
        "Gross Profit": 10,
        "Operating Income": -4,
        "EBIT": -4,
        "Net Income": -4
    },
    "2017-06-30": {
        "Diluted EPS": -38.0,
        "Total Revenue": 10,
        "Gross Profit": 10,
        "Operating Income": -5,
        "EBIT": -5,
        "Net Income": -5
    },
    "2017-03-31": {
        "Diluted EPS": -28.0,
        "Total Revenue": 7,
        "Gross Profit": 7,
        "Operating Income": -4,
        "EBIT": -4,
        "Net Income": -4
    },
    "2016-12-31": {
        "Diluted EPS": -70.0,
        "Total Revenue": NaN,
        "Gross Profit": NaN,
        "Operating Income": -10,
        "EBIT": -10,
        "Net Income": -9
    },
    "2016-09-30": {
        "Diluted EPS": -62.0,
        "Total Revenue": NaN,
        "Gross Profit": NaN,
        "Operating Income": -7,
        "EBIT": -7,
        "Net Income": -7
    },
    "2016-06-30": {
        "Diluted EPS": -60.0,
        "Total Revenue": NaN,
        "Gross Profit": NaN,
        "Operating Income": -6,
        "EBIT": -6,
        "Net Income": -6
    },
    "2016-03-31": {
        "Diluted EPS": -70.0,
        "Total Revenue": NaN,
        "Gross Profit": NaN,
        "Operating Income": -7,
        "EBIT": -7,
        "Net Income": -7
    },
    "2015-12-31": {
        "Diluted EPS": -60.0,
        "Total Revenue": NaN,
        "Gross Profit": NaN,
        "Operating Income": -6,
        "EBIT": -6,
        "Net Income": -6
    },
    "2015-09-30": {
        "Diluted EPS": -62.0,
        "Total Revenue": NaN,
        "Gross Profit": NaN,
        "Operating Income": -6,
        "EBIT": -6,
        "Net Income": -6
    },
    "2015-06-30": {
        "Diluted EPS": -62.0,
        "Total Revenue": NaN,
        "Gross Profit": NaN,
        "Operating Income": -6,
        "EBIT": -6,
        "Net Income": -6
    },
    "2015-03-31": {
        "Diluted EPS": -76.0,
        "Total Revenue": NaN,
        "Gross Profit": NaN,
        "Operating Income": -6,
        "EBIT": -6,
        "Net Income": -6
    },
    "2014-12-31": {
        "Diluted EPS": -68.0,
        "Total Revenue": NaN,
        "Gross Profit": NaN,
        "Operating Income": -5,
        "EBIT": -5,
        "Net Income": -5
    },
    "2014-09-30": {
        "Diluted EPS": -84.0,
        "Total Revenue": NaN,
        "Gross Profit": NaN,
        "Operating Income": -6,
        "EBIT": -6,
        "Net Income": -6
    },
    "2014-06-30": {
        "Diluted EPS": -68.0,
        "Total Revenue": NaN,
        "Gross Profit": NaN,
        "Operating Income": -5,
        "EBIT": -5,
        "Net Income": -5
    },
    "2014-03-31": {
        "Diluted EPS": -68.0,
        "Total Revenue": NaN,
        "Gross Profit": NaN,
        "Operating Income": -5,
        "EBIT": -5,
        "Net Income": -5
    },
    "2013-12-31": {
        "Diluted EPS": -66.0,
        "Total Revenue": NaN,
        "Gross Profit": NaN,
        "Operating Income": NaN,
        "EBIT": 0,
        "Net Income": -5
    },
    "2013-09-30": {
        "Diluted EPS": -56.0,
        "Total Revenue": NaN,
        "Gross Profit": NaN,
        "Operating Income": -3,
        "EBIT": -3,
        "Net Income": -3
    },
    "2013-06-30": {
        "Diluted EPS": 32.0,
        "Total Revenue": NaN,
        "Gross Profit": NaN,
        "Operating Income": -2,
        "EBIT": -2,
        "Net Income": 0
    },
    "2013-03-31": {
        "Diluted EPS": -38.0,
        "Total Revenue": NaN,
        "Gross Profit": NaN,
        "Operating Income": NaN,
        "EBIT": NaN,
        "Net Income": -2
    },
    "2012-12-31": {
        "Diluted EPS": 0.0,
        "Total Revenue": NaN,
        "Gross Profit": NaN,
        "Operating Income": NaN,
        "EBIT": NaN,
        "Net Income": NaN
    },
    "2012-09-30": {
        "Diluted EPS": -510.0,
        "Total Revenue": NaN,
        "Gross Profit": NaN,
        "Operating Income": NaN,
        "EBIT": NaN,
        "Net Income": -3
    },
    "2012-06-30": {
        "Diluted EPS": -362.0,
        "Total Revenue": NaN,
        "Gross Profit": NaN,
        "Operating Income": NaN,
        "EBIT": NaN,
        "Net Income": -2
    },
    "2011-12-31": {
        "Diluted EPS": 0.0,
        "Total Revenue": NaN,
        "Gross Profit": NaN,
        "Operating Income": NaN,
        "EBIT": NaN,
        "Net Income": NaN
    },
    "2023-06-30": {
        "Tax Effect Of Unusual Items": 0.0,
        "Tax Rate For Calcs": 0.0,
        "Normalized EBITDA": -2050000.0,
        "Total Unusual Items": 0.0,
        "Total Unusual Items Excluding Goodwill": 0.0,
        "Net Income From Continuing Operation Net Minority Interest": -2092000.0,
        "Reconciled Depreciation": 38000.0,
        "Reconciled Cost Of Revenue": NaN,
        "EBITDA": -2050000.0,
        "EBIT": -2088000.0,
        "Net Interest Income": -1000.0,
        "Interest Expense": 1000.0,
        "Normalized Income": -2092000.0,
        "Net Income From Continuing And Discontinued Operation": -2092000.0,
        "Total Expenses": 2093000.0,
        "Total Operating Income As Reported": -2088000.0,
        "Diluted Average Shares": 4271759.0,
        "Basic Average Shares": 4271759.0,
        "Diluted EPS": -0.49,
        "Basic EPS": -0.49,
        "Diluted NI Availto Com Stockholders": -2092000.0,
        "Net Income Common Stockholders": -2092000.0,
        "Preferred Stock Dividends": NaN,
        "Net Income": -2092000.0,
        "Minority Interests": -3000.0,
        "Net Income Including Noncontrolling Interests": -2089000.0,
        "Net Income Continuous Operations": -2089000.0,
        "Pretax Income": -2089000.0,
        "Special Income Charges": 0.0,
        "Gain On Sale Of Business": 0.0,
        "Net Non Operating Interest Income Expense": -1000.0,
        "Interest Expense Non Operating": 1000.0,
        "Operating Income": -2088000.0,
        "Operating Expense": 2093000.0,
        "Research And Development": 536000.0,
        "Selling General And Administration": 1557000.0,
        "General And Administrative Expense": 1557000.0,
        "Other Gand A": 1557000.0,
        "Gross Profit": NaN,
        "Cost Of Revenue": NaN,
        "Total Revenue": 5000.0,
        "Operating Revenue": 5000.0
    }
}