{
    "2023-06-30": {
        "Tax Effect Of Unusual Items": NaN,
        "Tax Rate For Calcs": NaN,
        "Normalized EBITDA": NaN,
        "Total Unusual Items": NaN,
        "Total Unusual Items Excluding Goodwill": NaN,
        "Net Income From Continuing Operation Net Minority Interest": NaN,
        "Reconciled Depreciation": NaN,
        "Reconciled Cost Of Revenue": NaN,
        "EBITDA": NaN,
        "EBIT": NaN,
        "Net Interest Income": NaN,
        "Interest Expense": NaN,
        "Interest Income": NaN,
        "Normalized Income": NaN,
        "Net Income From Continuing And Discontinued Operation": NaN,
        "Total Expenses": NaN,
        "Total Operating Income As Reported": NaN,
        "Diluted Average Shares": NaN,
        "Basic Average Shares": NaN,
        "Diluted EPS": NaN,
        "Basic EPS": NaN,
        "Diluted NI Availto Com Stockholders": NaN,
        "Net Income Common Stockholders": NaN,
        "Net Income": NaN,
        "Net Income Including Noncontrolling Interests": NaN,
        "Net Income Continuous Operations": NaN,
        "Tax Provision": NaN,
        "Pretax Income": NaN,
        "Other Income Expense": NaN,
        "Other Non Operating Income Expenses": NaN,
        "Special Income Charges": NaN,
        "Write Off": NaN,
        "Restructuring And Mergern Acquisition": NaN,
        "Net Non Operating Interest Income Expense": NaN,
        "Interest Expense Non Operating": NaN,
        "Interest Income Non Operating": NaN,
        "Operating Income": NaN,
        "Operating Expense": NaN,
        "Selling General And Administration": NaN,
        "General And Administrative Expense": 579465000.0,
        "Other Gand A": 571804000.0,
        "Salaries And Wages": 7661000.0,
        "Gross Profit": NaN,
        "Cost Of Revenue": NaN,
        "Total Revenue": NaN,
        "Operating Revenue": NaN
    },
    "2023-03-31": {
        "Tax Effect Of Unusual Items": NaN,
        "Tax Rate For Calcs": NaN,
        "Normalized EBITDA": NaN,
        "Total Unusual Items": NaN,
        "Total Unusual Items Excluding Goodwill": NaN,
        "Net Income From Continuing Operation Net Minority Interest": NaN,
        "Reconciled Depreciation": NaN,
        "Reconciled Cost Of Revenue": NaN,
        "EBITDA": NaN,
        "EBIT": NaN,
        "Net Interest Income": NaN,
        "Interest Expense": NaN,
        "Interest Income": NaN,
        "Normalized Income": NaN,
        "Net Income From Continuing And Discontinued Operation": NaN,
        "Total Expenses": NaN,
        "Total Operating Income As Reported": NaN,
        "Diluted Average Shares": NaN,
        "Basic Average Shares": NaN,
        "Diluted EPS": NaN,
        "Basic EPS": NaN,
        "Diluted NI Availto Com Stockholders": NaN,
        "Net Income Common Stockholders": NaN,
        "Net Income": NaN,
        "Net Income Including Noncontrolling Interests": NaN,
        "Net Income Continuous Operations": NaN,
        "Tax Provision": NaN,
        "Pretax Income": NaN,
        "Other Income Expense": NaN,
        "Other Non Operating Income Expenses": NaN,
        "Special Income Charges": NaN,
        "Write Off": NaN,
        "Restructuring And Mergern Acquisition": NaN,
        "Net Non Operating Interest Income Expense": NaN,
        "Interest Expense Non Operating": NaN,
        "Interest Income Non Operating": NaN,
        "Operating Income": NaN,
        "Operating Expense": NaN,
        "Selling General And Administration": NaN,
        "General And Administrative Expense": 584798000.0,
        "Other Gand A": 581587000.0,
        "Salaries And Wages": 3211000.0,
        "Gross Profit": NaN,
        "Cost Of Revenue": NaN,
        "Total Revenue": NaN,
        "Operating Revenue": NaN
    },
    "2022-12-31": {
        "Tax Effect Of Unusual Items": NaN,
        "Tax Rate For Calcs": NaN,
        "Normalized EBITDA": NaN,
        "Total Unusual Items": NaN,
        "Total Unusual Items Excluding Goodwill": NaN,
        "Net Income From Continuing Operation Net Minority Interest": NaN,
        "Reconciled Depreciation": NaN,
        "Reconciled Cost Of Revenue": NaN,
        "EBITDA": NaN,
        "EBIT": NaN,
        "Net Interest Income": NaN,
        "Interest Expense": NaN,
        "Interest Income": NaN,
        "Normalized Income": NaN,
        "Net Income From Continuing And Discontinued Operation": NaN,
        "Total Expenses": NaN,
        "Total Operating Income As Reported": NaN,
        "Diluted Average Shares": NaN,
        "Basic Average Shares": NaN,
        "Diluted EPS": NaN,
        "Basic EPS": NaN,
        "Diluted NI Availto Com Stockholders": NaN,
        "Net Income Common Stockholders": NaN,
        "Net Income": NaN,
        "Minority Interests": 0.0,
        "Net Income Including Noncontrolling Interests": NaN,
        "Net Income Continuous Operations": NaN,
        "Tax Provision": NaN,
        "Pretax Income": NaN,
        "Other Income Expense": NaN,
        "Other Non Operating Income Expenses": NaN,
        "Special Income Charges": NaN,
        "Write Off": NaN,
        "Restructuring And Mergern Acquisition": NaN,
        "Net Non Operating Interest Income Expense": NaN,
        "Interest Expense Non Operating": NaN,
        "Interest Income Non Operating": NaN,
        "Operating Income": NaN,
        "Operating Expense": NaN,
        "Selling General And Administration": NaN,
        "General And Administrative Expense": NaN,
        "Other Gand A": NaN,
        "Salaries And Wages": NaN,
        "Gross Profit": NaN,
        "Cost Of Revenue": NaN,
        "Total Revenue": NaN,
        "Operating Revenue": NaN
    },
    "2022-09-30": {
        "Tax Effect Of Unusual Items": NaN,
        "Tax Rate For Calcs": NaN,
        "Normalized EBITDA": NaN,
        "Total Unusual Items": NaN,
        "Total Unusual Items Excluding Goodwill": NaN,
        "Net Income From Continuing Operation Net Minority Interest": NaN,
        "Reconciled Depreciation": NaN,
        "Reconciled Cost Of Revenue": NaN,
        "EBITDA": NaN,
        "EBIT": NaN,
        "Net Interest Income": NaN,
        "Interest Expense": NaN,
        "Interest Income": NaN,
        "Normalized Income": NaN,
        "Net Income From Continuing And Discontinued Operation": NaN,
        "Total Expenses": NaN,
        "Total Operating Income As Reported": NaN,
        "Diluted Average Shares": NaN,
        "Basic Average Shares": NaN,
        "Diluted EPS": NaN,
        "Basic EPS": NaN,
        "Diluted NI Availto Com Stockholders": NaN,
        "Net Income Common Stockholders": NaN,
        "Net Income": NaN,
        "Minority Interests": 0.0,
        "Net Income Including Noncontrolling Interests": NaN,
        "Net Income Continuous Operations": NaN,
        "Tax Provision": NaN,
        "Pretax Income": NaN,
        "Other Income Expense": NaN,
        "Other Non Operating Income Expenses": NaN,
        "Special Income Charges": NaN,
        "Write Off": NaN,
        "Restructuring And Mergern Acquisition": NaN,
        "Net Non Operating Interest Income Expense": NaN,
        "Interest Expense Non Operating": NaN,
        "Interest Income Non Operating": NaN,
        "Operating Income": NaN,
        "Operating Expense": NaN,
        "Selling General And Administration": NaN,
        "General And Administrative Expense": 556775000.0,
        "Other Gand A": 551880000.0,
        "Salaries And Wages": 4895000.0,
        "Gross Profit": NaN,
        "Cost Of Revenue": NaN,
        "Total Revenue": NaN,
        "Operating Revenue": NaN
    },
    "2022-06-30": {
        "Tax Effect Of Unusual Items": -3236864.0,
        "Tax Rate For Calcs": 0.218,
        "Normalized EBITDA": 545956000.0,
        "Total Unusual Items": -14848000.0,
        "Total Unusual Items Excluding Goodwill": -14848000.0,
        "Net Income From Continuing Operation Net Minority Interest": 315556000.0,
        "Reconciled Depreciation": 93846000.0,
        "Reconciled Cost Of Revenue": 1372583000.0,
        "EBITDA": 531108000.0,
        "EBIT": 437262000.0,
        "Net Interest Income": -33413000.0,
        "Interest Expense": 33802000.0,
        "Interest Income": 389000.0,
        "Normalized Income": 327167136.0,
        "Net Income From Continuing And Discontinued Operation": 315556000.0,
        "Total Expenses": 1916051000.0,
        "Total Operating Income As Reported": 456531000.0,
        "Diluted Average Shares": 206449000.0,
        "Basic Average Shares": 205476000.0,
        "Diluted EPS": 1.53,
        "Basic EPS": 1.57,
        "Diluted NI Availto Com Stockholders": 315556000.0,
        "Net Income Common Stockholders": 315556000.0,
        "Net Income": 315556000.0,
        "Minority Interests": 0.0,
        "Net Income Including Noncontrolling Interests": 315556000.0,
        "Net Income Continuous Operations": 315556000.0,
        "Tax Provision": 87904000.0,
        "Pretax Income": 403460000.0,
        "Other Income Expense": -19658000.0,
        "Other Non Operating Income Expenses": -4810000.0,
        "Special Income Charges": -14848000.0,
        "Write Off": 14848000.0,
        "Restructuring And Mergern Acquisition": 0.0,
        "Net Non Operating Interest Income Expense": -33413000.0,
        "Interest Expense Non Operating": 33802000.0,
        "Interest Income Non Operating": 389000.0,
        "Operating Income": 456531000.0,
        "Operating Expense": 543468000.0,
        "Selling General And Administration": 543468000.0,
        "Gross Profit": 999999000.0,
        "Cost Of Revenue": 1372583000.0,
        "Total Revenue": 2372582000.0,
        "Operating Revenue": 2372582000.0
    },
    "2022-03-31": {
        "Diluted EPS": 2.57,
        "Total Revenue": NaN,
        "Gross Profit": NaN,
        "Operating Income": 721,
        "EBIT": 812,
        "Net Income": 533
    },
    "2021-12-31": {
        "Diluted EPS": 1.62,
        "Total Revenue": NaN,
        "Gross Profit": NaN,
        "Operating Income": 459,
        "EBIT": 542,
        "Net Income": 336
    },
    "2021-09-30": {
        "Diluted EPS": 2.14,
        "Total Revenue": NaN,
        "Gross Profit": NaN,
        "Operating Income": 575,
        "EBIT": 653,
        "Net Income": 445
    },
    "2021-06-30": {
        "Diluted EPS": 1.45,
        "Total Revenue": NaN,
        "Gross Profit": 925,
        "Operating Income": 457,
        "EBIT": 533,
        "Net Income": 301
    },
    "2021-03-31": {
        "Diluted EPS": 1.9,
        "Total Revenue": NaN,
        "Gross Profit": NaN,
        "Operating Income": 553,
        "EBIT": 631,
        "Net Income": 396
    },
    "2020-12-31": {
        "Diluted EPS": 1.39,
        "Total Revenue": NaN,
        "Gross Profit": 962,
        "Operating Income": 405,
        "EBIT": 482,
        "Net Income": 291
    },
    "2020-09-30": {
        "Diluted EPS": 2.14,
        "Total Revenue": NaN,
        "Gross Profit": NaN,
        "Operating Income": 611,
        "EBIT": 687,
        "Net Income": 447
    },
    "2020-06-30": {
        "Diluted EPS": 1.29,
        "Total Revenue": NaN,
        "Gross Profit": 793,
        "Operating Income": 383,
        "EBIT": 455,
        "Net Income": 269
    },
    "2020-03-31": {
        "Diluted EPS": 1.29,
        "Total Revenue": NaN,
        "Gross Profit": 867,
        "Operating Income": 383,
        "EBIT": 453,
        "Net Income": 271
    },
    "2019-12-31": {
        "Diluted EPS": 0.99,
        "Total Revenue": NaN,
        "Gross Profit": 912,
        "Operating Income": 286,
        "EBIT": 359,
        "Net Income": 207
    },
    "2019-09-30": {
        "Diluted EPS": 1.54,
        "Total Revenue": NaN,
        "Gross Profit": 943,
        "Operating Income": 461,
        "EBIT": 535,
        "Net Income": 325
    },
    "2019-06-30": {
        "Diluted EPS": 1.48,
        "Total Revenue": NaN,
        "Gross Profit": 875,
        "Operating Income": 410,
        "EBIT": 482,
        "Net Income": 313
    },
    "2019-03-31": {
        "Diluted EPS": 1.45,
        "Total Revenue": NaN,
        "Gross Profit": 893,
        "Operating Income": 439,
        "EBIT": 511,
        "Net Income": 304
    },
    "2018-12-31": {
        "Diluted EPS": 1.6,
        "Total Revenue": NaN,
        "Gross Profit": 944,
        "Operating Income": 421,
        "EBIT": 462,
        "Net Income": 337
    },
    "2018-09-30": {
        "Diluted EPS": 1.25,
        "Total Revenue": NaN,
        "Gross Profit": 863,
        "Operating Income": 406,
        "EBIT": 510,
        "Net Income": 264
    },
    "2018-06-30": {
        "Diluted EPS": 1.08,
        "Total Revenue": NaN,
        "Gross Profit": 793,
        "Operating Income": 316,
        "EBIT": 392,
        "Net Income": 227
    },
    "2018-03-31": {
        "Diluted EPS": 1.65,
        "Total Revenue": NaN,
        "Gross Profit": 974,
        "Operating Income": 481,
        "EBIT": 555,
        "Net Income": 350
    },
    "2017-12-31": {
        "Diluted EPS": 0.85,
        "Total Revenue": NaN,
        "Gross Profit": 837,
        "Operating Income": 334,
        "EBIT": 402,
        "Net Income": 181
    },
    "2017-09-30": {
        "Diluted EPS": 1.28,
        "Total Revenue": NaN,
        "Gross Profit": 943,
        "Operating Income": 461,
        "EBIT": 732,
        "Net Income": 273
    },
    "2017-06-30": {
        "Diluted EPS": 0.95,
        "Total Revenue": NaN,
        "Gross Profit": 766,
        "Operating Income": 320,
        "EBIT": 388,
        "Net Income": 204
    },
    "2017-03-31": {
        "Diluted EPS": 0.58,
        "Total Revenue": NaN,
        "Gross Profit": 909,
        "Operating Income": 197,
        "EBIT": 262,
        "Net Income": 125
    },
    "2016-12-31": {
        "Diluted EPS": 0.54,
        "Total Revenue": NaN,
        "Gross Profit": 754,
        "Operating Income": 279,
        "EBIT": 343,
        "Net Income": 117
    },
    "2016-09-30": {
        "Diluted EPS": 1.06,
        "Total Revenue": NaN,
        "Gross Profit": 851,
        "Operating Income": 374,
        "EBIT": 459,
        "Net Income": 227
    },
    "2016-06-30": {
        "Diluted EPS": 0.68,
        "Total Revenue": NaN,
        "Gross Profit": 747,
        "Operating Income": 263,
        "EBIT": 360,
        "Net Income": 146
    },
    "2016-03-31": {
        "Diluted EPS": 1.06,
        "Total Revenue": NaN,
        "Gross Profit": 817,
        "Operating Income": 340,
        "EBIT": 399,
        "Net Income": 230
    },
    "2015-12-31": {
        "Diluted EPS": 0.84,
        "Total Revenue": NaN,
        "Gross Profit": 854,
        "Operating Income": 343,
        "EBIT": 405,
        "Net Income": 213
    },
    "2015-09-30": {
        "Diluted EPS": 0.7,
        "Total Revenue": NaN,
        "Gross Profit": 892,
        "Operating Income": 303,
        "EBIT": 398,
        "Net Income": 155
    },
    "2015-06-30": {
        "Diluted EPS": -0.46,
        "Total Revenue": NaN,
        "Gross Profit": 735,
        "Operating Income": 8,
        "EBIT": 318,
        "Net Income": -100
    },
    "2015-03-31": {
        "Diluted EPS": 1.11,
        "Total Revenue": NaN,
        "Gross Profit": 901,
        "Operating Income": 384,
        "EBIT": 443,
        "Net Income": 245
    },
    "2014-12-31": {
        "Diluted EPS": 0.91,
        "Total Revenue": NaN,
        "Gross Profit": 887,
        "Operating Income": 353,
        "EBIT": 427,
        "Net Income": 203
    },
    "2014-09-30": {
        "Diluted EPS": 1.0,
        "Total Revenue": NaN,
        "Gross Profit": 860,
        "Operating Income": 359,
        "EBIT": 412,
        "Net Income": 224
    },
    "2014-06-30": {
        "Diluted EPS": 0.75,
        "Total Revenue": NaN,
        "Gross Profit": 717,
        "Operating Income": 277,
        "EBIT": 328,
        "Net Income": 168
    },
    "2014-03-31": {
        "Diluted EPS": 1.11,
        "Total Revenue": NaN,
        "Gross Profit": 871,
        "Operating Income": 404,
        "EBIT": 453,
        "Net Income": 252
    },
    "2013-12-31": {
        "Diluted EPS": 0.82,
        "Total Revenue": NaN,
        "Gross Profit": 857,
        "Operating Income": 307,
        "EBIT": 357,
        "Net Income": 186
    },
    "2013-09-30": {
        "Diluted EPS": 1.03,
        "Total Revenue": NaN,
        "Gross Profit": 856,
        "Operating Income": 371,
        "EBIT": 422,
        "Net Income": 233
    },
    "2013-06-30": {
        "Diluted EPS": 0.7,
        "Total Revenue": NaN,
        "Gross Profit": 719,
        "Operating Income": 269,
        "EBIT": 319,
        "Net Income": 160
    },
    "2013-03-31": {
        "Diluted EPS": 1.06,
        "Total Revenue": NaN,
        "Gross Profit": 849,
        "Operating Income": 392,
        "EBIT": 441,
        "Net Income": 242
    },
    "2012-12-31": {
        "Diluted EPS": 0.66,
        "Total Revenue": NaN,
        "Gross Profit": 755,
        "Operating Income": 253,
        "EBIT": 300,
        "Net Income": 150
    },
    "2012-09-30": {
        "Diluted EPS": 0.77,
        "Total Revenue": NaN,
        "Gross Profit": 743,
        "Operating Income": 302,
        "EBIT": 355,
        "Net Income": 177
    },
    "2012-06-30": {
        "Diluted EPS": 0.59,
        "Total Revenue": NaN,
        "Gross Profit": 619,
        "Operating Income": 222,
        "EBIT": 277,
        "Net Income": 136
    },
    "2012-03-31": {
        "Diluted EPS": 0.87,
        "Total Revenue": NaN,
        "Gross Profit": 743,
        "Operating Income": 335,
        "EBIT": 389,
        "Net Income": 199
    },
    "2011-12-31": {
        "Diluted EPS": 0.62,
        "Total Revenue": NaN,
        "Gross Profit": 631,
        "Operating Income": 229,
        "EBIT": 287,
        "Net Income": 142
    },
    "2011-09-30": {
        "Diluted EPS": 0.86,
        "Total Revenue": NaN,
        "Gross Profit": 680,
        "Operating Income": 321,
        "EBIT": 376,
        "Net Income": 197
    },
    "2011-06-30": {
        "Diluted EPS": 0.56,
        "Total Revenue": NaN,
        "Gross Profit": 564,
        "Operating Income": 228,
        "EBIT": 280,
        "Net Income": 130
    },
    "2011-03-31": {
        "Diluted EPS": 0.7,
        "Total Revenue": NaN,
        "Gross Profit": 656,
        "Operating Income": 277,
        "EBIT": 328,
        "Net Income": 160
    },
    "2010-12-31": {
        "Diluted EPS": 0.59,
        "Total Revenue": NaN,
        "Gross Profit": 619,
        "Operating Income": 228,
        "EBIT": 279,
        "Net Income": 136
    },
    "2010-09-30": {
        "Diluted EPS": 0.78,
        "Total Revenue": NaN,
        "Gross Profit": 655,
        "Operating Income": 300,
        "EBIT": 352,
        "Net Income": 180
    },
    "2010-06-30": {
        "Diluted EPS": 0.2,
        "Total Revenue": NaN,
        "Gross Profit": 547,
        "Operating Income": 124,
        "EBIT": 170,
        "Net Income": 47
    },
    "2010-03-31": {
        "Diluted EPS": 0.64,
        "Total Revenue": NaN,
        "Gross Profit": 594,
        "Operating Income": 253,
        "EBIT": 301,
        "Net Income": 147
    },
    "2009-12-31": {
        "Diluted EPS": 0.55,
        "Total Revenue": NaN,
        "Gross Profit": 571,
        "Operating Income": 212,
        "EBIT": 256,
        "Net Income": 127
    },
    "2009-09-30": {
        "Diluted EPS": 0.71,
        "Total Revenue": NaN,
        "Gross Profit": 589,
        "Operating Income": 280,
        "EBIT": 324,
        "Net Income": 162
    },
    "2009-06-30": {
        "Diluted EPS": 0.31,
        "Total Revenue": NaN,
        "Gross Profit": 453,
        "Operating Income": 117,
        "EBIT": 164,
        "Net Income": 71
    },
    "2009-03-31": {
        "Diluted EPS": 0.33,
        "Total Revenue": NaN,
        "Gross Profit": 440,
        "Operating Income": 153,
        "EBIT": 200,
        "Net Income": 76
    },
    "2023-09-30": {
        "Tax Effect Of Unusual Items": NaN,
        "Tax Rate For Calcs": NaN,
        "Normalized EBITDA": NaN,
        "Total Unusual Items": NaN,
        "Total Unusual Items Excluding Goodwill": NaN,
        "Net Income From Continuing Operation Net Minority Interest": NaN,
        "Reconciled Depreciation": NaN,
        "Reconciled Cost Of Revenue": NaN,
        "EBITDA": NaN,
        "EBIT": NaN,
        "Net Interest Income": NaN,
        "Interest Expense": NaN,
        "Interest Income": NaN,
        "Normalized Income": NaN,
        "Net Income From Continuing And Discontinued Operation": NaN,
        "Total Expenses": NaN,
        "Total Operating Income As Reported": NaN,
        "Diluted Average Shares": NaN,
        "Basic Average Shares": NaN,
        "Diluted EPS": NaN,
        "Basic EPS": NaN,
        "Diluted NI Availto Com Stockholders": NaN,
        "Net Income Common Stockholders": NaN,
        "Net Income": NaN,
        "Net Income Including Noncontrolling Interests": NaN,
        "Net Income Continuous Operations": NaN,
        "Tax Provision": NaN,
        "Pretax Income": NaN,
        "Other Income Expense": NaN,
        "Other Non Operating Income Expenses": NaN,
        "Special Income Charges": NaN,
        "Write Off": NaN,
        "Restructuring And Mergern Acquisition": NaN,
        "Net Non Operating Interest Income Expense": NaN,
        "Interest Expense Non Operating": NaN,
        "Interest Income Non Operating": NaN,
        "Operating Income": NaN,
        "Operating Expense": NaN,
        "Selling General And Administration": NaN,
        "General And Administrative Expense": 624304000.0,
        "Other Gand A": 624304000.0,
        "Salaries And Wages": 4952000.0,
        "Gross Profit": NaN,
        "Cost Of Revenue": NaN,
        "Total Revenue": NaN,
        "Operating Revenue": NaN
    },
    "2023-12-31": {
        "Tax Effect Of Unusual Items": NaN,
        "Tax Rate For Calcs": NaN,
        "Normalized EBITDA": NaN,
        "Total Unusual Items": NaN,
        "Total Unusual Items Excluding Goodwill": NaN,
        "Net Income From Continuing Operation Net Minority Interest": NaN,
        "Reconciled Depreciation": NaN,
        "Reconciled Cost Of Revenue": NaN,
        "EBITDA": NaN,
        "EBIT": NaN,
        "Net Interest Income": NaN,
        "Interest Expense": NaN,
        "Interest Income": NaN,
        "Normalized Income": NaN,
        "Net Income From Continuing And Discontinued Operation": NaN,
        "Total Expenses": NaN,
        "Total Operating Income As Reported": NaN,
        "Diluted Average Shares": NaN,
        "Basic Average Shares": NaN,
        "Diluted EPS": NaN,
        "Basic EPS": NaN,
        "Diluted NI Availto Com Stockholders": NaN,
        "Net Income Common Stockholders": NaN,
        "Net Income": NaN,
        "Net Income Including Noncontrolling Interests": NaN,
        "Net Income Continuous Operations": NaN,
        "Tax Provision": NaN,
        "Pretax Income": NaN,
        "Other Income Expense": NaN,
        "Other Non Operating Income Expenses": NaN,
        "Special Income Charges": NaN,
        "Write Off": NaN,
        "Restructuring And Mergern Acquisition": NaN,
        "Net Non Operating Interest Income Expense": NaN,
        "Interest Expense Non Operating": NaN,
        "Interest Income Non Operating": NaN,
        "Operating Income": NaN,
        "Operating Expense": NaN,
        "Selling General And Administration": NaN,
        "General And Administrative Expense": 686823000.0,
        "Other Gand A": 658813000.0,
        "Salaries And Wages": 12186000.0,
        "Gross Profit": NaN,
        "Cost Of Revenue": NaN,
        "Total Revenue": NaN,
        "Operating Revenue": NaN
    },
    "2024-03-31": {
        "Tax Effect Of Unusual Items": NaN,
        "Tax Rate For Calcs": NaN,
        "Normalized EBITDA": NaN,
        "Total Unusual Items": NaN,
        "Total Unusual Items Excluding Goodwill": NaN,
        "Net Income From Continuing Operation Net Minority Interest": NaN,
        "Reconciled Depreciation": NaN,
        "Reconciled Cost Of Revenue": NaN,
        "EBITDA": NaN,
        "EBIT": NaN,
        "Net Interest Income": NaN,
        "Interest Expense": NaN,
        "Interest Income": NaN,
        "Normalized Income": NaN,
        "Net Income From Continuing And Discontinued Operation": NaN,
        "Total Expenses": NaN,
        "Total Operating Income As Reported": NaN,
        "Diluted Average Shares": NaN,
        "Basic Average Shares": NaN,
        "Diluted EPS": NaN,
        "Basic EPS": NaN,
        "Diluted NI Availto Com Stockholders": NaN,
        "Net Income Common Stockholders": NaN,
        "Net Income": NaN,
        "Net Income Including Noncontrolling Interests": NaN,
        "Net Income Continuous Operations": NaN,
        "Tax Provision": NaN,
        "Pretax Income": NaN,
        "Other Income Expense": NaN,
        "Other Non Operating Income Expenses": NaN,
        "Special Income Charges": NaN,
        "Write Off": NaN,
        "Restructuring And Mergern Acquisition": NaN,
        "Net Non Operating Interest Income Expense": NaN,
        "Interest Expense Non Operating": NaN,
        "Interest Income Non Operating": NaN,
        "Operating Income": NaN,
        "Operating Expense": NaN,
        "Selling General And Administration": NaN,
        "General And Administrative Expense": 618619000.0,
        "Other Gand A": 617981000.0,
        "Salaries And Wages": 638000.0,
        "Gross Profit": NaN,
        "Cost Of Revenue": NaN,
        "Total Revenue": NaN,
        "Operating Revenue": NaN
    },
    "2024-06-30": {
        "Tax Effect Of Unusual Items": -1304758.778887,
        "Tax Rate For Calcs": 0.264282,
        "Normalized EBITDA": 405540000.0,
        "Total Unusual Items": -4937000.0,
        "Total Unusual Items Excluding Goodwill": -4937000.0,
        "Net Income From Continuing Operation Net Minority Interest": 180894000.0,
        "Reconciled Depreciation": 110421000.0,
        "Reconciled Cost Of Revenue": 1240735000.0,
        "EBITDA": 400603000.0,
        "EBIT": 290182000.0,
        "Net Interest Income": -41373000.0,
        "Interest Expense": 44308000.0,
        "Interest Income": 2935000.0,
        "Normalized Income": 184526241.221113,
        "Net Income From Continuing And Discontinued Operation": 180894000.0,
        "Total Expenses": 1781722000.0,
        "Total Operating Income As Reported": 287821000.0,
        "Diluted Average Shares": 203007000.0,
        "Basic Average Shares": 202507000.0,
        "Diluted EPS": 0.89,
        "Basic EPS": 0.92,
        "Diluted NI Availto Com Stockholders": 180894000.0,
        "Net Income Common Stockholders": 180894000.0,
        "Net Income": 180894000.0,
        "Net Income Including Noncontrolling Interests": 180894000.0,
        "Net Income Continuous Operations": 180894000.0,
        "Tax Provision": 64980000.0,
        "Pretax Income": 245874000.0,
        "Other Income Expense": -5511000.0,
        "Other Non Operating Income Expenses": -574000.0,
        "Special Income Charges": -4937000.0,
        "Write Off": 0.0,
        "Restructuring And Mergern Acquisition": 4937000.0,
        "Net Non Operating Interest Income Expense": -41373000.0,
        "Interest Expense Non Operating": 44308000.0,
        "Interest Income Non Operating": 2935000.0,
        "Operating Income": 292758000.0,
        "Operating Expense": 540987000.0,
        "Selling General And Administration": 540987000.0,
        "General And Administrative Expense": 541584000.0,
        "Other Gand A": 540987000.0,
        "Salaries And Wages": 597000.0,
        "Gross Profit": 833745000.0,
        "Cost Of Revenue": 1240735000.0,
        "Total Revenue": 2074480000.0,
        "Operating Revenue": 2074480000.0
    },
    "2024-09-30": {
        "Tax Effect Of Unusual Items": -10816540.0,
        "Tax Rate For Calcs": 0.14,
        "Normalized EBITDA": 755826000.0,
        "Total Unusual Items": -77261000.0,
        "Total Unusual Items Excluding Goodwill": -77261000.0,
        "Net Income From Continuing Operation Net Minority Interest": 446301000.0,
        "Reconciled Depreciation": 113255000.0,
        "Reconciled Cost Of Revenue": 1754775000.0,
        "EBITDA": 678565000.0,
        "EBIT": 565310000.0,
        "Net Interest Income": -44316000.0,
        "Interest Expense": 46563000.0,
        "Interest Income": 2247000.0,
        "Normalized Income": 512745460.0,
        "Net Income From Continuing And Discontinued Operation": 446301000.0,
        "Total Expenses": 2346695000.0,
        "Total Operating Income As Reported": 613164000.0,
        "Diluted Average Shares": 257644000.0,
        "Basic Average Shares": 202552000.0,
        "Diluted EPS": 2.2,
        "Basic EPS": 2.26,
        "Diluted NI Availto Com Stockholders": 446301000.0,
        "Net Income Common Stockholders": 446301000.0,
        "Net Income": 446301000.0,
        "Net Income Including Noncontrolling Interests": 446301000.0,
        "Net Income Continuous Operations": 446301000.0,
        "Tax Provision": 72446000.0,
        "Pretax Income": 518747000.0,
        "Other Income Expense": -77736000.0,
        "Other Non Operating Income Expenses": -475000.0,
        "Special Income Charges": -77261000.0,
        "Write Off": 49626000.0,
        "Restructuring And Mergern Acquisition": 27635000.0,
        "Net Non Operating Interest Income Expense": -44316000.0,
        "Interest Expense Non Operating": 46563000.0,
        "Interest Income Non Operating": 2247000.0,
        "Operating Income": 640799000.0,
        "Operating Expense": 591920000.0,
        "Selling General And Administration": 591920000.0,
        "General And Administrative Expense": NaN,
        "Other Gand A": NaN,
        "Salaries And Wages": NaN,
        "Gross Profit": 1232719000.0,
        "Cost Of Revenue": 1754775000.0,
        "Total Revenue": 2987494000.0,
        "Operating Revenue": 2987494000.0
    },
    "2024-12-31": {
        "Tax Effect Of Unusual Items": -33338970.0,
        "Tax Rate For Calcs": 0.21,
        "Normalized EBITDA": 1047467000.0,
        "Total Unusual Items": -158757000.0,
        "Total Unusual Items Excluding Goodwill": -158757000.0,
        "Net Income From Continuing Operation Net Minority Interest": 796591000.0,
        "Reconciled Depreciation": 123815000.0,
        "Reconciled Cost Of Revenue": 1329197000.0,
        "EBITDA": 888710000.0,
        "EBIT": 764895000.0,
        "Net Interest Income": -40144000.0,
        "Interest Expense": 41838000.0,
        "Interest Income": 1694000.0,
        "Normalized Income": 922009030.0,
        "Net Income From Continuing And Discontinued Operation": 796591000.0,
        "Total Expenses": 1951930000.0,
        "Total Operating Income As Reported": 939147000.0,
        "Diluted Average Shares": 203487000.0,
        "Basic Average Shares": 202963000.0,
        "Diluted EPS": 3.92,
        "Basic EPS": 4.03,
        "Diluted NI Availto Com Stockholders": 796591000.0,
        "Net Income Common Stockholders": 796591000.0,
        "Net Income": 796591000.0,
        "Net Income Including Noncontrolling Interests": 796591000.0,
        "Net Income Continuous Operations": 796591000.0,
        "Tax Provision": -73534000.0,
        "Pretax Income": 723057000.0,
        "Other Income Expense": -172409000.0,
        "Other Non Operating Income Expenses": -13652000.0,
        "Special Income Charges": -158757000.0,
        "Write Off": 162294000.0,
        "Restructuring And Mergern Acquisition": -3537000.0,
        "Net Non Operating Interest Income Expense": -40144000.0,
        "Interest Expense Non Operating": 41838000.0,
        "Interest Income Non Operating": 1694000.0,
        "Operating Income": 935610000.0,
        "Operating Expense": 622733000.0,
        "Selling General And Administration": 622733000.0,
        "General And Administrative Expense": NaN,
        "Other Gand A": NaN,
        "Salaries And Wages": NaN,
        "Gross Profit": 1558343000.0,
        "Cost Of Revenue": 1329197000.0,
        "Total Revenue": 2887540000.0,
        "Operating Revenue": 2887540000.0
    },
    "2025-03-31": {
        "Tax Effect Of Unusual Items": -5026818.0,
        "Tax Rate For Calcs": 0.307,
        "Normalized EBITDA": 510199000.0,
        "Total Unusual Items": -16374000.0,
        "Total Unusual Items Excluding Goodwill": -16374000.0,
        "Net Income From Continuing Operation Net Minority Interest": 224203000.0,
        "Reconciled Depreciation": 119564000.0,
        "Reconciled Cost Of Revenue": 1861152000.0,
        "EBITDA": 493825000.0,
        "EBIT": 374261000.0,
        "Net Interest Income": -44622000.0,
        "Interest Expense": 50607000.0,
        "Interest Income": 5985000.0,
        "Normalized Income": 235550182.0,
        "Net Income From Continuing And Discontinued Operation": 224203000.0,
        "Total Expenses": 2419824000.0,
        "Total Operating Income As Reported": 369221000.0,
        "Diluted Average Shares": 203141000.0,
        "Basic Average Shares": 202711000.0,
        "Diluted EPS": 1.1,
        "Basic EPS": 1.14,
        "Diluted NI Availto Com Stockholders": 224203000.0,
        "Net Income Common Stockholders": 224203000.0,
        "Net Income": 224203000.0,
        "Net Income Including Noncontrolling Interests": 224203000.0,
        "Net Income Continuous Operations": 224203000.0,
        "Tax Provision": 99451000.0,
        "Pretax Income": 323654000.0,
        "Other Income Expense": -17319000.0,
        "Other Non Operating Income Expenses": -945000.0,
        "Special Income Charges": -16374000.0,
        "Write Off": 0.0,
        "Restructuring And Mergern Acquisition": 16374000.0,
        "Net Non Operating Interest Income Expense": -44622000.0,
        "Interest Expense Non Operating": 50607000.0,
        "Interest Income Non Operating": 5985000.0,
        "Operating Income": 385595000.0,
        "Operating Expense": 558672000.0,
        "Selling General And Administration": 558672000.0,
        "General And Administrative Expense": 559992000.0,
        "Other Gand A": 558672000.0,
        "Salaries And Wages": 1320000.0,
        "Gross Profit": 944267000.0,
        "Cost Of Revenue": 1861152000.0,
        "Total Revenue": 2805419000.0,
        "Operating Revenue": 2805419000.0
    },
    "2025-06-30": {
        "Tax Effect Of Unusual Items": -53550.0,
        "Tax Rate For Calcs": 0.21,
        "Normalized EBITDA": 330479000.0,
        "Total Unusual Items": -255000.0,
        "Total Unusual Items Excluding Goodwill": -255000.0,
        "Net Income From Continuing Operation Net Minority Interest": 62719000.0,
        "Reconciled Depreciation": 123833000.0,
        "Reconciled Cost Of Revenue": 1818445000.0,
        "EBITDA": 330224000.0,
        "EBIT": 206391000.0,
        "Net Interest Income": -46035000.0,
        "Interest Expense": 57279000.0,
        "Interest Income": 11244000.0,
        "Normalized Income": 62920450.0,
        "Net Income From Continuing And Discontinued Operation": 62719000.0,
        "Total Expenses": 2421652000.0,
        "Total Operating Income As Reported": 192811000.0,
        "Diluted Average Shares": 203188000.0,
        "Basic Average Shares": 202861000.0,
        "Diluted EPS": 0.31,
        "Basic EPS": 0.32,
        "Diluted NI Availto Com Stockholders": 62719000.0,
        "Net Income Common Stockholders": 62719000.0,
        "Net Income": 62719000.0,
        "Net Income Including Noncontrolling Interests": 62719000.0,
        "Net Income Continuous Operations": 62719000.0,
        "Tax Provision": 86393000.0,
        "Pretax Income": 149112000.0,
        "Other Income Expense": 2081000.0,
        "Other Non Operating Income Expenses": 2336000.0,
        "Special Income Charges": -255000.0,
        "Write Off": 0.0,
        "Restructuring And Mergern Acquisition": 255000.0,
        "Net Non Operating Interest Income Expense": -46035000.0,
        "Interest Expense Non Operating": 57279000.0,
        "Interest Income Non Operating": 11244000.0,
        "Operating Income": 193066000.0,
        "Operating Expense": 603207000.0,
        "Selling General And Administration": 603207000.0,
        "General And Administrative Expense": NaN,
        "Other Gand A": NaN,
        "Salaries And Wages": NaN,
        "Gross Profit": 796273000.0,
        "Cost Of Revenue": 1818445000.0,
        "Total Revenue": 2614718000.0,
        "Operating Revenue": 2614718000.0
    }
}