{
    "2024-09-30": {
        "Tax Effect Of Unusual Items": 0.0,
        "Tax Rate For Calcs": 0.219,
        "Total Unusual Items": 0.0,
        "Total Unusual Items Excluding Goodwill": 0.0,
        "Net Income From Continuing Operation Net Minority Interest": 13112000.0,
        "Reconciled Depreciation": 4826000.0,
        "Net Interest Income": 42074000.0,
        "Interest Expense": 24575000.0,
        "Interest Income": 66649000.0,
        "Normalized Income": 13112000.0,
        "Net Income From Continuing And Discontinued Operation": 13112000.0,
        "Diluted Average Shares": 17027824.0,
        "Basic Average Shares": 16931793.0,
        "Diluted EPS": 0.76,
        "Basic EPS": 0.77,
        "Diluted NI Availto Com Stockholders": 12980000.0,
        "Net Income Common Stockholders": 12980000.0,
        "Otherunder Preferred Stock Dividend": 132000.0,
        "Net Income": 13112000.0,
        "Net Income Including Noncontrolling Interests": 13112000.0,
        "Net Income Continuous Operations": 13112000.0,
        "Tax Provision": 3684000.0,
        "Pretax Income": 16796000.0,
        "Special Income Charges": 0.0,
        "Gain On Sale Of Business": NaN,
        "Other Special Charges": NaN,
        "Restructuring And Mergern Acquisition": 0.0,
        "Depreciation Amortization Depletion Income Statement": 567000.0,
        "Depreciation And Amortization In Income Statement": 567000.0,
        "Amortization": 567000.0,
        "Amortization Of Intangibles Income Statement": 567000.0,
        "Depreciation Income Statement": NaN,
        "Selling General And Administration": 18079000.0,
        "Selling And Marketing Expense": 408000.0,
        "General And Administrative Expense": 17671000.0,
        "Insurance And Claims": 589000.0,
        "Salaries And Wages": 17082000.0,
        "Total Revenue": 50356000.0,
        "Operating Revenue": 50356000.0,
        "Occupancy And Equipment": 2436000.0,
        "Other Non Interest Expense": 9503000.0
    },
    "2024-06-30": {
        "Tax Effect Of Unusual Items": 0.0,
        "Tax Rate For Calcs": 0.214498,
        "Total Unusual Items": 0.0,
        "Total Unusual Items Excluding Goodwill": 0.0,
        "Net Income From Continuing Operation Net Minority Interest": 12418000.0,
        "Reconciled Depreciation": 4350000.0,
        "Net Interest Income": 42446000.0,
        "Interest Expense": 22968000.0,
        "Interest Income": 65414000.0,
        "Normalized Income": 12418000.0,
        "Net Income From Continuing And Discontinued Operation": 12418000.0,
        "Diluted Average Shares": 16904098.0,
        "Basic Average Shares": 16883028.0,
        "Diluted EPS": 0.73,
        "Basic EPS": 0.73,
        "Diluted NI Availto Com Stockholders": 12285000.0,
        "Net Income Common Stockholders": 12285000.0,
        "Otherunder Preferred Stock Dividend": 133000.0,
        "Net Income": 12418000.0,
        "Net Income Including Noncontrolling Interests": 12418000.0,
        "Net Income Continuous Operations": 12418000.0,
        "Tax Provision": 3391000.0,
        "Pretax Income": 15809000.0,
        "Special Income Charges": 0.0,
        "Gain On Sale Of Business": 0.0,
        "Other Special Charges": NaN,
        "Restructuring And Mergern Acquisition": 0.0,
        "Depreciation Amortization Depletion Income Statement": 2489000.0,
        "Depreciation And Amortization In Income Statement": 2489000.0,
        "Amortization": 567000.0,
        "Amortization Of Intangibles Income Statement": 567000.0,
        "Depreciation Income Statement": 1922000.0,
        "Selling General And Administration": 17745000.0,
        "Selling And Marketing Expense": 606000.0,
        "General And Administrative Expense": 17139000.0,
        "Insurance And Claims": 531000.0,
        "Salaries And Wages": 16608000.0,
        "Total Revenue": 50559000.0,
        "Operating Revenue": 50559000.0,
        "Occupancy And Equipment": 2419000.0,
        "Other Non Interest Expense": 7837000.0
    },
    "2024-03-31": {
        "Tax Effect Of Unusual Items": NaN,
        "Tax Rate For Calcs": NaN,
        "Total Unusual Items": NaN,
        "Total Unusual Items Excluding Goodwill": NaN,
        "Net Income From Continuing Operation Net Minority Interest": NaN,
        "Reconciled Depreciation": NaN,
        "Net Interest Income": NaN,
        "Interest Expense": NaN,
        "Interest Income": NaN,
        "Normalized Income": NaN,
        "Net Income From Continuing And Discontinued Operation": NaN,
        "Diluted Average Shares": NaN,
        "Basic Average Shares": NaN,
        "Diluted EPS": NaN,
        "Basic EPS": NaN,
        "Diluted NI Availto Com Stockholders": NaN,
        "Net Income Common Stockholders": NaN,
        "Otherunder Preferred Stock Dividend": NaN,
        "Net Income": NaN,
        "Net Income Including Noncontrolling Interests": NaN,
        "Net Income Continuous Operations": NaN,
        "Tax Provision": NaN,
        "Pretax Income": NaN,
        "Special Income Charges": NaN,
        "Gain On Sale Of Business": NaN,
        "Other Special Charges": 9000.0,
        "Restructuring And Mergern Acquisition": 0.0,
        "Depreciation Amortization Depletion Income Statement": NaN,
        "Depreciation And Amortization In Income Statement": NaN,
        "Amortization": NaN,
        "Amortization Of Intangibles Income Statement": NaN,
        "Depreciation Income Statement": 1643000.0,
        "Selling General And Administration": NaN,
        "Selling And Marketing Expense": NaN,
        "General And Administrative Expense": NaN,
        "Insurance And Claims": NaN,
        "Salaries And Wages": NaN,
        "Total Revenue": NaN,
        "Operating Revenue": NaN,
        "Occupancy And Equipment": NaN,
        "Other Non Interest Expense": NaN
    },
    "2023-12-31": {
        "Tax Effect Of Unusual Items": NaN,
        "Tax Rate For Calcs": NaN,
        "Total Unusual Items": NaN,
        "Total Unusual Items Excluding Goodwill": NaN,
        "Net Income From Continuing Operation Net Minority Interest": NaN,
        "Reconciled Depreciation": NaN,
        "Net Interest Income": NaN,
        "Interest Expense": NaN,
        "Interest Income": NaN,
        "Normalized Income": NaN,
        "Net Income From Continuing And Discontinued Operation": NaN,
        "Diluted Average Shares": NaN,
        "Basic Average Shares": NaN,
        "Diluted EPS": NaN,
        "Basic EPS": NaN,
        "Diluted NI Availto Com Stockholders": NaN,
        "Net Income Common Stockholders": NaN,
        "Otherunder Preferred Stock Dividend": NaN,
        "Net Income": NaN,
        "Net Income Including Noncontrolling Interests": NaN,
        "Net Income Continuous Operations": NaN,
        "Tax Provision": NaN,
        "Pretax Income": NaN,
        "Special Income Charges": NaN,
        "Gain On Sale Of Business": NaN,
        "Other Special Charges": NaN,
        "Restructuring And Mergern Acquisition": 0.0,
        "Depreciation Amortization Depletion Income Statement": NaN,
        "Depreciation And Amortization In Income Statement": NaN,
        "Amortization": NaN,
        "Amortization Of Intangibles Income Statement": NaN,
        "Depreciation Income Statement": NaN,
        "Selling General And Administration": NaN,
        "Selling And Marketing Expense": NaN,
        "General And Administrative Expense": NaN,
        "Insurance And Claims": NaN,
        "Salaries And Wages": NaN,
        "Total Revenue": NaN,
        "Operating Revenue": NaN,
        "Occupancy And Equipment": NaN,
        "Other Non Interest Expense": NaN
    },
    "2023-09-30": {
        "Tax Effect Of Unusual Items": NaN,
        "Tax Rate For Calcs": NaN,
        "Total Unusual Items": NaN,
        "Total Unusual Items Excluding Goodwill": NaN,
        "Net Income From Continuing Operation Net Minority Interest": NaN,
        "Reconciled Depreciation": NaN,
        "Net Interest Income": NaN,
        "Interest Expense": NaN,
        "Interest Income": NaN,
        "Normalized Income": NaN,
        "Net Income From Continuing And Discontinued Operation": NaN,
        "Diluted Average Shares": 16800901.0,
        "Basic Average Shares": 16792177.0,
        "Diluted EPS": 0.88,
        "Basic EPS": 0.88,
        "Diluted NI Availto Com Stockholders": NaN,
        "Net Income Common Stockholders": NaN,
        "Otherunder Preferred Stock Dividend": NaN,
        "Net Income": NaN,
        "Net Income Including Noncontrolling Interests": NaN,
        "Net Income Continuous Operations": NaN,
        "Tax Provision": NaN,
        "Pretax Income": NaN,
        "Special Income Charges": NaN,
        "Other Special Charges": NaN,
        "Restructuring And Mergern Acquisition": NaN,
        "Depreciation Amortization Depletion Income Statement": NaN,
        "Depreciation And Amortization In Income Statement": NaN,
        "Amortization": NaN,
        "Amortization Of Intangibles Income Statement": NaN,
        "Selling General And Administration": NaN,
        "Selling And Marketing Expense": NaN,
        "General And Administrative Expense": NaN,
        "Insurance And Claims": NaN,
        "Salaries And Wages": NaN,
        "Total Revenue": NaN,
        "Operating Revenue": NaN,
        "Occupancy And Equipment": NaN,
        "Other Non Interest Expense": NaN
    },
    "2023-06-30": {
        "Tax Effect Of Unusual Items": NaN,
        "Tax Rate For Calcs": NaN,
        "Total Unusual Items": NaN,
        "Total Unusual Items Excluding Goodwill": NaN,
        "Net Income From Continuing Operation Net Minority Interest": NaN,
        "Reconciled Depreciation": NaN,
        "Net Interest Income": NaN,
        "Interest Expense": NaN,
        "Interest Income": NaN,
        "Normalized Income": NaN,
        "Net Income From Continuing And Discontinued Operation": NaN,
        "Diluted Average Shares": NaN,
        "Basic Average Shares": NaN,
        "Diluted EPS": NaN,
        "Basic EPS": NaN,
        "Diluted NI Availto Com Stockholders": NaN,
        "Average Dilution Earnings": 0.0,
        "Net Income Common Stockholders": NaN,
        "Otherunder Preferred Stock Dividend": NaN,
        "Net Income": NaN,
        "Net Income Including Noncontrolling Interests": NaN,
        "Net Income Continuous Operations": NaN,
        "Tax Provision": NaN,
        "Pretax Income": NaN,
        "Special Income Charges": NaN,
        "Other Special Charges": -82000.0,
        "Restructuring And Mergern Acquisition": NaN,
        "Depreciation Amortization Depletion Income Statement": NaN,
        "Depreciation And Amortization In Income Statement": NaN,
        "Amortization": NaN,
        "Amortization Of Intangibles Income Statement": NaN,
        "Selling General And Administration": NaN,
        "Selling And Marketing Expense": NaN,
        "General And Administrative Expense": NaN,
        "Insurance And Claims": NaN,
        "Salaries And Wages": NaN,
        "Total Revenue": NaN,
        "Operating Revenue": NaN,
        "Occupancy And Equipment": NaN,
        "Other Non Interest Expense": NaN
    },
    "2024-12-31": {
        "Tax Effect Of Unusual Items": 0.0,
        "Tax Rate For Calcs": 0.223352,
        "Total Unusual Items": 0.0,
        "Total Unusual Items Excluding Goodwill": 0.0,
        "Net Income From Continuing Operation Net Minority Interest": 14208000.0,
        "Reconciled Depreciation": 3440000.0,
        "Net Interest Income": 43205000.0,
        "Interest Expense": 22993000.0,
        "Interest Income": 66198000.0,
        "Normalized Income": 14208000.0,
        "Net Income From Continuing And Discontinued Operation": 14208000.0,
        "Diluted Average Shares": 17084943.0,
        "Basic Average Shares": 16983751.0,
        "Diluted EPS": 0.83,
        "Basic EPS": 0.83,
        "Diluted NI Availto Com Stockholders": 14077000.0,
        "Net Income Common Stockholders": 14077000.0,
        "Otherunder Preferred Stock Dividend": 131000.0,
        "Net Income": 14208000.0,
        "Net Income Including Noncontrolling Interests": 14208000.0,
        "Net Income Continuous Operations": 14208000.0,
        "Tax Provision": 4086000.0,
        "Pretax Income": 18294000.0,
        "Special Income Charges": 0.0,
        "Gain On Sale Of Business": NaN,
        "Other Special Charges": 0.0,
        "Restructuring And Mergern Acquisition": 0.0,
        "Depreciation Amortization Depletion Income Statement": 8301000.0,
        "Depreciation And Amortization In Income Statement": 8301000.0,
        "Amortization": 567000.0,
        "Amortization Of Intangibles Income Statement": 567000.0,
        "Depreciation Income Statement": NaN,
        "Selling General And Administration": 18024000.0,
        "Selling And Marketing Expense": 234000.0,
        "General And Administrative Expense": 17790000.0,
        "Insurance And Claims": 556000.0,
        "Salaries And Wages": 17234000.0,
        "Total Revenue": 51448000.0,
        "Operating Revenue": 51448000.0,
        "Occupancy And Equipment": 2476000.0,
        "Other Non Interest Expense": 2243000.0
    },
    "2025-03-31": {
        "Tax Effect Of Unusual Items": 0.0,
        "Tax Rate For Calcs": 0.211,
        "Total Unusual Items": 0.0,
        "Total Unusual Items Excluding Goodwill": 0.0,
        "Net Income From Continuing Operation Net Minority Interest": 14539000.0,
        "Reconciled Depreciation": 4148000.0,
        "Net Interest Income": 42907000.0,
        "Interest Expense": 20728000.0,
        "Interest Income": 63635000.0,
        "Normalized Income": 14539000.0,
        "Net Income From Continuing And Discontinued Operation": 14539000.0,
        "Diluted Average Shares": 17113424.0,
        "Basic Average Shares": 17011359.0,
        "Diluted EPS": 0.84,
        "Basic EPS": 0.84,
        "Diluted NI Availto Com Stockholders": 14374000.0,
        "Net Income Common Stockholders": 14374000.0,
        "Otherunder Preferred Stock Dividend": 165000.0,
        "Net Income": 14539000.0,
        "Net Income Including Noncontrolling Interests": 14539000.0,
        "Net Income Continuous Operations": 14539000.0,
        "Tax Provision": 3894000.0,
        "Pretax Income": 18433000.0,
        "Special Income Charges": 0.0,
        "Gain On Sale Of Business": NaN,
        "Other Special Charges": NaN,
        "Restructuring And Mergern Acquisition": NaN,
        "Depreciation Amortization Depletion Income Statement": 2383000.0,
        "Depreciation And Amortization In Income Statement": 2383000.0,
        "Amortization": 515000.0,
        "Amortization Of Intangibles Income Statement": 515000.0,
        "Depreciation Income Statement": 1868000.0,
        "Selling General And Administration": 18662000.0,
        "Selling And Marketing Expense": 452000.0,
        "General And Administrative Expense": 18210000.0,
        "Insurance And Claims": 511000.0,
        "Salaries And Wages": 17699000.0,
        "Total Revenue": 50934000.0,
        "Operating Revenue": 50934000.0,
        "Occupancy And Equipment": 2511000.0,
        "Other Non Interest Expense": 7405000.0
    },
    "2025-06-30": {
        "Tax Effect Of Unusual Items": 312267.179769,
        "Tax Rate For Calcs": 0.211563,
        "Total Unusual Items": 1476000.0,
        "Total Unusual Items Excluding Goodwill": 1476000.0,
        "Net Income From Continuing Operation Net Minority Interest": 17210000.0,
        "Reconciled Depreciation": 4074000.0,
        "Net Interest Income": 44229000.0,
        "Interest Expense": 19412000.0,
        "Interest Income": 63641000.0,
        "Normalized Income": 16046267.179769,
        "Net Income From Continuing And Discontinued Operation": 17210000.0,
        "Diluted Average Shares": 17106448.0,
        "Basic Average Shares": 17006141.0,
        "Diluted EPS": 1.0,
        "Basic EPS": 1.01,
        "Diluted NI Availto Com Stockholders": 17020000.0,
        "Net Income Common Stockholders": 17020000.0,
        "Otherunder Preferred Stock Dividend": 190000.0,
        "Net Income": 17210000.0,
        "Net Income Including Noncontrolling Interests": 17210000.0,
        "Net Income Continuous Operations": 17210000.0,
        "Tax Provision": 4618000.0,
        "Pretax Income": 21828000.0,
        "Special Income Charges": 1476000.0,
        "Gain On Sale Of Business": 1448000.0,
        "Other Special Charges": -28000.0,
        "Restructuring And Mergern Acquisition": NaN,
        "Depreciation Amortization Depletion Income Statement": 2200000.0,
        "Depreciation And Amortization In Income Statement": 2200000.0,
        "Amortization": 411000.0,
        "Amortization Of Intangibles Income Statement": 411000.0,
        "Depreciation Income Statement": 1789000.0,
        "Selling General And Administration": 19123000.0,
        "Selling And Marketing Expense": 442000.0,
        "General And Administrative Expense": 18681000.0,
        "Insurance And Claims": 473000.0,
        "Salaries And Wages": 18208000.0,
        "Total Revenue": 52910000.0,
        "Operating Revenue": 52910000.0,
        "Occupancy And Equipment": 2375000.0,
        "Other Non Interest Expense": 7557000.0
    }
}