{
    "2023-03-31": {
        "Tax Effect Of Unusual Items": NaN,
        "Tax Rate For Calcs": NaN,
        "Normalized EBITDA": NaN,
        "Total Unusual Items": NaN,
        "Total Unusual Items Excluding Goodwill": NaN,
        "Net Income From Continuing Operation Net Minority Interest": NaN,
        "Reconciled Depreciation": NaN,
        "Reconciled Cost Of Revenue": NaN,
        "EBITDA": NaN,
        "EBIT": NaN,
        "Net Interest Income": NaN,
        "Interest Expense": NaN,
        "Interest Income": NaN,
        "Normalized Income": NaN,
        "Net Income From Continuing And Discontinued Operation": NaN,
        "Total Expenses": NaN,
        "Total Operating Income As Reported": NaN,
        "Diluted Average Shares": 19066160.0,
        "Basic Average Shares": 19066160.0,
        "Diluted EPS": 0.1,
        "Basic EPS": 0.1,
        "Diluted NI Availto Com Stockholders": NaN,
        "Net Income Common Stockholders": NaN,
        "Net Income": NaN,
        "Minority Interests": NaN,
        "Net Income Including Noncontrolling Interests": NaN,
        "Net Income Continuous Operations": NaN,
        "Tax Provision": NaN,
        "Pretax Income": NaN,
        "Other Income Expense": NaN,
        "Other Non Operating Income Expenses": NaN,
        "Gain On Sale Of Security": NaN,
        "Net Non Operating Interest Income Expense": NaN,
        "Interest Expense Non Operating": NaN,
        "Interest Income Non Operating": NaN,
        "Operating Income": NaN,
        "Operating Expense": NaN,
        "Research And Development": NaN,
        "Selling General And Administration": NaN,
        "Selling And Marketing Expense": NaN,
        "General And Administrative Expense": NaN,
        "Other Gand A": NaN,
        "Gross Profit": NaN,
        "Cost Of Revenue": NaN,
        "Total Revenue": NaN,
        "Operating Revenue": NaN
    },
    "2022-12-31": {
        "Tax Effect Of Unusual Items": 0.0,
        "Tax Rate For Calcs": 0.232,
        "Normalized EBITDA": -1398078.0,
        "Total Unusual Items": NaN,
        "Total Unusual Items Excluding Goodwill": NaN,
        "Net Income From Continuing Operation Net Minority Interest": -1424440.0,
        "Reconciled Depreciation": 18935.0,
        "Reconciled Cost Of Revenue": 1531109.0,
        "EBITDA": -1398078.0,
        "EBIT": -1417013.0,
        "Net Interest Income": 32268.0,
        "Interest Expense": 2439.0,
        "Interest Income": 34707.0,
        "Normalized Income": -1424440.0,
        "Net Income From Continuing And Discontinued Operation": -1424440.0,
        "Total Expenses": 3456195.0,
        "Total Operating Income As Reported": -1456657.0,
        "Diluted Average Shares": NaN,
        "Basic Average Shares": NaN,
        "Diluted EPS": NaN,
        "Basic EPS": NaN,
        "Diluted NI Availto Com Stockholders": -1424440.0,
        "Net Income Common Stockholders": -1424440.0,
        "Net Income": -1424440.0,
        "Minority Interests": 0.0,
        "Net Income Including Noncontrolling Interests": -1424440.0,
        "Net Income Continuous Operations": -1424440.0,
        "Tax Provision": 4988.0,
        "Pretax Income": -1419452.0,
        "Other Income Expense": 4937.0,
        "Other Non Operating Income Expenses": 4937.0,
        "Gain On Sale Of Security": NaN,
        "Net Non Operating Interest Income Expense": 32268.0,
        "Interest Expense Non Operating": 2439.0,
        "Interest Income Non Operating": 34707.0,
        "Operating Income": -1456657.0,
        "Operating Expense": 1925086.0,
        "Research And Development": 57263.0,
        "Selling General And Administration": 1790899.0,
        "Selling And Marketing Expense": 1120365.0,
        "General And Administrative Expense": 670534.0,
        "Other Gand A": -3066390.0,
        "Gross Profit": 468429.0,
        "Cost Of Revenue": 1531109.0,
        "Total Revenue": 1999538.0,
        "Operating Revenue": 1999538.0
    },
    "2022-09-30": {
        "Tax Effect Of Unusual Items": NaN,
        "Tax Rate For Calcs": NaN,
        "Normalized EBITDA": NaN,
        "Total Unusual Items": NaN,
        "Total Unusual Items Excluding Goodwill": NaN,
        "Net Income From Continuing Operation Net Minority Interest": NaN,
        "Reconciled Depreciation": NaN,
        "Reconciled Cost Of Revenue": NaN,
        "EBITDA": NaN,
        "EBIT": NaN,
        "Net Interest Income": NaN,
        "Interest Expense": NaN,
        "Interest Income": NaN,
        "Normalized Income": NaN,
        "Net Income From Continuing And Discontinued Operation": NaN,
        "Total Expenses": NaN,
        "Total Operating Income As Reported": NaN,
        "Diluted Average Shares": 17835027.0,
        "Basic Average Shares": 17835027.0,
        "Diluted EPS": -0.11,
        "Basic EPS": -0.11,
        "Diluted NI Availto Com Stockholders": NaN,
        "Net Income Common Stockholders": NaN,
        "Net Income": NaN,
        "Minority Interests": NaN,
        "Net Income Including Noncontrolling Interests": NaN,
        "Net Income Continuous Operations": NaN,
        "Tax Provision": NaN,
        "Pretax Income": NaN,
        "Other Income Expense": NaN,
        "Other Non Operating Income Expenses": NaN,
        "Gain On Sale Of Security": NaN,
        "Net Non Operating Interest Income Expense": NaN,
        "Interest Expense Non Operating": NaN,
        "Interest Income Non Operating": NaN,
        "Operating Income": NaN,
        "Operating Expense": NaN,
        "Research And Development": NaN,
        "Selling General And Administration": NaN,
        "Selling And Marketing Expense": NaN,
        "General And Administrative Expense": NaN,
        "Other Gand A": NaN,
        "Gross Profit": NaN,
        "Cost Of Revenue": NaN,
        "Total Revenue": NaN,
        "Operating Revenue": NaN
    },
    "2022-06-30": {
        "Tax Effect Of Unusual Items": 0.0,
        "Tax Rate For Calcs": 0.4,
        "Normalized EBITDA": -1655273.0,
        "Total Unusual Items": NaN,
        "Total Unusual Items Excluding Goodwill": NaN,
        "Net Income From Continuing Operation Net Minority Interest": -1703641.0,
        "Reconciled Depreciation": 21799.0,
        "Reconciled Cost Of Revenue": 1337296.0,
        "EBITDA": -1655273.0,
        "EBIT": -1677072.0,
        "Net Interest Income": -8499.0,
        "Interest Expense": 17590.0,
        "Interest Income": 9091.0,
        "Normalized Income": -1703641.0,
        "Net Income From Continuing And Discontinued Operation": -1703641.0,
        "Total Expenses": 4333675.0,
        "Total Operating Income As Reported": -1663378.0,
        "Diluted Average Shares": 18936829.0,
        "Basic Average Shares": 18936829.0,
        "Diluted EPS": -0.09,
        "Basic EPS": -0.09,
        "Diluted NI Availto Com Stockholders": -1703641.0,
        "Net Income Common Stockholders": -1703641.0,
        "Net Income": -1703641.0,
        "Minority Interests": 0.0,
        "Net Income Including Noncontrolling Interests": -1703641.0,
        "Net Income Continuous Operations": -1703641.0,
        "Tax Provision": 8979.0,
        "Pretax Income": -1694662.0,
        "Other Income Expense": -22785.0,
        "Other Non Operating Income Expenses": -22785.0,
        "Gain On Sale Of Security": NaN,
        "Net Non Operating Interest Income Expense": -8499.0,
        "Interest Expense Non Operating": 17590.0,
        "Interest Income Non Operating": 9091.0,
        "Operating Income": -1663378.0,
        "Operating Expense": 2996379.0,
        "Research And Development": 417228.0,
        "Selling General And Administration": 2579151.0,
        "Selling And Marketing Expense": 728836.0,
        "General And Administrative Expense": 1850315.0,
        "Other Gand A": 1850315.0,
        "Gross Profit": 1333001.0,
        "Cost Of Revenue": 1337296.0,
        "Total Revenue": 2670297.0,
        "Operating Revenue": 2670297.0
    },
    "2022-03-31": {
        "Diluted EPS": -0.09,
        "Total Revenue": 2,
        "Gross Profit": 1,
        "Operating Income": -2,
        "EBIT": -2,
        "Net Income": -2
    },
    "2021-12-31": {
        "Diluted EPS": -0.05,
        "Total Revenue": 2,
        "Gross Profit": 1,
        "Operating Income": 0,
        "EBIT": 0,
        "Net Income": -1
    },
    "2021-09-30": {
        "Diluted EPS": 0.01,
        "Total Revenue": 3,
        "Gross Profit": 2,
        "Operating Income": 0,
        "EBIT": 0,
        "Net Income": 0
    },
    "2021-06-30": {
        "Diluted EPS": 0.03,
        "Total Revenue": 3,
        "Gross Profit": 2,
        "Operating Income": 0,
        "EBIT": 1,
        "Net Income": 0
    },
    "2021-03-31": {
        "Diluted EPS": -0.01,
        "Total Revenue": 2,
        "Gross Profit": 1,
        "Operating Income": 0,
        "EBIT": 0,
        "Net Income": 0
    },
    "2020-12-31": {
        "Diluted EPS": 0.0,
        "Total Revenue": NaN,
        "Gross Profit": NaN,
        "Operating Income": NaN,
        "EBIT": NaN,
        "Net Income": NaN
    },
    "2023-06-30": {
        "Tax Effect Of Unusual Items": NaN,
        "Tax Rate For Calcs": NaN,
        "Normalized EBITDA": NaN,
        "Total Unusual Items": NaN,
        "Total Unusual Items Excluding Goodwill": NaN,
        "Net Income From Continuing Operation Net Minority Interest": NaN,
        "Reconciled Depreciation": NaN,
        "Reconciled Cost Of Revenue": NaN,
        "EBITDA": NaN,
        "EBIT": NaN,
        "Net Interest Income": NaN,
        "Interest Expense": NaN,
        "Interest Income": NaN,
        "Normalized Income": NaN,
        "Net Income From Continuing And Discontinued Operation": NaN,
        "Total Expenses": NaN,
        "Total Operating Income As Reported": NaN,
        "Diluted Average Shares": 20842690.0,
        "Basic Average Shares": 20842690.0,
        "Diluted EPS": -0.04,
        "Basic EPS": -0.04,
        "Diluted NI Availto Com Stockholders": NaN,
        "Net Income Common Stockholders": NaN,
        "Net Income": NaN,
        "Minority Interests": NaN,
        "Net Income Including Noncontrolling Interests": NaN,
        "Net Income Continuous Operations": NaN,
        "Tax Provision": NaN,
        "Pretax Income": NaN,
        "Other Income Expense": NaN,
        "Other Non Operating Income Expenses": NaN,
        "Gain On Sale Of Security": NaN,
        "Net Non Operating Interest Income Expense": NaN,
        "Interest Expense Non Operating": NaN,
        "Interest Income Non Operating": NaN,
        "Operating Income": NaN,
        "Operating Expense": NaN,
        "Research And Development": NaN,
        "Selling General And Administration": NaN,
        "Selling And Marketing Expense": NaN,
        "General And Administrative Expense": NaN,
        "Other Gand A": NaN,
        "Gross Profit": NaN,
        "Cost Of Revenue": NaN,
        "Total Revenue": NaN,
        "Operating Revenue": NaN
    },
    "2023-09-30": {
        "Tax Effect Of Unusual Items": NaN,
        "Tax Rate For Calcs": NaN,
        "Normalized EBITDA": NaN,
        "Total Unusual Items": NaN,
        "Total Unusual Items Excluding Goodwill": NaN,
        "Net Income From Continuing Operation Net Minority Interest": NaN,
        "Reconciled Depreciation": NaN,
        "Reconciled Cost Of Revenue": NaN,
        "EBITDA": NaN,
        "EBIT": NaN,
        "Net Interest Income": NaN,
        "Interest Expense": NaN,
        "Interest Income": NaN,
        "Normalized Income": NaN,
        "Net Income From Continuing And Discontinued Operation": NaN,
        "Total Expenses": NaN,
        "Total Operating Income As Reported": NaN,
        "Diluted Average Shares": 20842690.0,
        "Basic Average Shares": 20842690.0,
        "Diluted EPS": -0.11,
        "Basic EPS": -0.11,
        "Diluted NI Availto Com Stockholders": NaN,
        "Net Income Common Stockholders": NaN,
        "Net Income": NaN,
        "Minority Interests": NaN,
        "Net Income Including Noncontrolling Interests": NaN,
        "Net Income Continuous Operations": NaN,
        "Tax Provision": NaN,
        "Pretax Income": NaN,
        "Other Income Expense": NaN,
        "Other Non Operating Income Expenses": NaN,
        "Gain On Sale Of Security": NaN,
        "Net Non Operating Interest Income Expense": NaN,
        "Interest Expense Non Operating": NaN,
        "Interest Income Non Operating": NaN,
        "Operating Income": NaN,
        "Operating Expense": NaN,
        "Research And Development": NaN,
        "Selling General And Administration": NaN,
        "Selling And Marketing Expense": NaN,
        "General And Administrative Expense": NaN,
        "Other Gand A": NaN,
        "Gross Profit": NaN,
        "Cost Of Revenue": NaN,
        "Total Revenue": NaN,
        "Operating Revenue": NaN
    },
    "2023-12-31": {
        "Tax Effect Of Unusual Items": -18689.242679,
        "Tax Rate For Calcs": 0.058106,
        "Normalized EBITDA": -2765929.0,
        "Total Unusual Items": -321638.0,
        "Total Unusual Items Excluding Goodwill": -321638.0,
        "Net Income From Continuing Operation Net Minority Interest": -2853159.0,
        "Reconciled Depreciation": 187819.0,
        "Reconciled Cost Of Revenue": 3230171.0,
        "EBITDA": -3087567.0,
        "EBIT": -3275386.0,
        "Net Interest Income": -31904.0,
        "Interest Expense": 37895.0,
        "Interest Income": 5991.0,
        "Normalized Income": -2550210.242679,
        "Net Income From Continuing And Discontinued Operation": -2853159.0,
        "Total Expenses": NaN,
        "Total Operating Income As Reported": -3164099.0,
        "Diluted Average Shares": NaN,
        "Basic Average Shares": NaN,
        "Diluted EPS": NaN,
        "Basic EPS": NaN,
        "Diluted NI Availto Com Stockholders": -2853159.0,
        "Net Income Common Stockholders": NaN,
        "Net Income": -2853159.0,
        "Minority Interests": 267599.0,
        "Net Income Including Noncontrolling Interests": -3120758.0,
        "Net Income Continuous Operations": -3120758.0,
        "Tax Provision": -192523.0,
        "Pretax Income": -3313281.0,
        "Other Income Expense": -193890.0,
        "Other Non Operating Income Expenses": 127748.0,
        "Gain On Sale Of Security": -321638.0,
        "Net Non Operating Interest Income Expense": -31904.0,
        "Interest Expense Non Operating": 37895.0,
        "Interest Income Non Operating": 5991.0,
        "Operating Income": -3087487.0,
        "Operating Expense": 3184715.0,
        "Research And Development": NaN,
        "Selling General And Administration": 1864768.0,
        "Selling And Marketing Expense": 185500.0,
        "General And Administrative Expense": 1679268.0,
        "Other Gand A": -3920130.0,
        "Gross Profit": 97228.0,
        "Cost Of Revenue": 3230171.0,
        "Total Revenue": 3327399.0,
        "Operating Revenue": 3327399.0
    },
    "2024-03-31": {
        "Tax Effect Of Unusual Items": NaN,
        "Tax Rate For Calcs": NaN,
        "Normalized EBITDA": NaN,
        "Total Unusual Items": NaN,
        "Total Unusual Items Excluding Goodwill": NaN,
        "Net Income From Continuing Operation Net Minority Interest": NaN,
        "Reconciled Depreciation": NaN,
        "Reconciled Cost Of Revenue": NaN,
        "EBITDA": NaN,
        "EBIT": NaN,
        "Net Interest Income": NaN,
        "Interest Expense": NaN,
        "Interest Income": NaN,
        "Normalized Income": NaN,
        "Net Income From Continuing And Discontinued Operation": NaN,
        "Total Expenses": NaN,
        "Total Operating Income As Reported": NaN,
        "Diluted Average Shares": 20854714.0,
        "Basic Average Shares": 20854714.0,
        "Diluted EPS": -0.06,
        "Basic EPS": -0.06,
        "Diluted NI Availto Com Stockholders": NaN,
        "Net Income Common Stockholders": NaN,
        "Net Income": NaN,
        "Minority Interests": NaN,
        "Net Income Including Noncontrolling Interests": NaN,
        "Net Income Continuous Operations": NaN,
        "Tax Provision": NaN,
        "Pretax Income": NaN,
        "Other Income Expense": NaN,
        "Other Non Operating Income Expenses": NaN,
        "Gain On Sale Of Security": NaN,
        "Net Non Operating Interest Income Expense": NaN,
        "Interest Expense Non Operating": NaN,
        "Interest Income Non Operating": NaN,
        "Operating Income": NaN,
        "Operating Expense": NaN,
        "Research And Development": NaN,
        "Selling General And Administration": NaN,
        "Selling And Marketing Expense": NaN,
        "General And Administrative Expense": NaN,
        "Other Gand A": NaN,
        "Gross Profit": NaN,
        "Cost Of Revenue": NaN,
        "Total Revenue": NaN,
        "Operating Revenue": NaN
    },
    "2024-06-30": {
        "Tax Effect Of Unusual Items": NaN,
        "Tax Rate For Calcs": NaN,
        "Normalized EBITDA": NaN,
        "Total Unusual Items": NaN,
        "Total Unusual Items Excluding Goodwill": NaN,
        "Net Income From Continuing Operation Net Minority Interest": NaN,
        "Reconciled Depreciation": NaN,
        "Reconciled Cost Of Revenue": NaN,
        "EBITDA": NaN,
        "EBIT": NaN,
        "Net Interest Income": NaN,
        "Interest Expense": NaN,
        "Interest Income": NaN,
        "Normalized Income": NaN,
        "Net Income From Continuing And Discontinued Operation": NaN,
        "Total Expenses": NaN,
        "Total Operating Income As Reported": NaN,
        "Diluted Average Shares": 20864144.0,
        "Basic Average Shares": 20864144.0,
        "Diluted EPS": -0.09,
        "Basic EPS": -0.09,
        "Diluted NI Availto Com Stockholders": NaN,
        "Net Income Common Stockholders": NaN,
        "Net Income": NaN,
        "Minority Interests": NaN,
        "Net Income Including Noncontrolling Interests": NaN,
        "Net Income Discontinuous Operations": NaN,
        "Net Income Continuous Operations": NaN,
        "Tax Provision": NaN,
        "Pretax Income": NaN,
        "Other Income Expense": NaN,
        "Other Non Operating Income Expenses": NaN,
        "Gain On Sale Of Security": NaN,
        "Net Non Operating Interest Income Expense": NaN,
        "Interest Expense Non Operating": NaN,
        "Interest Income Non Operating": NaN,
        "Operating Income": NaN,
        "Operating Expense": NaN,
        "Research And Development": NaN,
        "Selling General And Administration": NaN,
        "Selling And Marketing Expense": NaN,
        "General And Administrative Expense": NaN,
        "Other Gand A": NaN,
        "Gross Profit": NaN,
        "Cost Of Revenue": NaN,
        "Total Revenue": NaN,
        "Operating Revenue": NaN
    },
    "2024-09-30": {
        "Tax Effect Of Unusual Items": -16446.3432,
        "Tax Rate For Calcs": 0.0168,
        "Normalized EBITDA": 12472335.0,
        "Total Unusual Items": -978949.0,
        "Total Unusual Items Excluding Goodwill": -978949.0,
        "Net Income From Continuing Operation Net Minority Interest": 11360468.0,
        "Reconciled Depreciation": 158012.0,
        "Reconciled Cost Of Revenue": 2230749.0,
        "EBITDA": 11493386.0,
        "EBIT": 11335374.0,
        "Net Interest Income": -15880.0,
        "Interest Expense": 26057.0,
        "Interest Income": 10177.0,
        "Normalized Income": 12322970.6568,
        "Net Income From Continuing And Discontinued Operation": 11057806.0,
        "Total Expenses": 3899844.0,
        "Total Operating Income As Reported": 12341021.0,
        "Diluted Average Shares": 20864144.0,
        "Basic Average Shares": 20864144.0,
        "Diluted EPS": 0.53,
        "Basic EPS": 0.53,
        "Diluted NI Availto Com Stockholders": 11057806.0,
        "Net Income Common Stockholders": 11057806.0,
        "Net Income": 11057806.0,
        "Minority Interests": 240876.0,
        "Net Income Including Noncontrolling Interests": 10816930.0,
        "Net Income Discontinuous Operations": -302662.0,
        "Net Income Continuous Operations": 11119592.0,
        "Tax Provision": 189725.0,
        "Pretax Income": 11309317.0,
        "Other Income Expense": -1015824.0,
        "Other Non Operating Income Expenses": -36875.0,
        "Gain On Sale Of Security": -978949.0,
        "Net Non Operating Interest Income Expense": -15880.0,
        "Interest Expense Non Operating": 26057.0,
        "Interest Income Non Operating": 10177.0,
        "Operating Income": 12341021.0,
        "Operating Expense": 1669095.0,
        "Research And Development": 63709.0,
        "Selling General And Administration": 1605386.0,
        "Selling And Marketing Expense": 162372.0,
        "General And Administrative Expense": 1443014.0,
        "Other Gand A": 1443014.0,
        "Gross Profit": 14010116.0,
        "Cost Of Revenue": 2230749.0,
        "Total Revenue": 16240865.0,
        "Operating Revenue": 16240865.0
    },
    "2024-12-31": {
        "Tax Effect Of Unusual Items": -161002.889845,
        "Tax Rate For Calcs": 0.016714,
        "Normalized EBITDA": -2690665.0,
        "Total Unusual Items": -9632893.0,
        "Total Unusual Items Excluding Goodwill": -9632893.0,
        "Net Income From Continuing Operation Net Minority Interest": -9254730.0,
        "Reconciled Depreciation": 187980.0,
        "Reconciled Cost Of Revenue": 2871285.0,
        "EBITDA": -12323558.0,
        "EBIT": -12511538.0,
        "Net Interest Income": -35661.0,
        "Interest Expense": 38939.0,
        "Interest Income": 3278.0,
        "Normalized Income": 217160.110155,
        "Net Income From Continuing And Discontinued Operation": -9254730.0,
        "Total Expenses": 6134239.0,
        "Total Operating Income As Reported": -9845107.0,
        "Diluted Average Shares": NaN,
        "Basic Average Shares": NaN,
        "Diluted EPS": NaN,
        "Basic EPS": NaN,
        "Diluted NI Availto Com Stockholders": -9254730.0,
        "Net Income Common Stockholders": -9254730.0,
        "Net Income": -9254730.0,
        "Minority Interests": 3085980.0,
        "Net Income Including Noncontrolling Interests": -12340710.0,
        "Net Income Discontinuous Operations": NaN,
        "Net Income Continuous Operations": -12340710.0,
        "Tax Provision": -209767.0,
        "Pretax Income": -12550477.0,
        "Other Income Expense": -9824275.0,
        "Other Non Operating Income Expenses": -191382.0,
        "Gain On Sale Of Security": -2078327.0,
        "Net Non Operating Interest Income Expense": -35661.0,
        "Interest Expense Non Operating": 38939.0,
        "Interest Income Non Operating": 3278.0,
        "Operating Income": -2690541.0,
        "Operating Expense": 3262954.0,
        "Research And Development": 421653.0,
        "Selling General And Administration": 2103760.0,
        "Selling And Marketing Expense": 613143.0,
        "General And Administrative Expense": 1490617.0,
        "Other Gand A": -2674978.0,
        "Gross Profit": 572413.0,
        "Cost Of Revenue": 2871285.0,
        "Total Revenue": 3443698.0,
        "Operating Revenue": 3443698.0
    },
    "2025-03-31": {
        "Tax Effect Of Unusual Items": -425322.12,
        "Tax Rate For Calcs": 0.232,
        "Normalized EBITDA": -1191420.0,
        "Total Unusual Items": -1833285.0,
        "Total Unusual Items Excluding Goodwill": -1833285.0,
        "Net Income From Continuing Operation Net Minority Interest": -3086992.0,
        "Reconciled Depreciation": 26907.0,
        "Reconciled Cost Of Revenue": 2486742.0,
        "EBITDA": -3024705.0,
        "EBIT": -3051612.0,
        "Net Interest Income": -26113.0,
        "Interest Expense": 29133.0,
        "Interest Income": 3020.0,
        "Normalized Income": -1679029.12,
        "Net Income From Continuing And Discontinued Operation": -3086992.0,
        "Total Expenses": 4831183.0,
        "Total Operating Income As Reported": -1244157.0,
        "Diluted Average Shares": 22054029.0,
        "Basic Average Shares": 22054029.0,
        "Diluted EPS": -0.14,
        "Basic EPS": -0.14,
        "Diluted NI Availto Com Stockholders": -3086992.0,
        "Net Income Common Stockholders": -3086992.0,
        "Net Income": -3086992.0,
        "Minority Interests": 50389.0,
        "Net Income Including Noncontrolling Interests": -3137381.0,
        "Net Income Discontinuous Operations": NaN,
        "Net Income Continuous Operations": -3137381.0,
        "Tax Provision": 56636.0,
        "Pretax Income": -3080745.0,
        "Other Income Expense": -1810475.0,
        "Other Non Operating Income Expenses": 22810.0,
        "Gain On Sale Of Security": -1833285.0,
        "Net Non Operating Interest Income Expense": -26113.0,
        "Interest Expense Non Operating": 29133.0,
        "Interest Income Non Operating": 3020.0,
        "Operating Income": -1244157.0,
        "Operating Expense": 2344441.0,
        "Research And Development": 123893.0,
        "Selling General And Administration": 2220548.0,
        "Selling And Marketing Expense": 291160.0,
        "General And Administrative Expense": 1929388.0,
        "Other Gand A": 1929388.0,
        "Gross Profit": 1100284.0,
        "Cost Of Revenue": 2486742.0,
        "Total Revenue": 3587026.0,
        "Operating Revenue": 3587026.0
    },
    "2025-06-30": {
        "Tax Effect Of Unusual Items": 226661.68,
        "Tax Rate For Calcs": 0.232,
        "Normalized EBITDA": 129149.0,
        "Total Unusual Items": 976990.0,
        "Total Unusual Items Excluding Goodwill": 976990.0,
        "Net Income From Continuing Operation Net Minority Interest": 1099902.0,
        "Reconciled Depreciation": 15530.0,
        "Reconciled Cost Of Revenue": 2526651.0,
        "EBITDA": 1106139.0,
        "EBIT": 1090609.0,
        "Net Interest Income": -30824.0,
        "Interest Expense": 32665.0,
        "Interest Income": 1841.0,
        "Normalized Income": 349573.68,
        "Net Income From Continuing And Discontinued Operation": 1099902.0,
        "Total Expenses": 4636781.0,
        "Total Operating Income As Reported": 107465.0,
        "Diluted Average Shares": 27079975.0,
        "Basic Average Shares": 22088909.0,
        "Diluted EPS": 0.04,
        "Basic EPS": 0.05,
        "Diluted NI Availto Com Stockholders": 1099902.0,
        "Net Income Common Stockholders": 1099902.0,
        "Net Income": 1099902.0,
        "Minority Interests": 38396.0,
        "Net Income Including Noncontrolling Interests": 1061506.0,
        "Net Income Discontinuous Operations": NaN,
        "Net Income Continuous Operations": 1061506.0,
        "Tax Provision": -3562.0,
        "Pretax Income": 1057944.0,
        "Other Income Expense": 981303.0,
        "Other Non Operating Income Expenses": 4313.0,
        "Gain On Sale Of Security": 976990.0,
        "Net Non Operating Interest Income Expense": -30824.0,
        "Interest Expense Non Operating": 32665.0,
        "Interest Income Non Operating": 1841.0,
        "Operating Income": 107465.0,
        "Operating Expense": 2110130.0,
        "Research And Development": 161481.0,
        "Selling General And Administration": 1948649.0,
        "Selling And Marketing Expense": 385622.0,
        "General And Administrative Expense": 1563027.0,
        "Other Gand A": 1563027.0,
        "Gross Profit": 2217595.0,
        "Cost Of Revenue": 2526651.0,
        "Total Revenue": 4744246.0,
        "Operating Revenue": 4744246.0
    },
    "2025-09-30": {
        "Tax Effect Of Unusual Items": -3424.9068,
        "Tax Rate For Calcs": 0.0252,
        "Normalized EBITDA": 23243.0,
        "Total Unusual Items": -135909.0,
        "Total Unusual Items Excluding Goodwill": -135909.0,
        "Net Income From Continuing Operation Net Minority Interest": -54225.0,
        "Reconciled Depreciation": -5443.0,
        "Reconciled Cost Of Revenue": 1521920.0,
        "EBITDA": -112666.0,
        "EBIT": -112666.0,
        "Net Interest Income": -20037.0,
        "Interest Expense": 21083.0,
        "Interest Income": 1046.0,
        "Normalized Income": 78259.0932,
        "Net Income From Continuing And Discontinued Operation": 434072.0,
        "Total Expenses": 3001476.0,
        "Total Operating Income As Reported": -11147.0,
        "Diluted Average Shares": 28155306.0,
        "Basic Average Shares": 23310770.0,
        "Diluted EPS": 0.02,
        "Basic EPS": 0.02,
        "Diluted NI Availto Com Stockholders": 434072.0,
        "Net Income Common Stockholders": 434072.0,
        "Net Income": 434072.0,
        "Minority Interests": 82897.0,
        "Net Income Including Noncontrolling Interests": 351175.0,
        "Net Income Discontinuous Operations": 488297.0,
        "Net Income Continuous Operations": -137122.0,
        "Tax Provision": 3373.0,
        "Pretax Income": -133749.0,
        "Other Income Expense": -102565.0,
        "Other Non Operating Income Expenses": 33344.0,
        "Gain On Sale Of Security": -135909.0,
        "Net Non Operating Interest Income Expense": -20037.0,
        "Interest Expense Non Operating": 21083.0,
        "Interest Income Non Operating": 1046.0,
        "Operating Income": -11147.0,
        "Operating Expense": 1479556.0,
        "Research And Development": 0.0,
        "Selling General And Administration": 1479556.0,
        "Selling And Marketing Expense": 94718.0,
        "General And Administrative Expense": 1384838.0,
        "Other Gand A": 1384838.0,
        "Gross Profit": 1468409.0,
        "Cost Of Revenue": 1521920.0,
        "Total Revenue": 2990329.0,
        "Operating Revenue": 2990329.0
    }
}