{
    "2023-06-30": {
        "Tax Effect Of Unusual Items": NaN,
        "Tax Rate For Calcs": NaN,
        "Normalized EBITDA": NaN,
        "Total Unusual Items": NaN,
        "Total Unusual Items Excluding Goodwill": NaN,
        "Net Income From Continuing Operation Net Minority Interest": NaN,
        "Reconciled Depreciation": NaN,
        "Reconciled Cost Of Revenue": NaN,
        "EBITDA": NaN,
        "EBIT": NaN,
        "Net Interest Income": NaN,
        "Interest Expense": NaN,
        "Normalized Income": NaN,
        "Net Income From Continuing And Discontinued Operation": NaN,
        "Total Expenses": NaN,
        "Rent Expense Supplemental": 7000000.0,
        "Diluted Average Shares": NaN,
        "Basic Average Shares": NaN,
        "Diluted EPS": NaN,
        "Basic EPS": NaN,
        "Diluted NI Availto Com Stockholders": NaN,
        "Average Dilution Earnings": 0.0,
        "Net Income Common Stockholders": NaN,
        "Net Income": NaN,
        "Net Income Including Noncontrolling Interests": NaN,
        "Net Income Continuous Operations": NaN,
        "Tax Provision": NaN,
        "Pretax Income": NaN,
        "Other Income Expense": NaN,
        "Other Non Operating Income Expenses": NaN,
        "Special Income Charges": NaN,
        "Gain On Sale Of Ppe": NaN,
        "Other Special Charges": NaN,
        "Impairment Of Capital Assets": NaN,
        "Gain On Sale Of Security": NaN,
        "Net Non Operating Interest Income Expense": NaN,
        "Interest Expense Non Operating": NaN,
        "Operating Income": NaN,
        "Operating Expense": NaN,
        "Selling General And Administration": NaN,
        "Gross Profit": NaN,
        "Cost Of Revenue": NaN,
        "Total Revenue": NaN,
        "Operating Revenue": NaN
    },
    "2023-03-31": {
        "Tax Effect Of Unusual Items": NaN,
        "Tax Rate For Calcs": NaN,
        "Normalized EBITDA": NaN,
        "Total Unusual Items": NaN,
        "Total Unusual Items Excluding Goodwill": NaN,
        "Net Income From Continuing Operation Net Minority Interest": NaN,
        "Reconciled Depreciation": NaN,
        "Reconciled Cost Of Revenue": NaN,
        "EBITDA": NaN,
        "EBIT": NaN,
        "Net Interest Income": NaN,
        "Interest Expense": NaN,
        "Normalized Income": NaN,
        "Net Income From Continuing And Discontinued Operation": NaN,
        "Total Expenses": NaN,
        "Rent Expense Supplemental": NaN,
        "Diluted Average Shares": NaN,
        "Basic Average Shares": NaN,
        "Diluted EPS": NaN,
        "Basic EPS": NaN,
        "Diluted NI Availto Com Stockholders": NaN,
        "Average Dilution Earnings": 0.0,
        "Net Income Common Stockholders": NaN,
        "Net Income": NaN,
        "Net Income Including Noncontrolling Interests": NaN,
        "Net Income Continuous Operations": NaN,
        "Tax Provision": NaN,
        "Pretax Income": NaN,
        "Other Income Expense": NaN,
        "Other Non Operating Income Expenses": NaN,
        "Special Income Charges": NaN,
        "Gain On Sale Of Ppe": NaN,
        "Other Special Charges": NaN,
        "Impairment Of Capital Assets": NaN,
        "Gain On Sale Of Security": NaN,
        "Net Non Operating Interest Income Expense": NaN,
        "Interest Expense Non Operating": NaN,
        "Operating Income": NaN,
        "Operating Expense": NaN,
        "Selling General And Administration": NaN,
        "Gross Profit": NaN,
        "Cost Of Revenue": NaN,
        "Total Revenue": NaN,
        "Operating Revenue": NaN
    },
    "2022-12-31": {
        "Tax Effect Of Unusual Items": NaN,
        "Tax Rate For Calcs": NaN,
        "Normalized EBITDA": NaN,
        "Total Unusual Items": NaN,
        "Total Unusual Items Excluding Goodwill": NaN,
        "Net Income From Continuing Operation Net Minority Interest": NaN,
        "Reconciled Depreciation": NaN,
        "Reconciled Cost Of Revenue": NaN,
        "EBITDA": NaN,
        "EBIT": NaN,
        "Net Interest Income": NaN,
        "Interest Expense": NaN,
        "Normalized Income": NaN,
        "Net Income From Continuing And Discontinued Operation": NaN,
        "Total Expenses": NaN,
        "Rent Expense Supplemental": NaN,
        "Diluted Average Shares": NaN,
        "Basic Average Shares": NaN,
        "Diluted EPS": NaN,
        "Basic EPS": NaN,
        "Diluted NI Availto Com Stockholders": NaN,
        "Average Dilution Earnings": NaN,
        "Net Income Common Stockholders": NaN,
        "Net Income": NaN,
        "Minority Interests": 0.0,
        "Net Income Including Noncontrolling Interests": NaN,
        "Net Income Continuous Operations": NaN,
        "Tax Provision": NaN,
        "Pretax Income": NaN,
        "Other Income Expense": NaN,
        "Other Non Operating Income Expenses": NaN,
        "Special Income Charges": NaN,
        "Gain On Sale Of Ppe": NaN,
        "Gain On Sale Of Business": 0.0,
        "Restructuring And Mergern Acquisition": 0.0,
        "Gain On Sale Of Security": NaN,
        "Net Non Operating Interest Income Expense": NaN,
        "Interest Expense Non Operating": NaN,
        "Operating Income": NaN,
        "Operating Expense": NaN,
        "Selling General And Administration": NaN,
        "Gross Profit": NaN,
        "Cost Of Revenue": NaN,
        "Total Revenue": NaN,
        "Operating Revenue": NaN
    },
    "2022-09-30": {
        "Tax Effect Of Unusual Items": NaN,
        "Tax Rate For Calcs": NaN,
        "Normalized EBITDA": NaN,
        "Total Unusual Items": NaN,
        "Total Unusual Items Excluding Goodwill": NaN,
        "Net Income From Continuing Operation Net Minority Interest": NaN,
        "Reconciled Depreciation": NaN,
        "Reconciled Cost Of Revenue": NaN,
        "EBITDA": NaN,
        "EBIT": NaN,
        "Net Interest Income": NaN,
        "Interest Expense": NaN,
        "Normalized Income": NaN,
        "Net Income From Continuing And Discontinued Operation": NaN,
        "Total Expenses": NaN,
        "Rent Expense Supplemental": 4000000.0,
        "Diluted Average Shares": NaN,
        "Basic Average Shares": NaN,
        "Diluted EPS": NaN,
        "Basic EPS": NaN,
        "Diluted NI Availto Com Stockholders": NaN,
        "Average Dilution Earnings": -73000000.0,
        "Net Income Common Stockholders": NaN,
        "Net Income": NaN,
        "Minority Interests": 0.0,
        "Net Income Including Noncontrolling Interests": NaN,
        "Net Income Continuous Operations": NaN,
        "Tax Provision": NaN,
        "Pretax Income": NaN,
        "Other Income Expense": NaN,
        "Other Non Operating Income Expenses": NaN,
        "Special Income Charges": NaN,
        "Gain On Sale Of Ppe": NaN,
        "Gain On Sale Of Business": 0.0,
        "Restructuring And Mergern Acquisition": 0.0,
        "Gain On Sale Of Security": NaN,
        "Net Non Operating Interest Income Expense": NaN,
        "Interest Expense Non Operating": NaN,
        "Operating Income": NaN,
        "Operating Expense": NaN,
        "Selling General And Administration": NaN,
        "Gross Profit": NaN,
        "Cost Of Revenue": NaN,
        "Total Revenue": NaN,
        "Operating Revenue": NaN
    },
    "2022-06-30": {
        "Tax Effect Of Unusual Items": 126691689.008043,
        "Tax Rate For Calcs": 0.159964,
        "Normalized EBITDA": 614000000.0,
        "Total Unusual Items": 792000000.0,
        "Total Unusual Items Excluding Goodwill": 792000000.0,
        "Net Income From Continuing Operation Net Minority Interest": 940000000.0,
        "Reconciled Depreciation": 201000000.0,
        "Reconciled Cost Of Revenue": 1672000000.0,
        "EBITDA": 1406000000.0,
        "EBIT": 1205000000.0,
        "Net Interest Income": -86000000.0,
        "Interest Expense": 86000000.0,
        "Normalized Income": 274691689.008043,
        "Net Income From Continuing And Discontinued Operation": 940000000.0,
        "Total Expenses": 1929000000.0,
        "Rent Expense Supplemental": 5000000.0,
        "Diluted Average Shares": 424000000.0,
        "Basic Average Shares": 398000000.0,
        "Diluted EPS": 1.13,
        "Basic EPS": 2.36,
        "Diluted NI Availto Com Stockholders": 479000000.0,
        "Average Dilution Earnings": -461000000.0,
        "Net Income Common Stockholders": 940000000.0,
        "Net Income": 940000000.0,
        "Minority Interests": 0.0,
        "Net Income Including Noncontrolling Interests": 940000000.0,
        "Net Income Continuous Operations": 940000000.0,
        "Tax Provision": 179000000.0,
        "Pretax Income": 1119000000.0,
        "Other Income Expense": 790000000.0,
        "Other Non Operating Income Expenses": -2000000.0,
        "Special Income Charges": 331000000.0,
        "Gain On Sale Of Ppe": 331000000.0,
        "Gain On Sale Of Business": 0.0,
        "Restructuring And Mergern Acquisition": 0.0,
        "Gain On Sale Of Security": 461000000.0,
        "Net Non Operating Interest Income Expense": -86000000.0,
        "Interest Expense Non Operating": 86000000.0,
        "Operating Income": 415000000.0,
        "Operating Expense": 257000000.0,
        "Selling General And Administration": 257000000.0,
        "Gross Profit": 672000000.0,
        "Cost Of Revenue": 1672000000.0,
        "Total Revenue": 2344000000.0,
        "Operating Revenue": 2344000000.0
    },
    "2022-03-31": {
        "Diluted EPS": 0.82,
        "Total Revenue": NaN,
        "Gross Profit": 757,
        "Operating Income": 548,
        "EBIT": 572,
        "Net Income": 426
    },
    "2021-12-31": {
        "Diluted EPS": -1.56,
        "Total Revenue": NaN,
        "Gross Profit": 883,
        "Operating Income": 575,
        "EBIT": 725,
        "Net Income": -677
    },
    "2021-09-30": {
        "Diluted EPS": 1.13,
        "Total Revenue": NaN,
        "Gross Profit": NaN,
        "Operating Income": 808,
        "EBIT": 954,
        "Net Income": 571
    },
    "2021-06-30": {
        "Diluted EPS": -1.05,
        "Total Revenue": NaN,
        "Gross Profit": 927,
        "Operating Income": 589,
        "EBIT": 848,
        "Net Income": -168
    },
    "2021-03-31": {
        "Diluted EPS": 1.21,
        "Total Revenue": NaN,
        "Gross Profit": 511,
        "Operating Income": 63,
        "EBIT": 426,
        "Net Income": 190
    },
    "2020-12-31": {
        "Diluted EPS": -1.66,
        "Total Revenue": NaN,
        "Gross Profit": 484,
        "Operating Income": -158,
        "EBIT": 371,
        "Net Income": -289
    },
    "2020-09-30": {
        "Diluted EPS": -1.42,
        "Total Revenue": NaN,
        "Gross Profit": 489,
        "Operating Income": -54,
        "EBIT": 431,
        "Net Income": -222
    },
    "2020-06-30": {
        "Diluted EPS": -5.86,
        "Total Revenue": 832,
        "Gross Profit": 180,
        "Operating Income": -650,
        "EBIT": 81,
        "Net Income": -847
    },
    "2020-03-31": {
        "Diluted EPS": -2.5,
        "Total Revenue": NaN,
        "Gross Profit": 682,
        "Operating Income": -203,
        "EBIT": 595,
        "Net Income": -356
    },
    "2019-12-31": {
        "Diluted EPS": -0.61,
        "Total Revenue": NaN,
        "Gross Profit": NaN,
        "Operating Income": 68,
        "EBIT": 867,
        "Net Income": -118
    },
    "2019-09-30": {
        "Diluted EPS": 1.26,
        "Total Revenue": NaN,
        "Gross Profit": NaN,
        "Operating Income": 445,
        "EBIT": NaN,
        "Net Income": 169
    },
    "2019-06-30": {
        "Diluted EPS": 0.4,
        "Total Revenue": NaN,
        "Gross Profit": NaN,
        "Operating Income": 231,
        "EBIT": 979,
        "Net Income": 38
    },
    "2019-03-31": {
        "Diluted EPS": -1.54,
        "Total Revenue": NaN,
        "Gross Profit": 841,
        "Operating Income": 15,
        "EBIT": 721,
        "Net Income": -147
    },
    "2018-12-31": {
        "Diluted EPS": -0.73,
        "Total Revenue": NaN,
        "Gross Profit": 983,
        "Operating Income": 60,
        "EBIT": 720,
        "Net Income": -101
    },
    "2018-09-30": {
        "Diluted EPS": 1.47,
        "Total Revenue": NaN,
        "Gross Profit": NaN,
        "Operating Income": 362,
        "EBIT": NaN,
        "Net Income": 141
    },
    "2018-06-30": {
        "Diluted EPS": -0.66,
        "Total Revenue": NaN,
        "Gross Profit": NaN,
        "Operating Income": 88,
        "EBIT": 821,
        "Net Income": -63
    },
    "2018-03-31": {
        "Diluted EPS": -2.43,
        "Total Revenue": NaN,
        "Gross Profit": 827,
        "Operating Income": -68,
        "EBIT": 644,
        "Net Income": -202
    },
    "2017-12-31": {
        "Diluted EPS": 6.91,
        "Total Revenue": NaN,
        "Gross Profit": 868,
        "Operating Income": -92,
        "EBIT": 612,
        "Net Income": 615
    },
    "2017-09-30": {
        "Diluted EPS": 1.12,
        "Total Revenue": NaN,
        "Gross Profit": NaN,
        "Operating Income": 307,
        "EBIT": NaN,
        "Net Income": 93
    },
    "2017-06-30": {
        "Diluted EPS": -1.9,
        "Total Revenue": NaN,
        "Gross Profit": 969,
        "Operating Income": 3,
        "EBIT": 802,
        "Net Income": -158
    },
    "2017-03-31": {
        "Diluted EPS": -2.69,
        "Total Revenue": NaN,
        "Gross Profit": 784,
        "Operating Income": -137,
        "EBIT": 615,
        "Net Income": -223
    },
    "2016-12-31": {
        "Diluted EPS": -5.23,
        "Total Revenue": NaN,
        "Gross Profit": 854,
        "Operating Income": -312,
        "EBIT": 414,
        "Net Income": -439
    },
    "2016-09-30": {
        "Diluted EPS": 0.49,
        "Total Revenue": NaN,
        "Gross Profit": NaN,
        "Operating Income": 267,
        "EBIT": NaN,
        "Net Income": 42
    },
    "2016-06-30": {
        "Diluted EPS": -0.51,
        "Total Revenue": NaN,
        "Gross Profit": NaN,
        "Operating Income": 140,
        "EBIT": 823,
        "Net Income": -43
    },
    "2016-03-31": {
        "Diluted EPS": -0.6,
        "Total Revenue": NaN,
        "Gross Profit": 825,
        "Operating Income": -16,
        "EBIT": 666,
        "Net Income": -51
    },
    "2015-12-31": {
        "Diluted EPS": 0.01,
        "Total Revenue": NaN,
        "Gross Profit": NaN,
        "Operating Income": 40,
        "EBIT": 676,
        "Net Income": -2
    },
    "2015-09-30": {
        "Diluted EPS": 2.6,
        "Total Revenue": NaN,
        "Gross Profit": NaN,
        "Operating Income": 381,
        "EBIT": NaN,
        "Net Income": 237
    },
    "2015-06-30": {
        "Diluted EPS": 0.39,
        "Total Revenue": NaN,
        "Gross Profit": NaN,
        "Operating Income": 179,
        "EBIT": NaN,
        "Net Income": 36
    },
    "2015-03-31": {
        "Diluted EPS": 0.0,
        "Total Revenue": 401,
        "Gross Profit": 171,
        "Operating Income": 16,
        "EBIT": 119,
        "Net Income": 2
    },
    "2023-09-30": {
        "Tax Effect Of Unusual Items": NaN,
        "Tax Rate For Calcs": NaN,
        "Normalized EBITDA": NaN,
        "Total Unusual Items": NaN,
        "Total Unusual Items Excluding Goodwill": NaN,
        "Net Income From Continuing Operation Net Minority Interest": NaN,
        "Reconciled Depreciation": NaN,
        "Reconciled Cost Of Revenue": NaN,
        "EBITDA": NaN,
        "EBIT": NaN,
        "Net Interest Income": NaN,
        "Interest Expense": NaN,
        "Normalized Income": NaN,
        "Net Income From Continuing And Discontinued Operation": NaN,
        "Total Expenses": NaN,
        "Rent Expense Supplemental": 8000000.0,
        "Diluted Average Shares": NaN,
        "Basic Average Shares": NaN,
        "Diluted EPS": NaN,
        "Basic EPS": NaN,
        "Diluted NI Availto Com Stockholders": NaN,
        "Average Dilution Earnings": -328000000.0,
        "Net Income Common Stockholders": NaN,
        "Net Income": NaN,
        "Net Income Including Noncontrolling Interests": NaN,
        "Net Income Continuous Operations": NaN,
        "Tax Provision": NaN,
        "Pretax Income": NaN,
        "Other Income Expense": NaN,
        "Other Non Operating Income Expenses": NaN,
        "Special Income Charges": NaN,
        "Gain On Sale Of Ppe": NaN,
        "Other Special Charges": NaN,
        "Impairment Of Capital Assets": 0.0,
        "Gain On Sale Of Security": NaN,
        "Net Non Operating Interest Income Expense": NaN,
        "Interest Expense Non Operating": NaN,
        "Operating Income": NaN,
        "Operating Expense": NaN,
        "Selling General And Administration": NaN,
        "Gross Profit": NaN,
        "Cost Of Revenue": NaN,
        "Total Revenue": NaN,
        "Operating Revenue": NaN
    },
    "2023-12-31": {
        "Tax Effect Of Unusual Items": -27352941.176471,
        "Tax Rate For Calcs": 0.294118,
        "Normalized EBITDA": 799000000.0,
        "Total Unusual Items": -93000000.0,
        "Total Unusual Items Excluding Goodwill": -93000000.0,
        "Net Income From Continuing Operation Net Minority Interest": -348000000.0,
        "Reconciled Depreciation": 981000000.0,
        "Reconciled Cost Of Revenue": 2119000000.0,
        "EBITDA": 706000000.0,
        "EBIT": -275000000.0,
        "Net Interest Income": -218000000.0,
        "Interest Expense": 218000000.0,
        "Normalized Income": -282352941.176471,
        "Net Income From Continuing And Discontinued Operation": -348000000.0,
        "Total Expenses": 2366000000.0,
        "Rent Expense Supplemental": NaN,
        "Diluted Average Shares": 306000000.0,
        "Basic Average Shares": 306000000.0,
        "Diluted EPS": -1.14,
        "Basic EPS": -1.14,
        "Diluted NI Availto Com Stockholders": -237000000.0,
        "Average Dilution Earnings": NaN,
        "Net Income Common Stockholders": -348000000.0,
        "Net Income": -348000000.0,
        "Net Income Including Noncontrolling Interests": -348000000.0,
        "Net Income Continuous Operations": -348000000.0,
        "Tax Provision": -145000000.0,
        "Pretax Income": -493000000.0,
        "Other Income Expense": -93000000.0,
        "Other Non Operating Income Expenses": 0.0,
        "Special Income Charges": -146000000.0,
        "Gain On Sale Of Ppe": -146000000.0,
        "Other Special Charges": NaN,
        "Impairment Of Capital Assets": NaN,
        "Gain On Sale Of Security": 53000000.0,
        "Net Non Operating Interest Income Expense": -218000000.0,
        "Interest Expense Non Operating": 218000000.0,
        "Operating Income": -182000000.0,
        "Operating Expense": 247000000.0,
        "Selling General And Administration": 247000000.0,
        "Gross Profit": 65000000.0,
        "Cost Of Revenue": 2119000000.0,
        "Total Revenue": 2184000000.0,
        "Operating Revenue": 2184000000.0
    },
    "2024-03-31": {
        "Tax Effect Of Unusual Items": NaN,
        "Tax Rate For Calcs": NaN,
        "Normalized EBITDA": NaN,
        "Total Unusual Items": NaN,
        "Total Unusual Items Excluding Goodwill": NaN,
        "Net Income From Continuing Operation Net Minority Interest": NaN,
        "Reconciled Depreciation": NaN,
        "Reconciled Cost Of Revenue": NaN,
        "EBITDA": NaN,
        "EBIT": NaN,
        "Net Interest Income": NaN,
        "Interest Expense": NaN,
        "Normalized Income": NaN,
        "Net Income From Continuing And Discontinued Operation": NaN,
        "Total Expenses": NaN,
        "Rent Expense Supplemental": 9000000.0,
        "Diluted Average Shares": NaN,
        "Basic Average Shares": NaN,
        "Diluted EPS": NaN,
        "Basic EPS": NaN,
        "Diluted NI Availto Com Stockholders": NaN,
        "Average Dilution Earnings": 0.0,
        "Net Income Common Stockholders": NaN,
        "Net Income": NaN,
        "Net Income Including Noncontrolling Interests": NaN,
        "Net Income Continuous Operations": NaN,
        "Tax Provision": NaN,
        "Pretax Income": NaN,
        "Other Income Expense": NaN,
        "Other Non Operating Income Expenses": NaN,
        "Special Income Charges": NaN,
        "Gain On Sale Of Ppe": NaN,
        "Other Special Charges": NaN,
        "Impairment Of Capital Assets": NaN,
        "Gain On Sale Of Security": NaN,
        "Net Non Operating Interest Income Expense": NaN,
        "Interest Expense Non Operating": NaN,
        "Operating Income": NaN,
        "Operating Expense": NaN,
        "Selling General And Administration": NaN,
        "Gross Profit": NaN,
        "Cost Of Revenue": NaN,
        "Total Revenue": NaN,
        "Operating Revenue": NaN
    },
    "2024-06-30": {
        "Tax Effect Of Unusual Items": -3570000.0,
        "Tax Rate For Calcs": 0.21,
        "Normalized EBITDA": 946000000.0,
        "Total Unusual Items": -17000000.0,
        "Total Unusual Items Excluding Goodwill": -17000000.0,
        "Net Income From Continuing Operation Net Minority Interest": -865000000.0,
        "Reconciled Depreciation": 1165000000.0,
        "Reconciled Cost Of Revenue": 2334000000.0,
        "EBITDA": 929000000.0,
        "EBIT": -236000000.0,
        "Net Interest Income": -237000000.0,
        "Interest Expense": 237000000.0,
        "Normalized Income": -851570000.0,
        "Net Income From Continuing And Discontinued Operation": -865000000.0,
        "Total Expenses": 2577000000.0,
        "Rent Expense Supplemental": 9000000.0,
        "Diluted Average Shares": 306000000.0,
        "Basic Average Shares": 306000000.0,
        "Diluted EPS": -2.82,
        "Basic EPS": -2.82,
        "Diluted NI Availto Com Stockholders": -865000000.0,
        "Average Dilution Earnings": NaN,
        "Net Income Common Stockholders": -865000000.0,
        "Net Income": -865000000.0,
        "Net Income Including Noncontrolling Interests": -865000000.0,
        "Net Income Continuous Operations": -865000000.0,
        "Tax Provision": 392000000.0,
        "Pretax Income": -473000000.0,
        "Other Income Expense": -12000000.0,
        "Other Non Operating Income Expenses": 5000000.0,
        "Special Income Charges": -182000000.0,
        "Gain On Sale Of Ppe": -182000000.0,
        "Other Special Charges": NaN,
        "Impairment Of Capital Assets": NaN,
        "Gain On Sale Of Security": 165000000.0,
        "Net Non Operating Interest Income Expense": -237000000.0,
        "Interest Expense Non Operating": 237000000.0,
        "Operating Income": -224000000.0,
        "Operating Expense": 243000000.0,
        "Selling General And Administration": 243000000.0,
        "Gross Profit": 19000000.0,
        "Cost Of Revenue": 2334000000.0,
        "Total Revenue": 2353000000.0,
        "Operating Revenue": 2353000000.0
    },
    "2024-09-30": {
        "Tax Effect Of Unusual Items": -254160000.0,
        "Tax Rate For Calcs": 0.18,
        "Normalized EBITDA": 1097000000.0,
        "Total Unusual Items": -1412000000.0,
        "Total Unusual Items Excluding Goodwill": -1412000000.0,
        "Net Income From Continuing Operation Net Minority Interest": -1332000000.0,
        "Reconciled Depreciation": 1059000000.0,
        "Reconciled Cost Of Revenue": 2344000000.0,
        "EBITDA": -315000000.0,
        "EBIT": -1374000000.0,
        "Net Interest Income": -246000000.0,
        "Interest Expense": 246000000.0,
        "Normalized Income": -174160000.0,
        "Net Income From Continuing And Discontinued Operation": -1332000000.0,
        "Total Expenses": 2533000000.0,
        "Rent Expense Supplemental": 13000000.0,
        "Diluted Average Shares": 307000000.0,
        "Basic Average Shares": 307000000.0,
        "Diluted EPS": -4.34,
        "Basic EPS": -4.34,
        "Diluted NI Availto Com Stockholders": -1332000000.0,
        "Average Dilution Earnings": 0.0,
        "Net Income Common Stockholders": -1332000000.0,
        "Net Income": -1332000000.0,
        "Net Income Including Noncontrolling Interests": -1332000000.0,
        "Net Income Continuous Operations": -1332000000.0,
        "Tax Provision": -288000000.0,
        "Pretax Income": -1620000000.0,
        "Other Income Expense": -1417000000.0,
        "Other Non Operating Income Expenses": -5000000.0,
        "Special Income Charges": -1433000000.0,
        "Gain On Sale Of Ppe": -97000000.0,
        "Other Special Charges": 288000000.0,
        "Impairment Of Capital Assets": 1048000000.0,
        "Gain On Sale Of Security": 21000000.0,
        "Net Non Operating Interest Income Expense": -246000000.0,
        "Interest Expense Non Operating": 246000000.0,
        "Operating Income": 43000000.0,
        "Operating Expense": 189000000.0,
        "Selling General And Administration": 189000000.0,
        "Gross Profit": 232000000.0,
        "Cost Of Revenue": 2344000000.0,
        "Total Revenue": 2576000000.0,
        "Operating Revenue": 2576000000.0
    },
    "2024-12-31": {
        "Tax Effect Of Unusual Items": 82657193.605684,
        "Tax Rate For Calcs": 0.149201,
        "Normalized EBITDA": -61000000.0,
        "Total Unusual Items": 554000000.0,
        "Total Unusual Items Excluding Goodwill": 554000000.0,
        "Net Income From Continuing Operation Net Minority Interest": -479000000.0,
        "Reconciled Depreciation": 796000000.0,
        "Reconciled Cost Of Revenue": 2670000000.0,
        "EBITDA": 493000000.0,
        "EBIT": -303000000.0,
        "Net Interest Income": -260000000.0,
        "Interest Expense": 260000000.0,
        "Normalized Income": -950342806.394316,
        "Net Income From Continuing And Discontinued Operation": -479000000.0,
        "Total Expenses": 2895000000.0,
        "Rent Expense Supplemental": NaN,
        "Diluted Average Shares": 307000000.0,
        "Basic Average Shares": 307000000.0,
        "Diluted EPS": -1.56,
        "Basic EPS": -1.56,
        "Diluted NI Availto Com Stockholders": -479000000.0,
        "Average Dilution Earnings": NaN,
        "Net Income Common Stockholders": -479000000.0,
        "Net Income": -479000000.0,
        "Net Income Including Noncontrolling Interests": -479000000.0,
        "Net Income Continuous Operations": -479000000.0,
        "Tax Provision": -84000000.0,
        "Pretax Income": -563000000.0,
        "Other Income Expense": 552000000.0,
        "Other Non Operating Income Expenses": -2000000.0,
        "Special Income Charges": 551000000.0,
        "Gain On Sale Of Ppe": 555000000.0,
        "Other Special Charges": 4000000.0,
        "Impairment Of Capital Assets": 0.0,
        "Gain On Sale Of Security": 3000000.0,
        "Net Non Operating Interest Income Expense": -260000000.0,
        "Interest Expense Non Operating": 260000000.0,
        "Operating Income": -855000000.0,
        "Operating Expense": 225000000.0,
        "Selling General And Administration": 225000000.0,
        "Gross Profit": -630000000.0,
        "Cost Of Revenue": 2670000000.0,
        "Total Revenue": 2040000000.0,
        "Operating Revenue": 2040000000.0
    },
    "2025-03-31": {
        "Tax Effect Of Unusual Items": -10880000.0,
        "Tax Rate For Calcs": 0.16,
        "Normalized EBITDA": 464000000.0,
        "Total Unusual Items": -68000000.0,
        "Total Unusual Items Excluding Goodwill": -68000000.0,
        "Net Income From Continuing Operation Net Minority Interest": -443000000.0,
        "Reconciled Depreciation": 654000000.0,
        "Reconciled Cost Of Revenue": 1780000000.0,
        "EBITDA": 396000000.0,
        "EBIT": -258000000.0,
        "Net Interest Income": -267000000.0,
        "Interest Expense": 267000000.0,
        "Normalized Income": -385880000.0,
        "Net Income From Continuing And Discontinued Operation": -443000000.0,
        "Total Expenses": 1999000000.0,
        "Rent Expense Supplemental": 10000000.0,
        "Diluted Average Shares": 307000000.0,
        "Basic Average Shares": 307000000.0,
        "Diluted EPS": -1.44,
        "Basic EPS": -1.44,
        "Diluted NI Availto Com Stockholders": -443000000.0,
        "Average Dilution Earnings": NaN,
        "Net Income Common Stockholders": -443000000.0,
        "Net Income": -443000000.0,
        "Net Income Including Noncontrolling Interests": -443000000.0,
        "Net Income Continuous Operations": -443000000.0,
        "Tax Provision": -82000000.0,
        "Pretax Income": -525000000.0,
        "Other Income Expense": -72000000.0,
        "Other Non Operating Income Expenses": -4000000.0,
        "Special Income Charges": -59000000.0,
        "Gain On Sale Of Ppe": -59000000.0,
        "Other Special Charges": NaN,
        "Impairment Of Capital Assets": NaN,
        "Gain On Sale Of Security": -9000000.0,
        "Net Non Operating Interest Income Expense": -267000000.0,
        "Interest Expense Non Operating": 267000000.0,
        "Operating Income": -186000000.0,
        "Operating Expense": 219000000.0,
        "Selling General And Administration": 219000000.0,
        "Gross Profit": 33000000.0,
        "Cost Of Revenue": 1780000000.0,
        "Total Revenue": 1813000000.0,
        "Operating Revenue": 1813000000.0
    },
    "2025-06-30": {
        "Tax Effect Of Unusual Items": 835443.037975,
        "Tax Rate For Calcs": 0.06962,
        "Normalized EBITDA": 543000000.0,
        "Total Unusual Items": 12000000.0,
        "Total Unusual Items Excluding Goodwill": 12000000.0,
        "Net Income From Continuing Operation Net Minority Interest": -294000000.0,
        "Reconciled Depreciation": 487000000.0,
        "Reconciled Cost Of Revenue": 1876000000.0,
        "EBITDA": 555000000.0,
        "EBIT": 68000000.0,
        "Net Interest Income": -384000000.0,
        "Interest Expense": 384000000.0,
        "Normalized Income": -305164556.962025,
        "Net Income From Continuing And Discontinued Operation": -294000000.0,
        "Total Expenses": 2122000000.0,
        "Rent Expense Supplemental": 22000000.0,
        "Diluted Average Shares": 309000000.0,
        "Basic Average Shares": 309000000.0,
        "Diluted EPS": -0.95,
        "Basic EPS": -0.95,
        "Diluted NI Availto Com Stockholders": -294000000.0,
        "Average Dilution Earnings": NaN,
        "Net Income Common Stockholders": -294000000.0,
        "Net Income": -294000000.0,
        "Net Income Including Noncontrolling Interests": -294000000.0,
        "Net Income Continuous Operations": -294000000.0,
        "Tax Provision": -22000000.0,
        "Pretax Income": -316000000.0,
        "Other Income Expense": 5000000.0,
        "Other Non Operating Income Expenses": -7000000.0,
        "Special Income Charges": 127000000.0,
        "Gain On Sale Of Ppe": 127000000.0,
        "Other Special Charges": NaN,
        "Impairment Of Capital Assets": NaN,
        "Gain On Sale Of Security": -115000000.0,
        "Net Non Operating Interest Income Expense": -384000000.0,
        "Interest Expense Non Operating": 384000000.0,
        "Operating Income": 63000000.0,
        "Operating Expense": 246000000.0,
        "Selling General And Administration": 246000000.0,
        "Gross Profit": 309000000.0,
        "Cost Of Revenue": 1876000000.0,
        "Total Revenue": 2185000000.0,
        "Operating Revenue": 2185000000.0
    }
}