{
    "2023-06-30": {
        "Tax Effect Of Unusual Items": 0.0,
        "Tax Rate For Calcs": 0.0,
        "Normalized EBITDA": -1241513.0,
        "Total Unusual Items": -3141425.0,
        "Total Unusual Items Excluding Goodwill": -3141425.0,
        "Net Income From Continuing Operation Net Minority Interest": -5490293.0,
        "Reconciled Depreciation": 1107355.0,
        "EBITDA": -4382938.0,
        "EBIT": -5490293.0,
        "Net Interest Income": 186163.0,
        "Interest Expense": 0.0,
        "Interest Income": 186163.0,
        "Normalized Income": -2348868.0,
        "Net Income From Continuing And Discontinued Operation": -5490293.0,
        "Total Expenses": 5461953.0,
        "Total Operating Income As Reported": -8831520.0,
        "Diluted Average Shares": 39234204.0,
        "Basic Average Shares": 39234204.0,
        "Diluted EPS": -0.14,
        "Basic EPS": -0.14,
        "Diluted NI Availto Com Stockholders": -5490293.0,
        "Net Income Common Stockholders": -5490293.0,
        "Net Income": -5490293.0,
        "Minority Interests": NaN,
        "Net Income Including Noncontrolling Interests": -5490293.0,
        "Net Income Discontinuous Operations": 0.0,
        "Net Income Continuous Operations": -5490293.0,
        "Pretax Income": -5490293.0,
        "Other Income Expense": -214503.0,
        "Other Non Operating Income Expenses": 2926922.0,
        "Special Income Charges": -3839523.0,
        "Other Special Charges": NaN,
        "Write Off": NaN,
        "Impairment Of Capital Assets": 3839523.0,
        "Gain On Sale Of Security": 698098.0,
        "Net Non Operating Interest Income Expense": 186163.0,
        "Total Other Finance Cost": NaN,
        "Interest Expense Non Operating": 0.0,
        "Interest Income Non Operating": 186163.0,
        "Operating Income": -5461953.0,
        "Operating Expense": 5461953.0,
        "Depreciation Amortization Depletion Income Statement": 1107318.0,
        "Depreciation And Amortization In Income Statement": 1107318.0,
        "Research And Development": 1610528.0,
        "Selling General And Administration": 2744107.0,
        "General And Administrative Expense": 2744107.0,
        "Other Gand A": 1874815.0,
        "Salaries And Wages": 869292.0,
        "Total Revenue": 0.0,
        "Operating Revenue": 0.0
    },
    "2023-03-31": {
        "Tax Effect Of Unusual Items": 0.0,
        "Tax Rate For Calcs": 0.0,
        "Normalized EBITDA": -7896615.0,
        "Total Unusual Items": -930276.0,
        "Total Unusual Items Excluding Goodwill": -930276.0,
        "Net Income From Continuing Operation Net Minority Interest": -9957529.0,
        "Reconciled Depreciation": 1129934.0,
        "EBITDA": -8826891.0,
        "EBIT": -9956862.0,
        "Net Interest Income": 271674.0,
        "Interest Expense": 667.0,
        "Interest Income": 272341.0,
        "Normalized Income": -9027253.0,
        "Net Income From Continuing And Discontinued Operation": -9957529.0,
        "Total Expenses": 9298927.0,
        "Total Operating Income As Reported": -9844975.0,
        "Diluted Average Shares": 38962415.0,
        "Basic Average Shares": 38962415.0,
        "Diluted EPS": -0.26,
        "Basic EPS": -0.26,
        "Diluted NI Availto Com Stockholders": -9957529.0,
        "Net Income Common Stockholders": -9957529.0,
        "Net Income": -9957529.0,
        "Minority Interests": 0.0,
        "Net Income Including Noncontrolling Interests": -9957529.0,
        "Net Income Discontinuous Operations": 0.0,
        "Net Income Continuous Operations": -9957529.0,
        "Pretax Income": -9957529.0,
        "Other Income Expense": -930276.0,
        "Other Non Operating Income Expenses": NaN,
        "Special Income Charges": -480096.0,
        "Other Special Charges": NaN,
        "Write Off": 480096.0,
        "Impairment Of Capital Assets": 480096.0,
        "Gain On Sale Of Security": -450180.0,
        "Net Non Operating Interest Income Expense": 271674.0,
        "Total Other Finance Cost": NaN,
        "Interest Expense Non Operating": 667.0,
        "Interest Income Non Operating": 272341.0,
        "Operating Income": -9298927.0,
        "Operating Expense": 9298927.0,
        "Depreciation Amortization Depletion Income Statement": 1129971.0,
        "Depreciation And Amortization In Income Statement": 1129971.0,
        "Research And Development": 2311596.0,
        "Selling General And Administration": 5857360.0,
        "General And Administrative Expense": 5857360.0,
        "Other Gand A": 2020798.0,
        "Salaries And Wages": 3836562.0,
        "Total Revenue": 0.0,
        "Operating Revenue": 0.0
    },
    "2022-12-31": {
        "Tax Effect Of Unusual Items": NaN,
        "Tax Rate For Calcs": NaN,
        "Normalized EBITDA": NaN,
        "Total Unusual Items": NaN,
        "Total Unusual Items Excluding Goodwill": NaN,
        "Net Income From Continuing Operation Net Minority Interest": NaN,
        "Reconciled Depreciation": NaN,
        "EBITDA": NaN,
        "EBIT": NaN,
        "Net Interest Income": NaN,
        "Interest Expense": 135.0,
        "Interest Income": NaN,
        "Normalized Income": NaN,
        "Net Income From Continuing And Discontinued Operation": NaN,
        "Total Expenses": NaN,
        "Total Operating Income As Reported": NaN,
        "Diluted Average Shares": NaN,
        "Basic Average Shares": NaN,
        "Diluted EPS": NaN,
        "Basic EPS": NaN,
        "Diluted NI Availto Com Stockholders": NaN,
        "Net Income Common Stockholders": NaN,
        "Net Income": NaN,
        "Minority Interests": NaN,
        "Net Income Including Noncontrolling Interests": NaN,
        "Net Income Discontinuous Operations": 0.0,
        "Net Income Continuous Operations": NaN,
        "Pretax Income": NaN,
        "Other Income Expense": NaN,
        "Other Non Operating Income Expenses": -506.0,
        "Special Income Charges": NaN,
        "Other Special Charges": NaN,
        "Write Off": NaN,
        "Impairment Of Capital Assets": NaN,
        "Gain On Sale Of Security": NaN,
        "Net Non Operating Interest Income Expense": NaN,
        "Total Other Finance Cost": NaN,
        "Interest Expense Non Operating": 135.0,
        "Interest Income Non Operating": NaN,
        "Operating Income": NaN,
        "Operating Expense": NaN,
        "Depreciation Amortization Depletion Income Statement": NaN,
        "Depreciation And Amortization In Income Statement": NaN,
        "Research And Development": NaN,
        "Selling General And Administration": NaN,
        "General And Administrative Expense": NaN,
        "Other Gand A": NaN,
        "Salaries And Wages": NaN,
        "Total Revenue": NaN,
        "Operating Revenue": NaN
    },
    "2022-09-30": {
        "Tax Effect Of Unusual Items": NaN,
        "Tax Rate For Calcs": NaN,
        "Normalized EBITDA": NaN,
        "Total Unusual Items": NaN,
        "Total Unusual Items Excluding Goodwill": NaN,
        "Net Income From Continuing Operation Net Minority Interest": NaN,
        "Reconciled Depreciation": NaN,
        "EBITDA": NaN,
        "EBIT": NaN,
        "Net Interest Income": NaN,
        "Interest Expense": NaN,
        "Interest Income": NaN,
        "Normalized Income": NaN,
        "Net Income From Continuing And Discontinued Operation": NaN,
        "Total Expenses": NaN,
        "Total Operating Income As Reported": NaN,
        "Diluted Average Shares": 38206030.0,
        "Basic Average Shares": 38206030.0,
        "Diluted EPS": -0.19,
        "Basic EPS": -0.19,
        "Diluted NI Availto Com Stockholders": NaN,
        "Net Income Common Stockholders": NaN,
        "Net Income": NaN,
        "Minority Interests": NaN,
        "Net Income Including Noncontrolling Interests": NaN,
        "Net Income Discontinuous Operations": NaN,
        "Net Income Continuous Operations": NaN,
        "Pretax Income": NaN,
        "Other Income Expense": NaN,
        "Other Non Operating Income Expenses": 37234.0,
        "Special Income Charges": NaN,
        "Other Special Charges": NaN,
        "Write Off": NaN,
        "Impairment Of Capital Assets": 0.0,
        "Gain On Sale Of Security": NaN,
        "Net Non Operating Interest Income Expense": NaN,
        "Total Other Finance Cost": NaN,
        "Interest Expense Non Operating": NaN,
        "Interest Income Non Operating": NaN,
        "Operating Income": NaN,
        "Operating Expense": NaN,
        "Depreciation Amortization Depletion Income Statement": NaN,
        "Depreciation And Amortization In Income Statement": NaN,
        "Research And Development": NaN,
        "Selling General And Administration": NaN,
        "General And Administrative Expense": NaN,
        "Other Gand A": NaN,
        "Salaries And Wages": NaN,
        "Total Revenue": NaN,
        "Operating Revenue": NaN
    },
    "2022-06-30": {
        "Tax Effect Of Unusual Items": 0.0,
        "Tax Rate For Calcs": 0.0,
        "Normalized EBITDA": -6730567.0,
        "Total Unusual Items": -85467.0,
        "Total Unusual Items Excluding Goodwill": -85467.0,
        "Net Income From Continuing Operation Net Minority Interest": -7965505.0,
        "Reconciled Depreciation": 1133218.0,
        "EBITDA": -6816034.0,
        "EBIT": -7949252.0,
        "Net Interest Income": -14035.0,
        "Interest Expense": 16253.0,
        "Interest Income": 2218.0,
        "Normalized Income": -7880038.0,
        "Net Income From Continuing And Discontinued Operation": -4424165.0,
        "Total Expenses": 7866003.0,
        "Total Operating Income As Reported": -7866003.0,
        "Diluted Average Shares": 38479330.0,
        "Basic Average Shares": 38479330.0,
        "Diluted EPS": -0.12,
        "Basic EPS": -0.12,
        "Diluted NI Availto Com Stockholders": -4424165.0,
        "Net Income Common Stockholders": -4424165.0,
        "Net Income": -4424165.0,
        "Net Income Including Noncontrolling Interests": -4424165.0,
        "Net Income Discontinuous Operations": 3541340.0,
        "Net Income Continuous Operations": -7965505.0,
        "Pretax Income": -7965505.0,
        "Other Income Expense": -85467.0,
        "Other Non Operating Income Expenses": NaN,
        "Special Income Charges": NaN,
        "Impairment Of Capital Assets": NaN,
        "Gain On Sale Of Security": -85467.0,
        "Net Non Operating Interest Income Expense": -14035.0,
        "Interest Expense Non Operating": 16253.0,
        "Interest Income Non Operating": 2218.0,
        "Operating Income": -7866003.0,
        "Operating Expense": 7866003.0,
        "Depreciation Amortization Depletion Income Statement": 1132364.0,
        "Depreciation And Amortization In Income Statement": 1132364.0,
        "Research And Development": 1412104.0,
        "Selling General And Administration": 5321535.0,
        "General And Administrative Expense": 5321535.0,
        "Other Gand A": 4966529.0,
        "Salaries And Wages": 355006.0,
        "Total Revenue": 0.0,
        "Operating Revenue": 0.0
    },
    "2022-03-31": {
        "Diluted EPS": -0.15,
        "Total Revenue": NaN,
        "Gross Profit": NaN,
        "Operating Income": -6,
        "EBIT": -5,
        "Net Income": -6
    },
    "2021-12-31": {
        "Diluted EPS": -0.13,
        "Total Revenue": NaN,
        "Gross Profit": NaN,
        "Operating Income": -6,
        "EBIT": -5,
        "Net Income": -6
    },
    "2021-09-30": {
        "Diluted EPS": -0.15,
        "Total Revenue": NaN,
        "Gross Profit": NaN,
        "Operating Income": -5,
        "EBIT": -4,
        "Net Income": -6
    },
    "2021-06-30": {
        "Diluted EPS": -0.36,
        "Total Revenue": NaN,
        "Gross Profit": NaN,
        "Operating Income": -13,
        "EBIT": -12,
        "Net Income": -13
    },
    "2021-03-31": {
        "Diluted EPS": -0.37,
        "Total Revenue": NaN,
        "Gross Profit": NaN,
        "Operating Income": -10,
        "EBIT": -9,
        "Net Income": -10
    },
    "2020-12-31": {
        "Diluted EPS": 0.07,
        "Total Revenue": NaN,
        "Gross Profit": NaN,
        "Operating Income": -6,
        "EBIT": -5,
        "Net Income": -4
    },
    "2020-09-30": {
        "Diluted EPS": -1.07,
        "Total Revenue": NaN,
        "Gross Profit": NaN,
        "Operating Income": -13,
        "EBIT": -12,
        "Net Income": -14
    },
    "2020-06-30": {
        "Diluted EPS": -0.49,
        "Total Revenue": NaN,
        "Gross Profit": NaN,
        "Operating Income": -5,
        "EBIT": -4,
        "Net Income": -4
    },
    "2020-03-31": {
        "Diluted EPS": -1.15,
        "Total Revenue": NaN,
        "Gross Profit": NaN,
        "Operating Income": -7,
        "EBIT": -6,
        "Net Income": -9
    },
    "2019-12-31": {
        "Diluted EPS": -2.09,
        "Total Revenue": NaN,
        "Gross Profit": NaN,
        "Operating Income": -4,
        "EBIT": -3,
        "Net Income": -14
    },
    "2019-09-30": {
        "Diluted EPS": -1.67,
        "Total Revenue": 0,
        "Gross Profit": -1,
        "Operating Income": -8,
        "EBIT": -7,
        "Net Income": -13
    },
    "2019-06-30": {
        "Diluted EPS": -1.5,
        "Total Revenue": 0,
        "Gross Profit": 0,
        "Operating Income": -8,
        "EBIT": -8,
        "Net Income": -11
    },
    "2019-03-31": {
        "Diluted EPS": -0.3,
        "Total Revenue": 0,
        "Gross Profit": 0,
        "Operating Income": -3,
        "EBIT": -3,
        "Net Income": -2
    },
    "2018-12-31": {
        "Diluted EPS": 0.0,
        "Total Revenue": NaN,
        "Gross Profit": NaN,
        "Operating Income": NaN,
        "EBIT": NaN,
        "Net Income": NaN
    },
    "2023-09-30": {
        "Tax Effect Of Unusual Items": 0.0,
        "Tax Rate For Calcs": 0.0,
        "Normalized EBITDA": -3159203.0,
        "Total Unusual Items": -5864.0,
        "Total Unusual Items Excluding Goodwill": -5864.0,
        "Net Income From Continuing Operation Net Minority Interest": -1131200.0,
        "Reconciled Depreciation": 146810.0,
        "EBITDA": -3165067.0,
        "EBIT": -3311877.0,
        "Net Interest Income": 174448.0,
        "Interest Expense": NaN,
        "Interest Income": 174068.0,
        "Normalized Income": -1125336.0,
        "Net Income From Continuing And Discontinued Operation": -1131200.0,
        "Total Expenses": 3311877.0,
        "Total Operating Income As Reported": -3311877.0,
        "Diluted Average Shares": 39192560.0,
        "Basic Average Shares": 39192560.0,
        "Diluted EPS": -0.03,
        "Basic EPS": -0.03,
        "Diluted NI Availto Com Stockholders": -1131200.0,
        "Net Income Common Stockholders": -1131200.0,
        "Net Income": -1131200.0,
        "Minority Interests": NaN,
        "Net Income Including Noncontrolling Interests": -1131200.0,
        "Net Income Discontinuous Operations": 0.0,
        "Net Income Continuous Operations": -1131200.0,
        "Pretax Income": -1131200.0,
        "Other Income Expense": 2006229.0,
        "Other Non Operating Income Expenses": 2012093.0,
        "Special Income Charges": 0.0,
        "Other Special Charges": NaN,
        "Write Off": NaN,
        "Impairment Of Capital Assets": 0.0,
        "Gain On Sale Of Security": -5864.0,
        "Net Non Operating Interest Income Expense": 174448.0,
        "Total Other Finance Cost": -380.0,
        "Interest Expense Non Operating": NaN,
        "Interest Income Non Operating": 174068.0,
        "Operating Income": -3311877.0,
        "Operating Expense": 3311877.0,
        "Depreciation Amortization Depletion Income Statement": 146810.0,
        "Depreciation And Amortization In Income Statement": 146810.0,
        "Research And Development": -32985.0,
        "Selling General And Administration": 3198052.0,
        "General And Administrative Expense": 3198052.0,
        "Other Gand A": 3071889.0,
        "Salaries And Wages": 126163.0,
        "Total Revenue": 0.0,
        "Operating Revenue": 0.0
    },
    "2023-12-31": {
        "Tax Effect Of Unusual Items": 0.0,
        "Tax Rate For Calcs": 0.0,
        "Normalized EBITDA": -1625353.0,
        "Total Unusual Items": 96016.0,
        "Total Unusual Items Excluding Goodwill": 96016.0,
        "Net Income From Continuing Operation Net Minority Interest": -1323157.0,
        "Reconciled Depreciation": 122217.0,
        "EBITDA": -1529337.0,
        "EBIT": -1651554.0,
        "Net Interest Income": 153779.0,
        "Interest Expense": 12.0,
        "Interest Income": 153791.0,
        "Normalized Income": -1419173.0,
        "Net Income From Continuing And Discontinued Operation": -1323157.0,
        "Total Expenses": 1901361.0,
        "Total Operating Income As Reported": -1801126.0,
        "Diluted Average Shares": NaN,
        "Basic Average Shares": NaN,
        "Diluted EPS": NaN,
        "Basic EPS": NaN,
        "Diluted NI Availto Com Stockholders": -1323157.0,
        "Net Income Common Stockholders": -1323157.0,
        "Net Income": -1323157.0,
        "Minority Interests": NaN,
        "Net Income Including Noncontrolling Interests": -1651566.0,
        "Net Income Discontinuous Operations": 0.0,
        "Net Income Continuous Operations": -1651566.0,
        "Pretax Income": -1651566.0,
        "Other Income Expense": 96016.0,
        "Other Non Operating Income Expenses": 0.0,
        "Special Income Charges": -236186.0,
        "Other Special Charges": NaN,
        "Write Off": NaN,
        "Impairment Of Capital Assets": 236186.0,
        "Gain On Sale Of Security": 332202.0,
        "Net Non Operating Interest Income Expense": 153779.0,
        "Total Other Finance Cost": NaN,
        "Interest Expense Non Operating": 12.0,
        "Interest Income Non Operating": 153791.0,
        "Operating Income": -1901361.0,
        "Operating Expense": 1901361.0,
        "Depreciation Amortization Depletion Income Statement": 122217.0,
        "Depreciation And Amortization In Income Statement": 122217.0,
        "Research And Development": -29961.0,
        "Selling General And Administration": 1809105.0,
        "General And Administrative Expense": 1809105.0,
        "Other Gand A": -145366.0,
        "Salaries And Wages": 1954471.0,
        "Total Revenue": 0.0,
        "Operating Revenue": 0.0
    },
    "2024-03-31": {
        "Tax Effect Of Unusual Items": 0.0,
        "Tax Rate For Calcs": 0.0,
        "Normalized EBITDA": -1960548.0,
        "Total Unusual Items": 1678.0,
        "Total Unusual Items Excluding Goodwill": 1678.0,
        "Net Income From Continuing Operation Net Minority Interest": -1903375.0,
        "Reconciled Depreciation": 120141.0,
        "EBITDA": -1958870.0,
        "EBIT": -2079011.0,
        "Net Interest Income": 160110.0,
        "Interest Expense": 12414.0,
        "Interest Income": 172524.0,
        "Normalized Income": -1905053.0,
        "Net Income From Continuing And Discontinued Operation": -1903375.0,
        "Total Expenses": 2253213.0,
        "Total Operating Income As Reported": -2257356.0,
        "Diluted Average Shares": 39652306.0,
        "Basic Average Shares": 39652306.0,
        "Diluted EPS": -0.05,
        "Basic EPS": -0.05,
        "Diluted NI Availto Com Stockholders": -1903375.0,
        "Net Income Common Stockholders": -1903375.0,
        "Net Income": -1903375.0,
        "Minority Interests": 188050.0,
        "Net Income Including Noncontrolling Interests": -2091425.0,
        "Net Income Discontinuous Operations": NaN,
        "Net Income Continuous Operations": -2091425.0,
        "Pretax Income": -2091425.0,
        "Other Income Expense": 1678.0,
        "Other Non Operating Income Expenses": NaN,
        "Special Income Charges": -17476.0,
        "Other Special Charges": 17476.0,
        "Write Off": 0.0,
        "Impairment Of Capital Assets": NaN,
        "Gain On Sale Of Security": 19154.0,
        "Net Non Operating Interest Income Expense": 160110.0,
        "Total Other Finance Cost": NaN,
        "Interest Expense Non Operating": 12414.0,
        "Interest Income Non Operating": 172524.0,
        "Operating Income": -2253213.0,
        "Operating Expense": 2253213.0,
        "Depreciation Amortization Depletion Income Statement": 120141.0,
        "Depreciation And Amortization In Income Statement": 120141.0,
        "Research And Development": 160260.0,
        "Selling General And Administration": 1972812.0,
        "General And Administrative Expense": 1972812.0,
        "Other Gand A": 1535617.0,
        "Salaries And Wages": 437195.0,
        "Total Revenue": 0.0,
        "Operating Revenue": 0.0
    }
}