{
    "2023-03-31": {
        "Tax Effect Of Unusual Items": 0.0,
        "Tax Rate For Calcs": 0.0,
        "Normalized EBITDA": -18964000.0,
        "Total Unusual Items": -14233000.0,
        "Total Unusual Items Excluding Goodwill": -14233000.0,
        "Net Income From Continuing Operation Net Minority Interest": -36969000.0,
        "Reconciled Depreciation": 2073000.0,
        "EBITDA": -33197000.0,
        "EBIT": -35270000.0,
        "Net Interest Income": -224000.0,
        "Interest Expense": 1699000.0,
        "Interest Income": 1475000.0,
        "Normalized Income": -22736000.0,
        "Net Income From Continuing And Discontinued Operation": -36969000.0,
        "Total Expenses": 22512000.0,
        "Total Operating Income As Reported": -22512000.0,
        "Diluted Average Shares": 103263528.0,
        "Basic Average Shares": 103263528.0,
        "Diluted EPS": -0.36,
        "Basic EPS": -0.36,
        "Diluted NI Availto Com Stockholders": -36969000.0,
        "Net Income Common Stockholders": -36969000.0,
        "Net Income": -36969000.0,
        "Net Income Including Noncontrolling Interests": -36969000.0,
        "Net Income Continuous Operations": -36969000.0,
        "Pretax Income": -36969000.0,
        "Other Income Expense": -14233000.0,
        "Special Income Charges": -14191000.0,
        "Other Special Charges": NaN,
        "Restructuring And Mergern Acquisition": 14191000.0,
        "Gain On Sale Of Security": -42000.0,
        "Net Non Operating Interest Income Expense": -224000.0,
        "Interest Expense Non Operating": 1699000.0,
        "Interest Income Non Operating": 1475000.0,
        "Operating Income": -22512000.0,
        "Operating Expense": 22512000.0,
        "Other Operating Expenses": NaN,
        "Research And Development": 17278000.0,
        "Selling General And Administration": 5234000.0,
        "General And Administrative Expense": 5234000.0,
        "Other Gand A": 5234000.0,
        "Salaries And Wages": NaN,
        "Total Revenue": 0.0,
        "Operating Revenue": 0.0
    },
    "2022-12-31": {
        "Tax Effect Of Unusual Items": NaN,
        "Tax Rate For Calcs": NaN,
        "Normalized EBITDA": NaN,
        "Total Unusual Items": NaN,
        "Total Unusual Items Excluding Goodwill": NaN,
        "Net Income From Continuing Operation Net Minority Interest": NaN,
        "Reconciled Depreciation": NaN,
        "EBITDA": NaN,
        "EBIT": NaN,
        "Net Interest Income": NaN,
        "Interest Expense": NaN,
        "Interest Income": NaN,
        "Normalized Income": NaN,
        "Net Income From Continuing And Discontinued Operation": NaN,
        "Total Expenses": NaN,
        "Total Operating Income As Reported": NaN,
        "Diluted Average Shares": NaN,
        "Basic Average Shares": NaN,
        "Diluted EPS": NaN,
        "Basic EPS": NaN,
        "Diluted NI Availto Com Stockholders": NaN,
        "Net Income Common Stockholders": NaN,
        "Net Income": NaN,
        "Net Income Including Noncontrolling Interests": NaN,
        "Net Income Continuous Operations": NaN,
        "Pretax Income": NaN,
        "Other Income Expense": NaN,
        "Special Income Charges": NaN,
        "Other Special Charges": NaN,
        "Restructuring And Mergern Acquisition": NaN,
        "Gain On Sale Of Security": NaN,
        "Net Non Operating Interest Income Expense": NaN,
        "Interest Expense Non Operating": NaN,
        "Interest Income Non Operating": NaN,
        "Operating Income": NaN,
        "Operating Expense": NaN,
        "Other Operating Expenses": 0.0,
        "Research And Development": NaN,
        "Selling General And Administration": NaN,
        "General And Administrative Expense": NaN,
        "Other Gand A": NaN,
        "Salaries And Wages": NaN,
        "Total Revenue": NaN,
        "Operating Revenue": NaN
    },
    "2022-09-30": {
        "Tax Effect Of Unusual Items": NaN,
        "Tax Rate For Calcs": NaN,
        "Normalized EBITDA": NaN,
        "Total Unusual Items": NaN,
        "Total Unusual Items Excluding Goodwill": NaN,
        "Net Income From Continuing Operation Net Minority Interest": NaN,
        "Reconciled Depreciation": NaN,
        "EBITDA": NaN,
        "EBIT": NaN,
        "Net Interest Income": NaN,
        "Interest Expense": NaN,
        "Interest Income": NaN,
        "Normalized Income": NaN,
        "Net Income From Continuing And Discontinued Operation": NaN,
        "Total Expenses": NaN,
        "Total Operating Income As Reported": NaN,
        "Diluted Average Shares": NaN,
        "Basic Average Shares": NaN,
        "Diluted EPS": NaN,
        "Basic EPS": NaN,
        "Diluted NI Availto Com Stockholders": NaN,
        "Net Income Common Stockholders": NaN,
        "Net Income": NaN,
        "Net Income Including Noncontrolling Interests": NaN,
        "Net Income Continuous Operations": NaN,
        "Pretax Income": NaN,
        "Other Income Expense": NaN,
        "Special Income Charges": NaN,
        "Other Special Charges": NaN,
        "Restructuring And Mergern Acquisition": NaN,
        "Gain On Sale Of Security": NaN,
        "Net Non Operating Interest Income Expense": NaN,
        "Interest Expense Non Operating": NaN,
        "Interest Income Non Operating": NaN,
        "Operating Income": NaN,
        "Operating Expense": NaN,
        "Other Operating Expenses": -31000.0,
        "Research And Development": NaN,
        "Selling General And Administration": NaN,
        "General And Administrative Expense": NaN,
        "Other Gand A": NaN,
        "Salaries And Wages": 0.0,
        "Total Revenue": NaN,
        "Operating Revenue": NaN
    },
    "2022-06-30": {
        "Tax Effect Of Unusual Items": 0.0,
        "Tax Rate For Calcs": 0.0,
        "Normalized EBITDA": -16209000.0,
        "Total Unusual Items": 56586000.0,
        "Total Unusual Items Excluding Goodwill": 56586000.0,
        "Net Income From Continuing Operation Net Minority Interest": 36868000.0,
        "Reconciled Depreciation": 2021000.0,
        "EBITDA": 40377000.0,
        "EBIT": 38356000.0,
        "Net Interest Income": -1187000.0,
        "Interest Expense": 1488000.0,
        "Interest Income": 301000.0,
        "Normalized Income": -19718000.0,
        "Net Income From Continuing And Discontinued Operation": 36868000.0,
        "Total Expenses": 18531000.0,
        "Total Operating Income As Reported": -18531000.0,
        "Diluted Average Shares": 103908440.0,
        "Basic Average Shares": 103005651.0,
        "Diluted EPS": 0.35,
        "Basic EPS": 0.36,
        "Diluted NI Availto Com Stockholders": 36868000.0,
        "Net Income Common Stockholders": 36868000.0,
        "Net Income": 36868000.0,
        "Net Income Including Noncontrolling Interests": 36868000.0,
        "Net Income Continuous Operations": 36868000.0,
        "Pretax Income": 36868000.0,
        "Other Income Expense": 56586000.0,
        "Other Non Operating Income Expenses": NaN,
        "Special Income Charges": 56353000.0,
        "Other Special Charges": NaN,
        "Restructuring And Mergern Acquisition": -56353000.0,
        "Gain On Sale Of Security": 233000.0,
        "Net Non Operating Interest Income Expense": -1187000.0,
        "Interest Expense Non Operating": 1488000.0,
        "Interest Income Non Operating": 301000.0,
        "Operating Income": -18531000.0,
        "Operating Expense": 18531000.0,
        "Other Operating Expenses": -1301000.0,
        "Research And Development": 14652000.0,
        "Selling General And Administration": 5180000.0,
        "General And Administrative Expense": 5180000.0,
        "Other Gand A": 5180000.0,
        "Salaries And Wages": NaN,
        "Total Revenue": 0.0,
        "Operating Revenue": 0.0
    },
    "2022-03-31": {
        "Diluted EPS": -0.19,
        "Total Revenue": 0,
        "Gross Profit": 0,
        "Operating Income": -22,
        "EBIT": -19,
        "Net Income": -20
    },
    "2021-12-31": {
        "Diluted EPS": 6.41,
        "Total Revenue": 0,
        "Gross Profit": 0,
        "Operating Income": -22,
        "EBIT": -19,
        "Net Income": 43
    },
    "2021-09-30": {
        "Diluted EPS": -0.72,
        "Total Revenue": 0,
        "Gross Profit": 0,
        "Operating Income": -21,
        "EBIT": -18,
        "Net Income": -32
    },
    "2021-06-30": {
        "Diluted EPS": -2.89,
        "Total Revenue": 1,
        "Gross Profit": 1,
        "Operating Income": -19,
        "EBIT": -17,
        "Net Income": -17
    },
    "2021-03-31": {
        "Diluted EPS": -3.46,
        "Total Revenue": 0,
        "Gross Profit": 0,
        "Operating Income": -20,
        "EBIT": -18,
        "Net Income": -20
    },
    "2020-12-31": {
        "Diluted EPS": 0.0,
        "Total Revenue": NaN,
        "Gross Profit": NaN,
        "Operating Income": NaN,
        "EBIT": NaN,
        "Net Income": NaN
    },
    "2020-09-30": {
        "Diluted EPS": -3.07,
        "Total Revenue": 1,
        "Gross Profit": 1,
        "Operating Income": -17,
        "EBIT": -17,
        "Net Income": -18
    },
    "2023-06-30": {
        "Tax Effect Of Unusual Items": NaN,
        "Tax Rate For Calcs": NaN,
        "Normalized EBITDA": NaN,
        "Total Unusual Items": NaN,
        "Total Unusual Items Excluding Goodwill": NaN,
        "Net Income From Continuing Operation Net Minority Interest": NaN,
        "Reconciled Depreciation": NaN,
        "EBITDA": NaN,
        "EBIT": NaN,
        "Net Interest Income": NaN,
        "Interest Expense": NaN,
        "Interest Income": NaN,
        "Normalized Income": NaN,
        "Net Income From Continuing And Discontinued Operation": NaN,
        "Total Expenses": NaN,
        "Total Operating Income As Reported": NaN,
        "Diluted Average Shares": NaN,
        "Basic Average Shares": NaN,
        "Diluted EPS": NaN,
        "Basic EPS": NaN,
        "Diluted NI Availto Com Stockholders": NaN,
        "Net Income Common Stockholders": NaN,
        "Net Income": NaN,
        "Net Income Including Noncontrolling Interests": NaN,
        "Net Income Continuous Operations": NaN,
        "Pretax Income": NaN,
        "Other Income Expense": NaN,
        "Special Income Charges": NaN,
        "Other Special Charges": 2421000.0,
        "Restructuring And Mergern Acquisition": NaN,
        "Gain On Sale Of Security": NaN,
        "Net Non Operating Interest Income Expense": NaN,
        "Interest Expense Non Operating": NaN,
        "Interest Income Non Operating": NaN,
        "Operating Income": NaN,
        "Operating Expense": NaN,
        "Research And Development": NaN,
        "Selling General And Administration": NaN,
        "General And Administrative Expense": NaN,
        "Other Gand A": NaN,
        "Salaries And Wages": -3107000.0,
        "Total Revenue": NaN,
        "Operating Revenue": NaN
    },
    "2023-09-30": {
        "Tax Effect Of Unusual Items": NaN,
        "Tax Rate For Calcs": NaN,
        "Normalized EBITDA": NaN,
        "Total Unusual Items": NaN,
        "Total Unusual Items Excluding Goodwill": NaN,
        "Net Income From Continuing Operation Net Minority Interest": NaN,
        "Reconciled Depreciation": NaN,
        "Reconciled Cost Of Revenue": NaN,
        "EBITDA": NaN,
        "EBIT": NaN,
        "Net Interest Income": NaN,
        "Interest Expense": NaN,
        "Interest Income": NaN,
        "Normalized Income": NaN,
        "Net Income From Continuing And Discontinued Operation": NaN,
        "Total Expenses": NaN,
        "Total Operating Income As Reported": NaN,
        "Diluted Average Shares": NaN,
        "Basic Average Shares": NaN,
        "Diluted EPS": NaN,
        "Basic EPS": NaN,
        "Diluted NI Availto Com Stockholders": NaN,
        "Net Income Common Stockholders": NaN,
        "Net Income": NaN,
        "Net Income Including Noncontrolling Interests": NaN,
        "Net Income Continuous Operations": NaN,
        "Pretax Income": NaN,
        "Other Income Expense": NaN,
        "Special Income Charges": NaN,
        "Other Special Charges": NaN,
        "Restructuring And Mergern Acquisition": NaN,
        "Gain On Sale Of Security": NaN,
        "Net Non Operating Interest Income Expense": NaN,
        "Interest Expense Non Operating": NaN,
        "Interest Income Non Operating": NaN,
        "Operating Income": NaN,
        "Operating Expense": NaN,
        "Research And Development": NaN,
        "Selling General And Administration": NaN,
        "General And Administrative Expense": NaN,
        "Other Gand A": NaN,
        "Salaries And Wages": 0.0,
        "Gross Profit": NaN,
        "Cost Of Revenue": NaN,
        "Total Revenue": NaN,
        "Operating Revenue": NaN
    },
    "2023-12-31": {
        "Tax Effect Of Unusual Items": NaN,
        "Tax Rate For Calcs": NaN,
        "Normalized EBITDA": NaN,
        "Total Unusual Items": NaN,
        "Total Unusual Items Excluding Goodwill": NaN,
        "Net Income From Continuing Operation Net Minority Interest": NaN,
        "Reconciled Depreciation": NaN,
        "Reconciled Cost Of Revenue": NaN,
        "EBITDA": NaN,
        "EBIT": NaN,
        "Net Interest Income": NaN,
        "Interest Expense": NaN,
        "Interest Income": NaN,
        "Normalized Income": NaN,
        "Net Income From Continuing And Discontinued Operation": NaN,
        "Total Expenses": NaN,
        "Total Operating Income As Reported": NaN,
        "Diluted Average Shares": NaN,
        "Basic Average Shares": NaN,
        "Diluted EPS": NaN,
        "Basic EPS": NaN,
        "Diluted NI Availto Com Stockholders": NaN,
        "Net Income Common Stockholders": NaN,
        "Net Income": NaN,
        "Net Income Including Noncontrolling Interests": NaN,
        "Net Income Continuous Operations": NaN,
        "Pretax Income": NaN,
        "Other Income Expense": NaN,
        "Special Income Charges": NaN,
        "Other Special Charges": 0.0,
        "Restructuring And Mergern Acquisition": NaN,
        "Gain On Sale Of Security": NaN,
        "Net Non Operating Interest Income Expense": NaN,
        "Interest Expense Non Operating": NaN,
        "Interest Income Non Operating": NaN,
        "Operating Income": NaN,
        "Operating Expense": NaN,
        "Research And Development": NaN,
        "Selling General And Administration": NaN,
        "General And Administrative Expense": NaN,
        "Other Gand A": NaN,
        "Salaries And Wages": 0.0,
        "Gross Profit": NaN,
        "Cost Of Revenue": NaN,
        "Total Revenue": NaN,
        "Operating Revenue": NaN
    },
    "2024-03-31": {
        "Tax Effect Of Unusual Items": 0.0,
        "Tax Rate For Calcs": 0.0,
        "Normalized EBITDA": -23756000.0,
        "Total Unusual Items": -4533000.0,
        "Total Unusual Items Excluding Goodwill": -4533000.0,
        "Net Income From Continuing Operation Net Minority Interest": -31896000.0,
        "Reconciled Depreciation": 1791000.0,
        "Reconciled Cost Of Revenue": 0.0,
        "EBITDA": -28289000.0,
        "EBIT": -30080000.0,
        "Net Interest Income": -785000.0,
        "Interest Expense": 1816000.0,
        "Interest Income": 1031000.0,
        "Normalized Income": -27363000.0,
        "Net Income From Continuing And Discontinued Operation": -31896000.0,
        "Total Expenses": 26578000.0,
        "Total Operating Income As Reported": -26578000.0,
        "Diluted Average Shares": 108246008.0,
        "Basic Average Shares": 108246008.0,
        "Diluted EPS": -0.29,
        "Basic EPS": -0.29,
        "Diluted NI Availto Com Stockholders": -31896000.0,
        "Net Income Common Stockholders": -31896000.0,
        "Net Income": -31896000.0,
        "Net Income Including Noncontrolling Interests": -31896000.0,
        "Net Income Continuous Operations": -31896000.0,
        "Pretax Income": -31896000.0,
        "Other Income Expense": -4533000.0,
        "Special Income Charges": -4593000.0,
        "Other Special Charges": NaN,
        "Restructuring And Mergern Acquisition": 4593000.0,
        "Gain On Sale Of Security": 60000.0,
        "Net Non Operating Interest Income Expense": -785000.0,
        "Interest Expense Non Operating": 1816000.0,
        "Interest Income Non Operating": 1031000.0,
        "Operating Income": -26578000.0,
        "Operating Expense": 26578000.0,
        "Research And Development": 21264000.0,
        "Selling General And Administration": 5314000.0,
        "General And Administrative Expense": 5314000.0,
        "Other Gand A": 5314000.0,
        "Salaries And Wages": NaN,
        "Gross Profit": 0.0,
        "Cost Of Revenue": 0.0,
        "Total Revenue": 0.0,
        "Operating Revenue": 0.0
    },
    "2024-06-30": {
        "Tax Effect Of Unusual Items": 0.0,
        "Tax Rate For Calcs": 0.0,
        "Normalized EBITDA": -26410000.0,
        "Total Unusual Items": -25959000.0,
        "Total Unusual Items Excluding Goodwill": -25959000.0,
        "Net Income From Continuing Operation Net Minority Interest": -56663000.0,
        "Reconciled Depreciation": 1779000.0,
        "Reconciled Cost Of Revenue": NaN,
        "EBITDA": -52369000.0,
        "EBIT": -54148000.0,
        "Net Interest Income": -1205000.0,
        "Interest Expense": 2515000.0,
        "Interest Income": 1310000.0,
        "Normalized Income": -30704000.0,
        "Net Income From Continuing And Discontinued Operation": -56663000.0,
        "Total Expenses": 29499000.0,
        "Total Operating Income As Reported": -29499000.0,
        "Diluted Average Shares": 119174681.0,
        "Basic Average Shares": 119174681.0,
        "Diluted EPS": -0.48,
        "Basic EPS": -0.48,
        "Diluted NI Availto Com Stockholders": -56663000.0,
        "Net Income Common Stockholders": -56663000.0,
        "Net Income": -56663000.0,
        "Net Income Including Noncontrolling Interests": -56663000.0,
        "Net Income Continuous Operations": -56663000.0,
        "Pretax Income": -56663000.0,
        "Other Income Expense": -25959000.0,
        "Special Income Charges": -25571000.0,
        "Other Special Charges": NaN,
        "Restructuring And Mergern Acquisition": 25571000.0,
        "Gain On Sale Of Security": -388000.0,
        "Net Non Operating Interest Income Expense": -1205000.0,
        "Interest Expense Non Operating": 2515000.0,
        "Interest Income Non Operating": 1310000.0,
        "Operating Income": -29499000.0,
        "Operating Expense": 29499000.0,
        "Research And Development": 23753000.0,
        "Selling General And Administration": 5746000.0,
        "General And Administrative Expense": 5746000.0,
        "Other Gand A": 5746000.0,
        "Salaries And Wages": 0.0,
        "Gross Profit": NaN,
        "Cost Of Revenue": NaN,
        "Total Revenue": 0.0,
        "Operating Revenue": 0.0
    },
    "2024-09-30": {
        "Tax Effect Of Unusual Items": 0.0,
        "Tax Rate For Calcs": 0.0,
        "Normalized EBITDA": -27510000.0,
        "Total Unusual Items": -7442000.0,
        "Total Unusual Items Excluding Goodwill": -7442000.0,
        "Net Income From Continuing Operation Net Minority Interest": -39202000.0,
        "Reconciled Depreciation": 1812000.0,
        "Reconciled Cost Of Revenue": NaN,
        "EBITDA": -34952000.0,
        "EBIT": -36764000.0,
        "Net Interest Income": -1527000.0,
        "Interest Expense": 2438000.0,
        "Interest Income": 911000.0,
        "Normalized Income": -31760000.0,
        "Net Income From Continuing And Discontinued Operation": -39202000.0,
        "Total Expenses": 30233000.0,
        "Total Operating Income As Reported": -30233000.0,
        "Diluted Average Shares": 119408565.0,
        "Basic Average Shares": 119408565.0,
        "Diluted EPS": -0.33,
        "Basic EPS": -0.33,
        "Diluted NI Availto Com Stockholders": -39202000.0,
        "Net Income Common Stockholders": -39202000.0,
        "Net Income": -39202000.0,
        "Net Income Including Noncontrolling Interests": -39202000.0,
        "Net Income Continuous Operations": -39202000.0,
        "Pretax Income": -39202000.0,
        "Other Income Expense": -7442000.0,
        "Special Income Charges": -8489000.0,
        "Other Special Charges": NaN,
        "Restructuring And Mergern Acquisition": 8489000.0,
        "Gain On Sale Of Security": 1047000.0,
        "Net Non Operating Interest Income Expense": -1527000.0,
        "Interest Expense Non Operating": 2438000.0,
        "Interest Income Non Operating": 911000.0,
        "Operating Income": -30233000.0,
        "Operating Expense": 30233000.0,
        "Research And Development": 22926000.0,
        "Selling General And Administration": 7307000.0,
        "General And Administrative Expense": 7307000.0,
        "Other Gand A": 7307000.0,
        "Salaries And Wages": 0.0,
        "Gross Profit": NaN,
        "Cost Of Revenue": NaN,
        "Total Revenue": 0.0,
        "Operating Revenue": 0.0
    },
    "2024-12-31": {
        "Tax Effect Of Unusual Items": 0.0,
        "Tax Rate For Calcs": 0.0,
        "Normalized EBITDA": -25428000.0,
        "Total Unusual Items": 8804000.0,
        "Total Unusual Items Excluding Goodwill": 8804000.0,
        "Net Income From Continuing Operation Net Minority Interest": -20940000.0,
        "Reconciled Depreciation": 1808000.0,
        "Reconciled Cost Of Revenue": NaN,
        "EBITDA": -16624000.0,
        "EBIT": -18432000.0,
        "Net Interest Income": -1656000.0,
        "Interest Expense": 2508000.0,
        "Interest Income": 852000.0,
        "Normalized Income": -29744000.0,
        "Net Income From Continuing And Discontinued Operation": -20940000.0,
        "Total Expenses": 28088000.0,
        "Total Operating Income As Reported": -28088000.0,
        "Diluted Average Shares": 126983464.0,
        "Basic Average Shares": 126983464.0,
        "Diluted EPS": -0.16,
        "Basic EPS": -0.16,
        "Diluted NI Availto Com Stockholders": -20940000.0,
        "Net Income Common Stockholders": -20940000.0,
        "Net Income": -20940000.0,
        "Net Income Including Noncontrolling Interests": -20940000.0,
        "Net Income Continuous Operations": -20940000.0,
        "Pretax Income": -20940000.0,
        "Other Income Expense": 8804000.0,
        "Special Income Charges": 5608000.0,
        "Other Special Charges": NaN,
        "Restructuring And Mergern Acquisition": -5608000.0,
        "Gain On Sale Of Security": 3196000.0,
        "Net Non Operating Interest Income Expense": -1656000.0,
        "Interest Expense Non Operating": 2508000.0,
        "Interest Income Non Operating": 852000.0,
        "Operating Income": -28088000.0,
        "Operating Expense": 28088000.0,
        "Research And Development": 20656000.0,
        "Selling General And Administration": 7432000.0,
        "General And Administrative Expense": 7432000.0,
        "Other Gand A": 7432000.0,
        "Salaries And Wages": NaN,
        "Gross Profit": NaN,
        "Cost Of Revenue": NaN,
        "Total Revenue": 0.0,
        "Operating Revenue": 0.0
    },
    "2025-03-31": {
        "Tax Effect Of Unusual Items": 13578810.0,
        "Tax Rate For Calcs": 0.21,
        "Normalized EBITDA": -20690000.0,
        "Total Unusual Items": 64661000.0,
        "Total Unusual Items Excluding Goodwill": 64661000.0,
        "Net Income From Continuing Operation Net Minority Interest": 39139000.0,
        "Reconciled Depreciation": 1832000.0,
        "Reconciled Cost Of Revenue": 147000.0,
        "EBITDA": 43971000.0,
        "EBIT": 42139000.0,
        "Net Interest Income": -2338000.0,
        "Interest Expense": 3000000.0,
        "Interest Income": 662000.0,
        "Normalized Income": -11943190.0,
        "Net Income From Continuing And Discontinued Operation": 39139000.0,
        "Total Expenses": 23701000.0,
        "Total Operating Income As Reported": -23184000.0,
        "Diluted Average Shares": 131759302.0,
        "Basic Average Shares": 131496877.0,
        "Diluted EPS": 0.28,
        "Basic EPS": 0.28,
        "Diluted NI Availto Com Stockholders": 39139000.0,
        "Net Income Common Stockholders": 39139000.0,
        "Net Income": 39139000.0,
        "Net Income Including Noncontrolling Interests": 39139000.0,
        "Net Income Continuous Operations": 39139000.0,
        "Pretax Income": 39139000.0,
        "Other Income Expense": 64661000.0,
        "Special Income Charges": 49731000.0,
        "Other Special Charges": NaN,
        "Restructuring And Mergern Acquisition": -49731000.0,
        "Gain On Sale Of Security": 14930000.0,
        "Net Non Operating Interest Income Expense": -2338000.0,
        "Interest Expense Non Operating": 3000000.0,
        "Interest Income Non Operating": 662000.0,
        "Operating Income": -23184000.0,
        "Operating Expense": 23554000.0,
        "Research And Development": 15418000.0,
        "Selling General And Administration": 8136000.0,
        "General And Administrative Expense": 8136000.0,
        "Other Gand A": 8136000.0,
        "Salaries And Wages": NaN,
        "Gross Profit": 370000.0,
        "Cost Of Revenue": 147000.0,
        "Total Revenue": 517000.0,
        "Operating Revenue": 517000.0
    }
}