{
    "2023-03-31": {
        "Tax Effect Of Unusual Items": NaN,
        "Tax Rate For Calcs": NaN,
        "Normalized EBITDA": NaN,
        "Total Unusual Items": NaN,
        "Total Unusual Items Excluding Goodwill": NaN,
        "Net Income From Continuing Operation Net Minority Interest": NaN,
        "Reconciled Depreciation": NaN,
        "Reconciled Cost Of Revenue": NaN,
        "EBITDA": NaN,
        "EBIT": NaN,
        "Net Interest Income": NaN,
        "Interest Expense": NaN,
        "Normalized Income": NaN,
        "Net Income From Continuing And Discontinued Operation": NaN,
        "Total Expenses": NaN,
        "Total Operating Income As Reported": NaN,
        "Diluted Average Shares": NaN,
        "Basic Average Shares": NaN,
        "Diluted EPS": NaN,
        "Basic EPS": NaN,
        "Diluted NI Availto Com Stockholders": NaN,
        "Net Income Common Stockholders": NaN,
        "Net Income": NaN,
        "Minority Interests": NaN,
        "Net Income Including Noncontrolling Interests": NaN,
        "Net Income Discontinuous Operations": NaN,
        "Net Income Continuous Operations": NaN,
        "Tax Provision": NaN,
        "Pretax Income": NaN,
        "Other Income Expense": NaN,
        "Special Income Charges": NaN,
        "Gain On Sale Of Ppe": NaN,
        "Other Special Charges": NaN,
        "Write Off": 563000.0,
        "Impairment Of Capital Assets": 0.0,
        "Earnings From Equity Interest": NaN,
        "Gain On Sale Of Security": 1372000.0,
        "Net Non Operating Interest Income Expense": NaN,
        "Interest Expense Non Operating": NaN,
        "Operating Income": NaN,
        "Operating Expense": NaN,
        "Depreciation Amortization Depletion Income Statement": NaN,
        "Depreciation And Amortization In Income Statement": NaN,
        "Selling General And Administration": NaN,
        "General And Administrative Expense": NaN,
        "Other Gand A": NaN,
        "Gross Profit": NaN,
        "Cost Of Revenue": NaN,
        "Total Revenue": NaN,
        "Operating Revenue": NaN
    },
    "2022-12-31": {
        "Tax Effect Of Unusual Items": NaN,
        "Tax Rate For Calcs": NaN,
        "Normalized EBITDA": NaN,
        "Total Unusual Items": NaN,
        "Total Unusual Items Excluding Goodwill": NaN,
        "Net Income From Continuing Operation Net Minority Interest": NaN,
        "Reconciled Depreciation": NaN,
        "Reconciled Cost Of Revenue": NaN,
        "EBITDA": NaN,
        "EBIT": NaN,
        "Net Interest Income": NaN,
        "Interest Expense": NaN,
        "Normalized Income": NaN,
        "Net Income From Continuing And Discontinued Operation": NaN,
        "Total Expenses": NaN,
        "Total Operating Income As Reported": NaN,
        "Diluted Average Shares": NaN,
        "Basic Average Shares": NaN,
        "Diluted EPS": NaN,
        "Basic EPS": NaN,
        "Diluted NI Availto Com Stockholders": NaN,
        "Net Income Common Stockholders": NaN,
        "Net Income": NaN,
        "Minority Interests": NaN,
        "Net Income Including Noncontrolling Interests": NaN,
        "Net Income Discontinuous Operations": NaN,
        "Net Income Continuous Operations": NaN,
        "Tax Provision": NaN,
        "Pretax Income": NaN,
        "Other Income Expense": NaN,
        "Special Income Charges": NaN,
        "Gain On Sale Of Ppe": NaN,
        "Other Special Charges": NaN,
        "Write Off": 986000.0,
        "Impairment Of Capital Assets": 64560000.0,
        "Earnings From Equity Interest": NaN,
        "Gain On Sale Of Security": 652000.0,
        "Net Non Operating Interest Income Expense": NaN,
        "Interest Expense Non Operating": NaN,
        "Operating Income": NaN,
        "Operating Expense": NaN,
        "Depreciation Amortization Depletion Income Statement": NaN,
        "Depreciation And Amortization In Income Statement": NaN,
        "Selling General And Administration": NaN,
        "General And Administrative Expense": NaN,
        "Other Gand A": NaN,
        "Gross Profit": NaN,
        "Cost Of Revenue": NaN,
        "Total Revenue": NaN,
        "Operating Revenue": NaN
    },
    "2022-09-30": {
        "Tax Effect Of Unusual Items": NaN,
        "Tax Rate For Calcs": NaN,
        "Normalized EBITDA": NaN,
        "Total Unusual Items": NaN,
        "Total Unusual Items Excluding Goodwill": NaN,
        "Net Income From Continuing Operation Net Minority Interest": NaN,
        "Reconciled Depreciation": NaN,
        "Reconciled Cost Of Revenue": NaN,
        "EBITDA": NaN,
        "EBIT": NaN,
        "Net Interest Income": NaN,
        "Interest Expense": NaN,
        "Normalized Income": NaN,
        "Net Income From Continuing And Discontinued Operation": NaN,
        "Total Expenses": NaN,
        "Total Operating Income As Reported": NaN,
        "Diluted Average Shares": 88550105.0,
        "Basic Average Shares": 88550105.0,
        "Diluted EPS": -0.006324,
        "Basic EPS": -0.006324,
        "Diluted NI Availto Com Stockholders": NaN,
        "Net Income Common Stockholders": NaN,
        "Net Income": NaN,
        "Minority Interests": NaN,
        "Net Income Including Noncontrolling Interests": NaN,
        "Net Income Discontinuous Operations": NaN,
        "Net Income Continuous Operations": NaN,
        "Tax Provision": NaN,
        "Pretax Income": NaN,
        "Other Income Expense": NaN,
        "Special Income Charges": NaN,
        "Gain On Sale Of Ppe": NaN,
        "Other Special Charges": NaN,
        "Write Off": 1286000.0,
        "Impairment Of Capital Assets": NaN,
        "Earnings From Equity Interest": 0.0,
        "Gain On Sale Of Security": 1549000.0,
        "Net Non Operating Interest Income Expense": NaN,
        "Interest Expense Non Operating": NaN,
        "Operating Income": NaN,
        "Operating Expense": NaN,
        "Depreciation Amortization Depletion Income Statement": NaN,
        "Depreciation And Amortization In Income Statement": NaN,
        "Selling General And Administration": NaN,
        "General And Administrative Expense": NaN,
        "Other Gand A": NaN,
        "Gross Profit": NaN,
        "Cost Of Revenue": NaN,
        "Total Revenue": NaN,
        "Operating Revenue": NaN
    },
    "2022-06-30": {
        "Tax Effect Of Unusual Items": -24636000.0,
        "Tax Rate For Calcs": 0.4,
        "Normalized EBITDA": 5104000.0,
        "Total Unusual Items": -61590000.0,
        "Total Unusual Items Excluding Goodwill": -61590000.0,
        "Net Income From Continuing Operation Net Minority Interest": -88067000.0,
        "Reconciled Depreciation": 21247000.0,
        "Reconciled Cost Of Revenue": 26782000.0,
        "EBITDA": -56486000.0,
        "EBIT": -77733000.0,
        "Net Interest Income": -1543000.0,
        "Interest Expense": 1862000.0,
        "Interest Income": 319000.0,
        "Normalized Income": -51113000.0,
        "Net Income From Continuing And Discontinued Operation": -88067000.0,
        "Total Expenses": 60307000.0,
        "Total Operating Income As Reported": -16119000.0,
        "Diluted Average Shares": 178013476.0,
        "Basic Average Shares": 178013476.0,
        "Diluted EPS": -0.49,
        "Basic EPS": -0.49,
        "Diluted NI Availto Com Stockholders": -88067000.0,
        "Net Income Common Stockholders": -88067000.0,
        "Net Income": -88067000.0,
        "Net Income Including Noncontrolling Interests": -88067000.0,
        "Net Income Continuous Operations": -88067000.0,
        "Tax Provision": 8472000.0,
        "Pretax Income": -79595000.0,
        "Other Income Expense": -61590000.0,
        "Other Non Operating Income Expenses": NaN,
        "Special Income Charges": -104898000.0,
        "Gain On Sale Of Ppe": -104898000.0,
        "Gain On Sale Of Security": 43308000.0,
        "Net Non Operating Interest Income Expense": -1543000.0,
        "Interest Expense Non Operating": 1862000.0,
        "Interest Income Non Operating": 319000.0,
        "Operating Income": -16462000.0,
        "Operating Expense": 12621000.0,
        "Other Taxes": 2024000.0,
        "Depreciation Amortization Depletion Income Statement": 343000.0,
        "Depreciation And Amortization In Income Statement": 343000.0,
        "Amortization": 343000.0,
        "Amortization Of Intangibles Income Statement": 343000.0,
        "Selling General And Administration": 10254000.0,
        "General And Administrative Expense": 10254000.0,
        "Other Gand A": 5064000.0,
        "Insurance And Claims": 1344000.0,
        "Salaries And Wages": 3846000.0,
        "Gross Profit": -3841000.0,
        "Cost Of Revenue": 47686000.0,
        "Total Revenue": 43845000.0,
        "Operating Revenue": 43845000.0
    },
    "2022-03-31": {
        "Diluted EPS": 0.25,
        "Total Revenue": 42,
        "Gross Profit": 13,
        "Operating Income": 4,
        "EBIT": 19,
        "Net Income": 44
    },
    "2021-12-31": {
        "Diluted EPS": -0.64,
        "Total Revenue": 46,
        "Gross Profit": 24,
        "Operating Income": 13,
        "EBIT": 20,
        "Net Income": -88
    },
    "2021-09-30": {
        "Diluted EPS": 0.12,
        "Total Revenue": 40,
        "Gross Profit": 23,
        "Operating Income": 15,
        "EBIT": 18,
        "Net Income": 19
    },
    "2021-06-30": {
        "Diluted EPS": -0.13,
        "Total Revenue": 27,
        "Gross Profit": 14,
        "Operating Income": 7,
        "EBIT": 9,
        "Net Income": -17
    },
    "2021-03-31": {
        "Diluted EPS": 0.22,
        "Total Revenue": 26,
        "Gross Profit": 10,
        "Operating Income": 5,
        "EBIT": 10,
        "Net Income": 28
    },
    "2020-09-30": {
        "Diluted EPS": -0.01,
        "Total Revenue": 4,
        "Gross Profit": -4,
        "Operating Income": -1,
        "EBIT": 2,
        "Net Income": -1
    },
    "2020-06-30": {
        "Diluted EPS": 0.02,
        "Total Revenue": 7,
        "Gross Profit": -5,
        "Operating Income": 2,
        "EBIT": 2,
        "Net Income": 2
    },
    "2019-12-31": {
        "Diluted EPS": -0.23,
        "Total Revenue": 11,
        "Gross Profit": 11,
        "Operating Income": 11,
        "EBIT": 11,
        "Net Income": -18
    },
    "2023-06-30": {
        "Tax Effect Of Unusual Items": NaN,
        "Tax Rate For Calcs": NaN,
        "Normalized EBITDA": NaN,
        "Total Unusual Items": NaN,
        "Total Unusual Items Excluding Goodwill": NaN,
        "Net Income From Continuing Operation Net Minority Interest": NaN,
        "Reconciled Depreciation": NaN,
        "Reconciled Cost Of Revenue": NaN,
        "EBITDA": NaN,
        "EBIT": NaN,
        "Net Interest Income": NaN,
        "Interest Expense": NaN,
        "Normalized Income": NaN,
        "Net Income From Continuing And Discontinued Operation": NaN,
        "Total Expenses": NaN,
        "Total Operating Income As Reported": NaN,
        "Diluted Average Shares": NaN,
        "Basic Average Shares": NaN,
        "Diluted EPS": NaN,
        "Basic EPS": NaN,
        "Diluted NI Availto Com Stockholders": NaN,
        "Net Income Common Stockholders": NaN,
        "Net Income": NaN,
        "Minority Interests": NaN,
        "Net Income Including Noncontrolling Interests": NaN,
        "Net Income Discontinuous Operations": NaN,
        "Net Income Continuous Operations": NaN,
        "Tax Provision": NaN,
        "Pretax Income": NaN,
        "Other Income Expense": NaN,
        "Special Income Charges": NaN,
        "Gain On Sale Of Ppe": NaN,
        "Other Special Charges": -1531000.0,
        "Write Off": 868000.0,
        "Impairment Of Capital Assets": 0.0,
        "Earnings From Equity Interest": NaN,
        "Gain On Sale Of Security": 1004000.0,
        "Net Non Operating Interest Income Expense": NaN,
        "Interest Expense Non Operating": NaN,
        "Operating Income": NaN,
        "Operating Expense": NaN,
        "Depreciation Amortization Depletion Income Statement": NaN,
        "Depreciation And Amortization In Income Statement": NaN,
        "Selling General And Administration": NaN,
        "General And Administrative Expense": NaN,
        "Other Gand A": NaN,
        "Gross Profit": NaN,
        "Cost Of Revenue": NaN,
        "Total Revenue": NaN,
        "Operating Revenue": NaN
    },
    "2023-09-30": {
        "Tax Effect Of Unusual Items": NaN,
        "Tax Rate For Calcs": NaN,
        "Normalized EBITDA": NaN,
        "Total Unusual Items": NaN,
        "Total Unusual Items Excluding Goodwill": NaN,
        "Net Income From Continuing Operation Net Minority Interest": NaN,
        "Reconciled Depreciation": NaN,
        "Reconciled Cost Of Revenue": NaN,
        "EBITDA": NaN,
        "EBIT": NaN,
        "Net Interest Income": NaN,
        "Interest Expense": NaN,
        "Normalized Income": NaN,
        "Net Income From Continuing And Discontinued Operation": NaN,
        "Total Expenses": NaN,
        "Total Operating Income As Reported": NaN,
        "Diluted Average Shares": NaN,
        "Basic Average Shares": NaN,
        "Diluted EPS": NaN,
        "Basic EPS": NaN,
        "Diluted NI Availto Com Stockholders": NaN,
        "Net Income Common Stockholders": NaN,
        "Net Income": NaN,
        "Minority Interests": NaN,
        "Net Income Including Noncontrolling Interests": NaN,
        "Net Income Discontinuous Operations": NaN,
        "Net Income Continuous Operations": NaN,
        "Tax Provision": NaN,
        "Pretax Income": NaN,
        "Other Income Expense": NaN,
        "Other Non Operating Income Expenses": NaN,
        "Special Income Charges": NaN,
        "Gain On Sale Of Ppe": NaN,
        "Other Special Charges": NaN,
        "Write Off": 718000.0,
        "Impairment Of Capital Assets": 718000.0,
        "Earnings From Equity Interest": NaN,
        "Gain On Sale Of Security": NaN,
        "Net Non Operating Interest Income Expense": NaN,
        "Interest Expense Non Operating": NaN,
        "Operating Income": NaN,
        "Operating Expense": NaN,
        "Depreciation Amortization Depletion Income Statement": NaN,
        "Depreciation And Amortization In Income Statement": NaN,
        "Selling General And Administration": NaN,
        "General And Administrative Expense": NaN,
        "Other Gand A": NaN,
        "Gross Profit": NaN,
        "Cost Of Revenue": NaN,
        "Total Revenue": NaN,
        "Operating Revenue": NaN
    },
    "2024-03-31": {
        "Tax Effect Of Unusual Items": NaN,
        "Tax Rate For Calcs": NaN,
        "Normalized EBITDA": NaN,
        "Total Unusual Items": NaN,
        "Total Unusual Items Excluding Goodwill": NaN,
        "Net Income From Continuing Operation Net Minority Interest": NaN,
        "Reconciled Depreciation": NaN,
        "Reconciled Cost Of Revenue": NaN,
        "EBITDA": NaN,
        "EBIT": NaN,
        "Net Interest Income": NaN,
        "Interest Expense": NaN,
        "Normalized Income": NaN,
        "Net Income From Continuing And Discontinued Operation": NaN,
        "Total Expenses": NaN,
        "Total Operating Income As Reported": NaN,
        "Diluted Average Shares": NaN,
        "Basic Average Shares": NaN,
        "Diluted EPS": NaN,
        "Basic EPS": NaN,
        "Diluted NI Availto Com Stockholders": NaN,
        "Average Dilution Earnings": NaN,
        "Net Income Common Stockholders": NaN,
        "Otherunder Preferred Stock Dividend": NaN,
        "Net Income": NaN,
        "Minority Interests": NaN,
        "Net Income Including Noncontrolling Interests": NaN,
        "Net Income Discontinuous Operations": NaN,
        "Net Income Continuous Operations": NaN,
        "Tax Provision": NaN,
        "Pretax Income": NaN,
        "Other Income Expense": NaN,
        "Other Non Operating Income Expenses": NaN,
        "Special Income Charges": NaN,
        "Gain On Sale Of Ppe": NaN,
        "Other Special Charges": NaN,
        "Write Off": NaN,
        "Impairment Of Capital Assets": 0.0,
        "Earnings From Equity Interest": NaN,
        "Gain On Sale Of Security": NaN,
        "Net Non Operating Interest Income Expense": NaN,
        "Interest Expense Non Operating": NaN,
        "Operating Income": NaN,
        "Operating Expense": NaN,
        "Depreciation Amortization Depletion Income Statement": NaN,
        "Depreciation And Amortization In Income Statement": NaN,
        "Selling General And Administration": NaN,
        "General And Administrative Expense": NaN,
        "Other Gand A": NaN,
        "Gross Profit": NaN,
        "Cost Of Revenue": NaN,
        "Total Revenue": NaN,
        "Operating Revenue": NaN
    },
    "2024-06-30": {
        "Tax Effect Of Unusual Items": NaN,
        "Tax Rate For Calcs": NaN,
        "Normalized EBITDA": NaN,
        "Total Unusual Items": NaN,
        "Total Unusual Items Excluding Goodwill": NaN,
        "Net Income From Continuing Operation Net Minority Interest": NaN,
        "Reconciled Depreciation": NaN,
        "Reconciled Cost Of Revenue": NaN,
        "EBITDA": NaN,
        "EBIT": NaN,
        "Net Interest Income": NaN,
        "Interest Expense": NaN,
        "Normalized Income": NaN,
        "Net Income From Continuing And Discontinued Operation": NaN,
        "Total Expenses": NaN,
        "Total Operating Income As Reported": NaN,
        "Diluted Average Shares": NaN,
        "Basic Average Shares": NaN,
        "Diluted EPS": NaN,
        "Basic EPS": NaN,
        "Diluted NI Availto Com Stockholders": NaN,
        "Average Dilution Earnings": 0.0,
        "Net Income Common Stockholders": NaN,
        "Otherunder Preferred Stock Dividend": -1738000.0,
        "Net Income": NaN,
        "Minority Interests": NaN,
        "Net Income Including Noncontrolling Interests": NaN,
        "Net Income Discontinuous Operations": NaN,
        "Net Income Continuous Operations": NaN,
        "Tax Provision": NaN,
        "Pretax Income": NaN,
        "Other Income Expense": NaN,
        "Other Non Operating Income Expenses": NaN,
        "Special Income Charges": NaN,
        "Gain On Sale Of Ppe": NaN,
        "Other Special Charges": NaN,
        "Write Off": 0.0,
        "Impairment Of Capital Assets": NaN,
        "Earnings From Equity Interest": NaN,
        "Gain On Sale Of Security": NaN,
        "Net Non Operating Interest Income Expense": NaN,
        "Interest Expense Non Operating": NaN,
        "Operating Income": NaN,
        "Operating Expense": NaN,
        "Depreciation Amortization Depletion Income Statement": NaN,
        "Depreciation And Amortization In Income Statement": NaN,
        "Selling General And Administration": NaN,
        "General And Administrative Expense": NaN,
        "Other Gand A": NaN,
        "Gross Profit": NaN,
        "Cost Of Revenue": NaN,
        "Total Revenue": NaN,
        "Operating Revenue": NaN
    },
    "2024-09-30": {
        "Tax Effect Of Unusual Items": 3267524.614254,
        "Tax Rate For Calcs": 0.332843,
        "Normalized EBITDA": 10363000.0,
        "Total Unusual Items": 9817000.0,
        "Total Unusual Items Excluding Goodwill": 9817000.0,
        "Net Income From Continuing Operation Net Minority Interest": 647000.0,
        "Reconciled Depreciation": 10881000.0,
        "Reconciled Cost Of Revenue": 17140000.0,
        "EBITDA": 20180000.0,
        "EBIT": 9299000.0,
        "Net Interest Income": -7938000.0,
        "Interest Expense": 7938000.0,
        "Normalized Income": -5902475.385746,
        "Net Income From Continuing And Discontinued Operation": 647000.0,
        "Total Expenses": 44196000.0,
        "Total Operating Income As Reported": -1569000.0,
        "Diluted Average Shares": 96407378.0,
        "Basic Average Shares": 91182107.0,
        "Diluted EPS": 0.01,
        "Basic EPS": 0.01,
        "Diluted NI Availto Com Stockholders": 647000.0,
        "Average Dilution Earnings": NaN,
        "Net Income Common Stockholders": 647000.0,
        "Otherunder Preferred Stock Dividend": NaN,
        "Net Income": 647000.0,
        "Minority Interests": -261000.0,
        "Net Income Including Noncontrolling Interests": 908000.0,
        "Net Income Discontinuous Operations": 0.0,
        "Net Income Continuous Operations": 908000.0,
        "Tax Provision": 453000.0,
        "Pretax Income": 1361000.0,
        "Other Income Expense": 11312000.0,
        "Other Non Operating Income Expenses": NaN,
        "Special Income Charges": 6410000.0,
        "Gain On Sale Of Ppe": 444000.0,
        "Other Special Charges": -5966000.0,
        "Write Off": 0.0,
        "Impairment Of Capital Assets": NaN,
        "Earnings From Equity Interest": 1495000.0,
        "Gain On Sale Of Security": 3407000.0,
        "Net Non Operating Interest Income Expense": -7938000.0,
        "Interest Expense Non Operating": 7938000.0,
        "Operating Income": -2013000.0,
        "Operating Expense": 26637000.0,
        "Depreciation Amortization Depletion Income Statement": 10462000.0,
        "Depreciation And Amortization In Income Statement": 10462000.0,
        "Selling General And Administration": 16175000.0,
        "General And Administrative Expense": 16175000.0,
        "Other Gand A": 16175000.0,
        "Gross Profit": 24624000.0,
        "Cost Of Revenue": 17559000.0,
        "Total Revenue": 42183000.0,
        "Operating Revenue": 34300000.0
    },
    "2024-12-31": {
        "Tax Effect Of Unusual Items": -3901590.0,
        "Tax Rate For Calcs": 0.21,
        "Normalized EBITDA": 303236000.0,
        "Total Unusual Items": -18579000.0,
        "Total Unusual Items Excluding Goodwill": -18579000.0,
        "Net Income From Continuing Operation Net Minority Interest": 149905000.0,
        "Reconciled Depreciation": 14948000.0,
        "Reconciled Cost Of Revenue": 19673000.0,
        "EBITDA": 284657000.0,
        "EBIT": 269709000.0,
        "Net Interest Income": -9563000.0,
        "Interest Expense": 9563000.0,
        "Normalized Income": 164582410.0,
        "Net Income From Continuing And Discontinued Operation": 152225000.0,
        "Total Expenses": 53465000.0,
        "Total Operating Income As Reported": 281914000.0,
        "Diluted Average Shares": 99478012.0,
        "Basic Average Shares": 99478012.0,
        "Diluted EPS": 1.530238,
        "Basic EPS": 1.530238,
        "Diluted NI Availto Com Stockholders": 152225000.0,
        "Average Dilution Earnings": NaN,
        "Net Income Common Stockholders": 152225000.0,
        "Otherunder Preferred Stock Dividend": NaN,
        "Net Income": 152225000.0,
        "Minority Interests": 241000.0,
        "Net Income Including Noncontrolling Interests": 151984000.0,
        "Net Income Discontinuous Operations": 2320000.0,
        "Net Income Continuous Operations": 149664000.0,
        "Tax Provision": 110482000.0,
        "Pretax Income": 260146000.0,
        "Other Income Expense": -16677000.0,
        "Other Non Operating Income Expenses": NaN,
        "Special Income Charges": -1412000.0,
        "Gain On Sale Of Ppe": 0.0,
        "Other Special Charges": 0.0,
        "Write Off": 4472000.0,
        "Impairment Of Capital Assets": NaN,
        "Earnings From Equity Interest": 1902000.0,
        "Gain On Sale Of Security": -17167000.0,
        "Net Non Operating Interest Income Expense": -9563000.0,
        "Interest Expense Non Operating": 9563000.0,
        "Operating Income": 286386000.0,
        "Operating Expense": 33152000.0,
        "Depreciation Amortization Depletion Income Statement": 14308000.0,
        "Depreciation And Amortization In Income Statement": 14308000.0,
        "Selling General And Administration": 18844000.0,
        "General And Administrative Expense": 18844000.0,
        "Other Gand A": 18844000.0,
        "Gross Profit": 319538000.0,
        "Cost Of Revenue": 20313000.0,
        "Total Revenue": 339851000.0,
        "Operating Revenue": 357878000.0
    },
    "2025-03-31": {
        "Tax Effect Of Unusual Items": 2394210.0,
        "Tax Rate For Calcs": 0.13,
        "Normalized EBITDA": -149964000.0,
        "Total Unusual Items": 18417000.0,
        "Total Unusual Items Excluding Goodwill": 18417000.0,
        "Net Income From Continuing Operation Net Minority Interest": -133889000.0,
        "Reconciled Depreciation": 15508000.0,
        "Reconciled Cost Of Revenue": 18050000.0,
        "EBITDA": -131547000.0,
        "EBIT": -147055000.0,
        "Net Interest Income": -7469000.0,
        "Interest Expense": 7469000.0,
        "Normalized Income": -149911790.0,
        "Net Income From Continuing And Discontinued Operation": -133889000.0,
        "Total Expenses": 54617000.0,
        "Total Operating Income As Reported": -147650000.0,
        "Diluted Average Shares": 102854747.0,
        "Basic Average Shares": 102854747.0,
        "Diluted EPS": -1.3,
        "Basic EPS": -1.3,
        "Diluted NI Availto Com Stockholders": -133889000.0,
        "Average Dilution Earnings": NaN,
        "Net Income Common Stockholders": -133889000.0,
        "Otherunder Preferred Stock Dividend": NaN,
        "Net Income": -133889000.0,
        "Minority Interests": 430000.0,
        "Net Income Including Noncontrolling Interests": -134319000.0,
        "Net Income Discontinuous Operations": 0.0,
        "Net Income Continuous Operations": -134319000.0,
        "Tax Provision": -20205000.0,
        "Pretax Income": -154524000.0,
        "Other Income Expense": -1859000.0,
        "Other Non Operating Income Expenses": -21641000.0,
        "Special Income Charges": -2454000.0,
        "Gain On Sale Of Ppe": -2454000.0,
        "Other Special Charges": NaN,
        "Write Off": NaN,
        "Impairment Of Capital Assets": NaN,
        "Earnings From Equity Interest": 1365000.0,
        "Gain On Sale Of Security": 20871000.0,
        "Net Non Operating Interest Income Expense": -7469000.0,
        "Interest Expense Non Operating": 7469000.0,
        "Operating Income": -145196000.0,
        "Operating Expense": 35958000.0,
        "Depreciation Amortization Depletion Income Statement": 14899000.0,
        "Depreciation And Amortization In Income Statement": 14899000.0,
        "Selling General And Administration": 21059000.0,
        "General And Administrative Expense": 21059000.0,
        "Other Gand A": 21059000.0,
        "Gross Profit": -109238000.0,
        "Cost Of Revenue": 18659000.0,
        "Total Revenue": -90579000.0,
        "Operating Revenue": -90579000.0
    },
    "2025-06-30": {
        "Tax Effect Of Unusual Items": -2501159.0,
        "Tax Rate For Calcs": 0.167,
        "Normalized EBITDA": 208540000.0,
        "Total Unusual Items": -14977000.0,
        "Total Unusual Items Excluding Goodwill": -14977000.0,
        "Net Income From Continuing Operation Net Minority Interest": 137312000.0,
        "Reconciled Depreciation": 20110000.0,
        "Reconciled Cost Of Revenue": 21124000.0,
        "EBITDA": 193563000.0,
        "EBIT": 173453000.0,
        "Net Interest Income": -8396000.0,
        "Interest Expense": 8396000.0,
        "Normalized Income": 149787841.0,
        "Net Income From Continuing And Discontinued Operation": 137312000.0,
        "Total Expenses": 71392000.0,
        "Total Operating Income As Reported": 187859000.0,
        "Diluted Average Shares": 119018761.0,
        "Basic Average Shares": 104246041.0,
        "Diluted EPS": 1.18,
        "Basic EPS": 1.32,
        "Diluted NI Availto Com Stockholders": 139873000.0,
        "Average Dilution Earnings": 2366000.0,
        "Net Income Common Stockholders": 137507000.0,
        "Otherunder Preferred Stock Dividend": -195000.0,
        "Net Income": 137312000.0,
        "Minority Interests": -171000.0,
        "Net Income Including Noncontrolling Interests": 137483000.0,
        "Net Income Discontinuous Operations": 0.0,
        "Net Income Continuous Operations": 137483000.0,
        "Tax Provision": 27574000.0,
        "Pretax Income": 165057000.0,
        "Other Income Expense": -14094000.0,
        "Other Non Operating Income Expenses": -181000.0,
        "Special Income Charges": 312000.0,
        "Gain On Sale Of Ppe": 312000.0,
        "Other Special Charges": NaN,
        "Write Off": NaN,
        "Impairment Of Capital Assets": NaN,
        "Earnings From Equity Interest": 1064000.0,
        "Gain On Sale Of Security": -15289000.0,
        "Net Non Operating Interest Income Expense": -8396000.0,
        "Interest Expense Non Operating": 8396000.0,
        "Operating Income": 187547000.0,
        "Operating Expense": 49616000.0,
        "Depreciation Amortization Depletion Income Statement": 19458000.0,
        "Depreciation And Amortization In Income Statement": 19458000.0,
        "Selling General And Administration": 30158000.0,
        "General And Administrative Expense": 30158000.0,
        "Other Gand A": 30158000.0,
        "Gross Profit": 237163000.0,
        "Cost Of Revenue": 21776000.0,
        "Total Revenue": 258939000.0,
        "Operating Revenue": 258939000.0
    },
    "2025-09-30": {
        "Tax Effect Of Unusual Items": 592410.0,
        "Tax Rate For Calcs": 0.273,
        "Normalized EBITDA": 104544000.0,
        "Total Unusual Items": 2170000.0,
        "Total Unusual Items Excluding Goodwill": 2170000.0,
        "Net Income From Continuing Operation Net Minority Interest": 50109000.0,
        "Reconciled Depreciation": 28467000.0,
        "Reconciled Cost Of Revenue": 31658000.0,
        "EBITDA": 106714000.0,
        "EBIT": 78247000.0,
        "Net Interest Income": -8616000.0,
        "Interest Expense": 8616000.0,
        "Normalized Income": 48531410.0,
        "Net Income From Continuing And Discontinued Operation": 50109000.0,
        "Total Expenses": 85983000.0,
        "Total Operating Income As Reported": 72655000.0,
        "Diluted Average Shares": 121761796.0,
        "Basic Average Shares": 105565856.0,
        "Diluted EPS": 0.43,
        "Basic EPS": 0.48,
        "Diluted NI Availto Com Stockholders": 50109000.0,
        "Average Dilution Earnings": NaN,
        "Net Income Common Stockholders": 50109000.0,
        "Otherunder Preferred Stock Dividend": NaN,
        "Net Income": 50109000.0,
        "Minority Interests": -503000.0,
        "Net Income Including Noncontrolling Interests": 50612000.0,
        "Net Income Discontinuous Operations": 0.0,
        "Net Income Continuous Operations": 50612000.0,
        "Tax Provision": 19019000.0,
        "Pretax Income": 69631000.0,
        "Other Income Expense": 4125000.0,
        "Other Non Operating Income Expenses": -237000.0,
        "Special Income Charges": -1467000.0,
        "Gain On Sale Of Ppe": -1467000.0,
        "Other Special Charges": NaN,
        "Write Off": NaN,
        "Impairment Of Capital Assets": NaN,
        "Earnings From Equity Interest": 2192000.0,
        "Gain On Sale Of Security": 3637000.0,
        "Net Non Operating Interest Income Expense": -8616000.0,
        "Interest Expense Non Operating": 8616000.0,
        "Operating Income": 74122000.0,
        "Operating Expense": 53653000.0,
        "Depreciation Amortization Depletion Income Statement": 27795000.0,
        "Depreciation And Amortization In Income Statement": 27795000.0,
        "Selling General And Administration": 25858000.0,
        "General And Administrative Expense": 25858000.0,
        "Other Gand A": 25858000.0,
        "Gross Profit": 127775000.0,
        "Cost Of Revenue": 32330000.0,
        "Total Revenue": 160105000.0,
        "Operating Revenue": 160105000.0
    }
}