{
    "2023-03-31": {
        "Tax Effect Of Unusual Items": NaN,
        "Tax Rate For Calcs": NaN,
        "Normalized EBITDA": NaN,
        "Total Unusual Items": NaN,
        "Total Unusual Items Excluding Goodwill": NaN,
        "Net Income From Continuing Operation Net Minority Interest": NaN,
        "Reconciled Depreciation": NaN,
        "Reconciled Cost Of Revenue": NaN,
        "EBITDA": NaN,
        "EBIT": NaN,
        "Net Interest Income": NaN,
        "Interest Expense": NaN,
        "Interest Income": NaN,
        "Normalized Income": NaN,
        "Net Income From Continuing And Discontinued Operation": NaN,
        "Total Expenses": NaN,
        "Total Operating Income As Reported": NaN,
        "Diluted Average Shares": NaN,
        "Basic Average Shares": NaN,
        "Diluted EPS": NaN,
        "Basic EPS": NaN,
        "Diluted NI Availto Com Stockholders": NaN,
        "Net Income Common Stockholders": NaN,
        "Preferred Stock Dividends": 1000000.0,
        "Net Income": NaN,
        "Net Income Including Noncontrolling Interests": NaN,
        "Net Income Continuous Operations": NaN,
        "Tax Provision": NaN,
        "Pretax Income": NaN,
        "Other Income Expense": NaN,
        "Other Non Operating Income Expenses": NaN,
        "Special Income Charges": NaN,
        "Gain On Sale Of Ppe": -4000000.0,
        "Gain On Sale Of Business": NaN,
        "Other Special Charges": 1000000.0,
        "Restructuring And Mergern Acquisition": NaN,
        "Gain On Sale Of Security": NaN,
        "Net Non Operating Interest Income Expense": NaN,
        "Interest Expense Non Operating": NaN,
        "Interest Income Non Operating": NaN,
        "Operating Income": NaN,
        "Operating Expense": NaN,
        "Depreciation Amortization Depletion Income Statement": NaN,
        "Depreciation And Amortization In Income Statement": NaN,
        "Research And Development": NaN,
        "Selling General And Administration": NaN,
        "General And Administrative Expense": NaN,
        "Other Gand A": NaN,
        "Salaries And Wages": 3000000.0,
        "Gross Profit": NaN,
        "Cost Of Revenue": NaN,
        "Total Revenue": NaN,
        "Operating Revenue": NaN
    },
    "2022-12-31": {
        "Tax Effect Of Unusual Items": NaN,
        "Tax Rate For Calcs": NaN,
        "Normalized EBITDA": NaN,
        "Total Unusual Items": NaN,
        "Total Unusual Items Excluding Goodwill": NaN,
        "Net Income From Continuing Operation Net Minority Interest": NaN,
        "Reconciled Depreciation": NaN,
        "Reconciled Cost Of Revenue": NaN,
        "EBITDA": NaN,
        "EBIT": NaN,
        "Net Interest Income": NaN,
        "Interest Expense": NaN,
        "Interest Income": NaN,
        "Normalized Income": NaN,
        "Net Income From Continuing And Discontinued Operation": NaN,
        "Total Expenses": NaN,
        "Total Operating Income As Reported": NaN,
        "Diluted Average Shares": NaN,
        "Basic Average Shares": NaN,
        "Diluted EPS": NaN,
        "Basic EPS": NaN,
        "Diluted NI Availto Com Stockholders": NaN,
        "Net Income Common Stockholders": NaN,
        "Preferred Stock Dividends": 0.0,
        "Net Income": NaN,
        "Net Income Including Noncontrolling Interests": NaN,
        "Net Income Continuous Operations": NaN,
        "Tax Provision": NaN,
        "Pretax Income": NaN,
        "Other Income Expense": NaN,
        "Other Non Operating Income Expenses": NaN,
        "Special Income Charges": NaN,
        "Gain On Sale Of Ppe": NaN,
        "Gain On Sale Of Business": NaN,
        "Other Special Charges": 65000000.0,
        "Impairment Of Capital Assets": 1000000.0,
        "Restructuring And Mergern Acquisition": NaN,
        "Gain On Sale Of Security": NaN,
        "Net Non Operating Interest Income Expense": NaN,
        "Interest Expense Non Operating": NaN,
        "Interest Income Non Operating": NaN,
        "Operating Income": NaN,
        "Operating Expense": NaN,
        "Depreciation Amortization Depletion Income Statement": NaN,
        "Depreciation And Amortization In Income Statement": NaN,
        "Research And Development": NaN,
        "Selling General And Administration": NaN,
        "General And Administrative Expense": NaN,
        "Other Gand A": NaN,
        "Salaries And Wages": NaN,
        "Gross Profit": NaN,
        "Cost Of Revenue": NaN,
        "Total Revenue": NaN,
        "Operating Revenue": NaN
    },
    "2022-09-30": {
        "Tax Effect Of Unusual Items": NaN,
        "Tax Rate For Calcs": NaN,
        "Normalized EBITDA": NaN,
        "Total Unusual Items": NaN,
        "Total Unusual Items Excluding Goodwill": NaN,
        "Net Income From Continuing Operation Net Minority Interest": NaN,
        "Reconciled Depreciation": NaN,
        "Reconciled Cost Of Revenue": NaN,
        "EBITDA": NaN,
        "EBIT": NaN,
        "Net Interest Income": NaN,
        "Interest Expense": NaN,
        "Interest Income": NaN,
        "Normalized Income": NaN,
        "Net Income From Continuing And Discontinued Operation": NaN,
        "Total Expenses": NaN,
        "Total Operating Income As Reported": NaN,
        "Diluted Average Shares": NaN,
        "Basic Average Shares": NaN,
        "Diluted EPS": NaN,
        "Basic EPS": NaN,
        "Diluted NI Availto Com Stockholders": NaN,
        "Net Income Common Stockholders": NaN,
        "Preferred Stock Dividends": NaN,
        "Net Income": NaN,
        "Net Income Including Noncontrolling Interests": NaN,
        "Net Income Continuous Operations": NaN,
        "Tax Provision": NaN,
        "Pretax Income": NaN,
        "Other Income Expense": NaN,
        "Other Non Operating Income Expenses": NaN,
        "Special Income Charges": NaN,
        "Gain On Sale Of Ppe": NaN,
        "Other Special Charges": -2000000.0,
        "Impairment Of Capital Assets": 0.0,
        "Restructuring And Mergern Acquisition": NaN,
        "Gain On Sale Of Security": NaN,
        "Net Non Operating Interest Income Expense": NaN,
        "Interest Expense Non Operating": NaN,
        "Interest Income Non Operating": NaN,
        "Operating Income": NaN,
        "Operating Expense": NaN,
        "Depreciation Amortization Depletion Income Statement": NaN,
        "Depreciation And Amortization In Income Statement": NaN,
        "Research And Development": NaN,
        "Selling General And Administration": NaN,
        "General And Administrative Expense": NaN,
        "Other Gand A": NaN,
        "Salaries And Wages": 4000000.0,
        "Gross Profit": NaN,
        "Cost Of Revenue": NaN,
        "Total Revenue": NaN,
        "Operating Revenue": NaN
    },
    "2022-06-30": {
        "Tax Effect Of Unusual Items": 197000.0,
        "Tax Rate For Calcs": 0.197,
        "Normalized EBITDA": 306000000.0,
        "Total Unusual Items": 1000000.0,
        "Total Unusual Items Excluding Goodwill": 1000000.0,
        "Net Income From Continuing Operation Net Minority Interest": 147000000.0,
        "Reconciled Depreciation": 67000000.0,
        "Reconciled Cost Of Revenue": 987000000.0,
        "EBITDA": 307000000.0,
        "EBIT": 240000000.0,
        "Net Interest Income": -56000000.0,
        "Interest Expense": 57000000.0,
        "Interest Income": 1000000.0,
        "Normalized Income": 146197000.0,
        "Net Income From Continuing And Discontinued Operation": 147000000.0,
        "Total Expenses": 1146000000.0,
        "Total Operating Income As Reported": 241000000.0,
        "Diluted Average Shares": 422000000.0,
        "Basic Average Shares": 417000000.0,
        "Diluted EPS": 0.35,
        "Basic EPS": 0.35,
        "Diluted NI Availto Com Stockholders": 147000000.0,
        "Net Income Common Stockholders": 147000000.0,
        "Preferred Stock Dividends": NaN,
        "Net Income": 147000000.0,
        "Net Income Including Noncontrolling Interests": 147000000.0,
        "Net Income Continuous Operations": 147000000.0,
        "Tax Provision": 36000000.0,
        "Pretax Income": 183000000.0,
        "Other Income Expense": -8000000.0,
        "Other Non Operating Income Expenses": -9000000.0,
        "Special Income Charges": 4000000.0,
        "Gain On Sale Of Ppe": NaN,
        "Other Special Charges": -4000000.0,
        "Write Off": NaN,
        "Impairment Of Capital Assets": 0.0,
        "Restructuring And Mergern Acquisition": 0.0,
        "Gain On Sale Of Security": -3000000.0,
        "Net Non Operating Interest Income Expense": -56000000.0,
        "Interest Expense Non Operating": 57000000.0,
        "Interest Income Non Operating": 1000000.0,
        "Operating Income": 247000000.0,
        "Operating Expense": 159000000.0,
        "Depreciation Amortization Depletion Income Statement": 67000000.0,
        "Depreciation And Amortization In Income Statement": 67000000.0,
        "Research And Development": 9000000.0,
        "Selling General And Administration": 83000000.0,
        "General And Administrative Expense": 83000000.0,
        "Other Gand A": 83000000.0,
        "Salaries And Wages": NaN,
        "Gross Profit": 406000000.0,
        "Cost Of Revenue": 987000000.0,
        "Total Revenue": 1393000000.0,
        "Operating Revenue": 1393000000.0
    },
    "2023-06-30": {
        "Tax Effect Of Unusual Items": NaN,
        "Tax Rate For Calcs": NaN,
        "Normalized EBITDA": NaN,
        "Total Unusual Items": NaN,
        "Total Unusual Items Excluding Goodwill": NaN,
        "Net Income From Continuing Operation Net Minority Interest": NaN,
        "Reconciled Depreciation": NaN,
        "Reconciled Cost Of Revenue": NaN,
        "EBITDA": NaN,
        "EBIT": NaN,
        "Net Interest Income": NaN,
        "Interest Expense": NaN,
        "Interest Income": NaN,
        "Normalized Income": NaN,
        "Net Income From Continuing And Discontinued Operation": NaN,
        "Total Expenses": NaN,
        "Total Operating Income As Reported": NaN,
        "Diluted Average Shares": NaN,
        "Basic Average Shares": NaN,
        "Diluted EPS": NaN,
        "Basic EPS": NaN,
        "Diluted NI Availto Com Stockholders": NaN,
        "Net Income Common Stockholders": NaN,
        "Preferred Stock Dividends": NaN,
        "Net Income": NaN,
        "Net Income Including Noncontrolling Interests": NaN,
        "Net Income Continuous Operations": NaN,
        "Tax Provision": NaN,
        "Pretax Income": NaN,
        "Other Income Expense": NaN,
        "Other Non Operating Income Expenses": NaN,
        "Special Income Charges": NaN,
        "Gain On Sale Of Business": 0.0,
        "Other Special Charges": NaN,
        "Restructuring And Mergern Acquisition": NaN,
        "Gain On Sale Of Security": NaN,
        "Net Non Operating Interest Income Expense": NaN,
        "Interest Expense Non Operating": NaN,
        "Interest Income Non Operating": NaN,
        "Operating Income": NaN,
        "Operating Expense": NaN,
        "Depreciation Amortization Depletion Income Statement": NaN,
        "Depreciation And Amortization In Income Statement": NaN,
        "Research And Development": NaN,
        "Selling General And Administration": NaN,
        "General And Administrative Expense": NaN,
        "Other Gand A": NaN,
        "Salaries And Wages": 8000000.0,
        "Gross Profit": NaN,
        "Cost Of Revenue": NaN,
        "Total Revenue": NaN,
        "Operating Revenue": NaN
    },
    "2022-03-31": {
        "Diluted EPS": 0.31,
        "Total Revenue": NaN,
        "Gross Profit": 374,
        "Operating Income": 230,
        "EBIT": 296,
        "Net Income": 130
    },
    "2021-12-31": {
        "Diluted EPS": 0.18,
        "Total Revenue": NaN,
        "Gross Profit": 347,
        "Operating Income": 147,
        "EBIT": 214,
        "Net Income": 77
    },
    "2021-09-30": {
        "Diluted EPS": 0.06,
        "Total Revenue": NaN,
        "Gross Profit": 355,
        "Operating Income": 205,
        "EBIT": 273,
        "Net Income": 26
    },
    "2021-06-30": {
        "Diluted EPS": 0.17,
        "Total Revenue": NaN,
        "Gross Profit": 338,
        "Operating Income": 207,
        "EBIT": 274,
        "Net Income": 74
    },
    "2021-03-31": {
        "Diluted EPS": 0.18,
        "Total Revenue": NaN,
        "Gross Profit": 336,
        "Operating Income": 189,
        "EBIT": 257,
        "Net Income": 79
    },
    "2020-12-31": {
        "Diluted EPS": 0.24,
        "Total Revenue": NaN,
        "Gross Profit": 366,
        "Operating Income": 221,
        "EBIT": 288,
        "Net Income": 106
    },
    "2020-09-30": {
        "Diluted EPS": 0.08,
        "Total Revenue": NaN,
        "Gross Profit": 234,
        "Operating Income": 73,
        "EBIT": 141,
        "Net Income": 35
    },
    "2020-06-30": {
        "Diluted EPS": -0.22,
        "Total Revenue": NaN,
        "Gross Profit": 330,
        "Operating Income": 74,
        "EBIT": 148,
        "Net Income": -96
    },
    "2020-03-31": {
        "Diluted EPS": 0.49,
        "Total Revenue": NaN,
        "Gross Profit": 451,
        "Operating Income": 258,
        "EBIT": 387,
        "Net Income": 214
    },
    "2019-12-31": {
        "Diluted EPS": 0.71,
        "Total Revenue": NaN,
        "Gross Profit": 465,
        "Operating Income": 285,
        "EBIT": 414,
        "Net Income": 309
    },
    "2019-09-30": {
        "Diluted EPS": 0.22,
        "Total Revenue": NaN,
        "Gross Profit": 477,
        "Operating Income": 256,
        "EBIT": 387,
        "Net Income": 94
    },
    "2019-06-30": {
        "Diluted EPS": -0.28,
        "Total Revenue": NaN,
        "Gross Profit": 483,
        "Operating Income": -176,
        "EBIT": -37,
        "Net Income": -121
    },
    "2019-03-31": {
        "Diluted EPS": 0.39,
        "Total Revenue": NaN,
        "Gross Profit": 723,
        "Operating Income": 374,
        "EBIT": 511,
        "Net Income": 186
    },
    "2018-12-31": {
        "Diluted EPS": 0.44,
        "Total Revenue": NaN,
        "Gross Profit": 627,
        "Operating Income": 323,
        "EBIT": 472,
        "Net Income": 218
    },
    "2018-09-30": {
        "Diluted EPS": 0.32,
        "Total Revenue": NaN,
        "Gross Profit": 643,
        "Operating Income": 345,
        "EBIT": 486,
        "Net Income": 160
    },
    "2018-06-30": {
        "Diluted EPS": 0.24,
        "Total Revenue": NaN,
        "Gross Profit": 670,
        "Operating Income": 324,
        "EBIT": 468,
        "Net Income": 120
    },
    "2018-03-31": {
        "Diluted EPS": 0.29,
        "Total Revenue": NaN,
        "Gross Profit": 677,
        "Operating Income": 333,
        "EBIT": 475,
        "Net Income": 142
    },
    "2017-12-31": {
        "Diluted EPS": -1.58,
        "Total Revenue": NaN,
        "Gross Profit": 648,
        "Operating Income": -433,
        "EBIT": 427,
        "Net Income": -727
    },
    "2017-09-30": {
        "Diluted EPS": 0.22,
        "Total Revenue": NaN,
        "Gross Profit": 645,
        "Operating Income": 310,
        "EBIT": 450,
        "Net Income": 101
    },
    "2017-06-30": {
        "Diluted EPS": 0.43,
        "Total Revenue": NaN,
        "Gross Profit": 712,
        "Operating Income": 320,
        "EBIT": 457,
        "Net Income": 194
    },
    "2017-03-31": {
        "Diluted EPS": 0.65,
        "Total Revenue": NaN,
        "Gross Profit": 734,
        "Operating Income": 283,
        "EBIT": 416,
        "Net Income": 305
    },
    "2016-12-31": {
        "Diluted EPS": -2.88,
        "Total Revenue": NaN,
        "Gross Profit": 592,
        "Operating Income": 29,
        "EBIT": 223,
        "Net Income": NaN
    },
    "2016-09-30": {
        "Diluted EPS": 0.33,
        "Total Revenue": NaN,
        "Gross Profit": 635,
        "Operating Income": 237,
        "EBIT": 553,
        "Net Income": 148
    },
    "2016-06-30": {
        "Diluted EPS": 0.27,
        "Total Revenue": NaN,
        "Gross Profit": 701,
        "Operating Income": 283,
        "EBIT": 596,
        "Net Income": 118
    },
    "2016-03-31": {
        "Diluted EPS": 0.0,
        "Total Revenue": NaN,
        "Gross Profit": 655,
        "Operating Income": 270,
        "EBIT": 579,
        "Net Income": -2
    },
    "2015-12-31": {
        "Diluted EPS": -1.17,
        "Total Revenue": NaN,
        "Gross Profit": 841,
        "Operating Income": -337,
        "EBIT": 9,
        "Net Income": -500
    },
    "2015-09-30": {
        "Diluted EPS": 0.06,
        "Total Revenue": NaN,
        "Gross Profit": NaN,
        "Operating Income": 314,
        "EBIT": 632,
        "Net Income": 26
    },
    "2015-06-30": {
        "Diluted EPS": 0.3,
        "Total Revenue": NaN,
        "Gross Profit": NaN,
        "Operating Income": 406,
        "EBIT": 726,
        "Net Income": 123
    },
    "2015-03-31": {
        "Diluted EPS": 0.42,
        "Total Revenue": NaN,
        "Gross Profit": NaN,
        "Operating Income": 591,
        "EBIT": 912,
        "Net Income": 178
    },
    "2014-12-31": {
        "Diluted EPS": 0.33,
        "Total Revenue": NaN,
        "Gross Profit": NaN,
        "Operating Income": 350,
        "EBIT": 686,
        "Net Income": 159
    },
    "2014-09-30": {
        "Diluted EPS": 0.36,
        "Total Revenue": NaN,
        "Gross Profit": NaN,
        "Operating Income": 479,
        "EBIT": 825,
        "Net Income": 149
    },
    "2014-06-30": {
        "Diluted EPS": 0.36,
        "Total Revenue": NaN,
        "Gross Profit": NaN,
        "Operating Income": 317,
        "EBIT": 667,
        "Net Income": 138
    },
    "2014-03-31": {
        "Diluted EPS": -0.48,
        "Total Revenue": NaN,
        "Gross Profit": 959,
        "Operating Income": -129,
        "EBIT": 211,
        "Net Income": -179
    },
    "2013-12-31": {
        "Diluted EPS": -6.54,
        "Total Revenue": NaN,
        "Gross Profit": 877,
        "Operating Income": -165,
        "EBIT": NaN,
        "Net Income": NaN
    },
    "2013-09-30": {
        "Diluted EPS": 0.06,
        "Total Revenue": NaN,
        "Gross Profit": 967,
        "Operating Income": 176,
        "EBIT": 524,
        "Net Income": 23
    },
    "2013-06-30": {
        "Diluted EPS": -0.33,
        "Total Revenue": NaN,
        "Gross Profit": 916,
        "Operating Income": 10,
        "EBIT": 373,
        "Net Income": -119
    },
    "2013-03-31": {
        "Diluted EPS": 0.39,
        "Total Revenue": NaN,
        "Gross Profit": 986,
        "Operating Income": 322,
        "EBIT": 683,
        "Net Income": 148
    },
    "2012-12-31": {
        "Diluted EPS": 0.66,
        "Total Revenue": NaN,
        "Gross Profit": NaN,
        "Operating Income": 175,
        "EBIT": 538,
        "Net Income": 242
    },
    "2012-09-30": {
        "Diluted EPS": -0.39,
        "Total Revenue": NaN,
        "Gross Profit": 567,
        "Operating Income": -86,
        "EBIT": 280,
        "Net Income": -144
    },
    "2012-06-30": {
        "Diluted EPS": 0.0,
        "Total Revenue": NaN,
        "Gross Profit": 809,
        "Operating Income": 139,
        "EBIT": 503,
        "Net Income": -2
    },
    "2012-03-31": {
        "Diluted EPS": 0.27,
        "Total Revenue": NaN,
        "Gross Profit": 908,
        "Operating Income": 245,
        "EBIT": 614,
        "Net Income": 93
    },
    "2011-12-31": {
        "Diluted EPS": -0.45,
        "Total Revenue": NaN,
        "Gross Profit": 761,
        "Operating Income": -154,
        "EBIT": 214,
        "Net Income": -190
    },
    "2011-09-30": {
        "Diluted EPS": 0.45,
        "Total Revenue": NaN,
        "Gross Profit": NaN,
        "Operating Income": 436,
        "EBIT": 813,
        "Net Income": 171
    },
    "2011-06-30": {
        "Diluted EPS": 0.84,
        "Total Revenue": NaN,
        "Gross Profit": NaN,
        "Operating Income": 630,
        "EBIT": NaN,
        "Net Income": 322
    },
    "2011-03-31": {
        "Diluted EPS": 0.81,
        "Total Revenue": NaN,
        "Gross Profit": NaN,
        "Operating Income": 588,
        "EBIT": 949,
        "Net Income": 308
    },
    "2010-12-31": {
        "Diluted EPS": 0.75,
        "Total Revenue": NaN,
        "Gross Profit": NaN,
        "Operating Income": 423,
        "EBIT": 794,
        "Net Income": 263
    },
    "2010-09-30": {
        "Diluted EPS": 0.18,
        "Total Revenue": NaN,
        "Gross Profit": 874,
        "Operating Income": 242,
        "EBIT": 600,
        "Net Income": 61
    },
    "2010-06-30": {
        "Diluted EPS": 0.39,
        "Total Revenue": NaN,
        "Gross Profit": 977,
        "Operating Income": 331,
        "EBIT": 695,
        "Net Income": 136
    },
    "2010-03-31": {
        "Diluted EPS": -0.6,
        "Total Revenue": NaN,
        "Gross Profit": 874,
        "Operating Income": 51,
        "EBIT": 409,
        "Net Income": -201
    },
    "2009-12-31": {
        "Diluted EPS": -0.69,
        "Total Revenue": NaN,
        "Gross Profit": 528,
        "Operating Income": -252,
        "EBIT": 117,
        "Net Income": -277
    },
    "2009-09-30": {
        "Diluted EPS": 0.24,
        "Total Revenue": NaN,
        "Gross Profit": 727,
        "Operating Income": 95,
        "EBIT": 437,
        "Net Income": 77
    },
    "2009-06-30": {
        "Diluted EPS": -1.41,
        "Total Revenue": NaN,
        "Gross Profit": 278,
        "Operating Income": -399,
        "EBIT": -82,
        "Net Income": -454
    },
    "2009-03-31": {
        "Diluted EPS": -1.83,
        "Total Revenue": NaN,
        "Gross Profit": 4,
        "Operating Income": -633,
        "EBIT": -350,
        "Net Income": -497
    },
    "2023-09-30": {
        "Tax Effect Of Unusual Items": NaN,
        "Tax Rate For Calcs": NaN,
        "Normalized EBITDA": NaN,
        "Total Unusual Items": NaN,
        "Total Unusual Items Excluding Goodwill": NaN,
        "Net Income From Continuing Operation Net Minority Interest": NaN,
        "Reconciled Depreciation": NaN,
        "Reconciled Cost Of Revenue": NaN,
        "EBITDA": NaN,
        "EBIT": NaN,
        "Net Interest Income": NaN,
        "Interest Expense": NaN,
        "Interest Income": NaN,
        "Normalized Income": NaN,
        "Net Income From Continuing And Discontinued Operation": NaN,
        "Total Expenses": NaN,
        "Total Operating Income As Reported": NaN,
        "Diluted Average Shares": NaN,
        "Basic Average Shares": NaN,
        "Diluted EPS": NaN,
        "Basic EPS": NaN,
        "Diluted NI Availto Com Stockholders": NaN,
        "Net Income Common Stockholders": NaN,
        "Preferred Stock Dividends": NaN,
        "Net Income": NaN,
        "Net Income Including Noncontrolling Interests": NaN,
        "Net Income Continuous Operations": NaN,
        "Tax Provision": NaN,
        "Pretax Income": NaN,
        "Other Income Expense": NaN,
        "Other Non Operating Income Expenses": NaN,
        "Special Income Charges": NaN,
        "Gain On Sale Of Business": 0.0,
        "Other Special Charges": NaN,
        "Restructuring And Mergern Acquisition": NaN,
        "Gain On Sale Of Security": NaN,
        "Net Non Operating Interest Income Expense": NaN,
        "Interest Expense Non Operating": NaN,
        "Interest Income Non Operating": NaN,
        "Operating Income": NaN,
        "Operating Expense": NaN,
        "Depreciation Amortization Depletion Income Statement": NaN,
        "Depreciation And Amortization In Income Statement": NaN,
        "Research And Development": NaN,
        "Selling General And Administration": NaN,
        "General And Administrative Expense": NaN,
        "Other Gand A": NaN,
        "Salaries And Wages": 7000000.0,
        "Gross Profit": NaN,
        "Cost Of Revenue": NaN,
        "Total Revenue": NaN,
        "Operating Revenue": NaN
    },
    "2023-12-31": {
        "Tax Effect Of Unusual Items": NaN,
        "Tax Rate For Calcs": NaN,
        "Normalized EBITDA": NaN,
        "Total Unusual Items": NaN,
        "Total Unusual Items Excluding Goodwill": NaN,
        "Net Income From Continuing Operation Net Minority Interest": NaN,
        "Reconciled Depreciation": NaN,
        "Reconciled Cost Of Revenue": NaN,
        "EBITDA": NaN,
        "EBIT": NaN,
        "Net Interest Income": NaN,
        "Interest Expense": NaN,
        "Interest Income": NaN,
        "Normalized Income": NaN,
        "Net Income From Continuing And Discontinued Operation": NaN,
        "Total Expenses": NaN,
        "Total Operating Income As Reported": NaN,
        "Diluted Average Shares": NaN,
        "Basic Average Shares": NaN,
        "Diluted EPS": NaN,
        "Basic EPS": NaN,
        "Diluted NI Availto Com Stockholders": NaN,
        "Net Income Common Stockholders": NaN,
        "Preferred Stock Dividends": 0.0,
        "Net Income": NaN,
        "Net Income Including Noncontrolling Interests": NaN,
        "Net Income Continuous Operations": NaN,
        "Tax Provision": NaN,
        "Pretax Income": NaN,
        "Other Income Expense": NaN,
        "Other Non Operating Income Expenses": NaN,
        "Special Income Charges": NaN,
        "Gain On Sale Of Business": NaN,
        "Other Special Charges": -24000000.0,
        "Restructuring And Mergern Acquisition": NaN,
        "Gain On Sale Of Security": NaN,
        "Net Non Operating Interest Income Expense": NaN,
        "Interest Expense Non Operating": NaN,
        "Interest Income Non Operating": NaN,
        "Operating Income": NaN,
        "Operating Expense": NaN,
        "Depreciation Amortization Depletion Income Statement": NaN,
        "Depreciation And Amortization In Income Statement": NaN,
        "Research And Development": NaN,
        "Selling General And Administration": NaN,
        "General And Administrative Expense": NaN,
        "Other Gand A": NaN,
        "Salaries And Wages": NaN,
        "Gross Profit": NaN,
        "Cost Of Revenue": NaN,
        "Total Revenue": NaN,
        "Operating Revenue": NaN
    },
    "2024-03-31": {
        "Tax Effect Of Unusual Items": NaN,
        "Tax Rate For Calcs": NaN,
        "Normalized EBITDA": NaN,
        "Total Unusual Items": NaN,
        "Total Unusual Items Excluding Goodwill": NaN,
        "Net Income From Continuing Operation Net Minority Interest": NaN,
        "Reconciled Depreciation": NaN,
        "Reconciled Cost Of Revenue": NaN,
        "EBITDA": NaN,
        "EBIT": NaN,
        "Net Interest Income": NaN,
        "Interest Expense": NaN,
        "Interest Income": NaN,
        "Normalized Income": NaN,
        "Net Income From Continuing And Discontinued Operation": NaN,
        "Total Expenses": NaN,
        "Total Operating Income As Reported": NaN,
        "Diluted Average Shares": NaN,
        "Basic Average Shares": NaN,
        "Diluted EPS": NaN,
        "Basic EPS": NaN,
        "Diluted NI Availto Com Stockholders": NaN,
        "Net Income Common Stockholders": NaN,
        "Preferred Stock Dividends": 1000000.0,
        "Net Income": NaN,
        "Net Income Including Noncontrolling Interests": NaN,
        "Net Income Continuous Operations": NaN,
        "Tax Provision": NaN,
        "Pretax Income": NaN,
        "Other Income Expense": NaN,
        "Other Non Operating Income Expenses": NaN,
        "Special Income Charges": NaN,
        "Gain On Sale Of Business": NaN,
        "Other Special Charges": NaN,
        "Restructuring And Mergern Acquisition": NaN,
        "Gain On Sale Of Security": NaN,
        "Net Non Operating Interest Income Expense": NaN,
        "Interest Expense Non Operating": NaN,
        "Interest Income Non Operating": NaN,
        "Operating Income": NaN,
        "Operating Expense": NaN,
        "Depreciation Amortization Depletion Income Statement": 67000000.0,
        "Depreciation And Amortization In Income Statement": 67000000.0,
        "Research And Development": NaN,
        "Selling General And Administration": NaN,
        "General And Administrative Expense": NaN,
        "Other Gand A": NaN,
        "Salaries And Wages": NaN,
        "Gross Profit": NaN,
        "Cost Of Revenue": NaN,
        "Total Revenue": NaN,
        "Operating Revenue": NaN
    },
    "2024-06-30": {
        "Tax Effect Of Unusual Items": NaN,
        "Tax Rate For Calcs": NaN,
        "Normalized EBITDA": NaN,
        "Total Unusual Items": NaN,
        "Total Unusual Items Excluding Goodwill": NaN,
        "Net Income From Continuing Operation Net Minority Interest": NaN,
        "Reconciled Depreciation": NaN,
        "Reconciled Cost Of Revenue": NaN,
        "EBITDA": NaN,
        "EBIT": NaN,
        "Net Interest Income": NaN,
        "Interest Expense": NaN,
        "Interest Income": NaN,
        "Normalized Income": NaN,
        "Net Income From Continuing And Discontinued Operation": NaN,
        "Total Expenses": NaN,
        "Total Operating Income As Reported": NaN,
        "Diluted Average Shares": NaN,
        "Basic Average Shares": NaN,
        "Diluted EPS": NaN,
        "Basic EPS": NaN,
        "Diluted NI Availto Com Stockholders": NaN,
        "Net Income Common Stockholders": NaN,
        "Preferred Stock Dividends": NaN,
        "Net Income": NaN,
        "Net Income Including Noncontrolling Interests": NaN,
        "Net Income Continuous Operations": NaN,
        "Tax Provision": NaN,
        "Pretax Income": NaN,
        "Other Income Expense": NaN,
        "Other Non Operating Income Expenses": NaN,
        "Special Income Charges": NaN,
        "Gain On Sale Of Business": -14000000.0,
        "Other Special Charges": NaN,
        "Restructuring And Mergern Acquisition": NaN,
        "Gain On Sale Of Security": NaN,
        "Net Non Operating Interest Income Expense": NaN,
        "Interest Expense Non Operating": NaN,
        "Interest Income Non Operating": NaN,
        "Operating Income": NaN,
        "Operating Expense": NaN,
        "Depreciation Amortization Depletion Income Statement": 69000000.0,
        "Depreciation And Amortization In Income Statement": 69000000.0,
        "Research And Development": NaN,
        "Selling General And Administration": NaN,
        "General And Administrative Expense": NaN,
        "Other Gand A": NaN,
        "Salaries And Wages": 9000000.0,
        "Gross Profit": NaN,
        "Cost Of Revenue": NaN,
        "Total Revenue": NaN,
        "Operating Revenue": NaN
    },
    "2024-09-30": {
        "Tax Effect Of Unusual Items": -744000.0,
        "Tax Rate For Calcs": 0.062,
        "Normalized EBITDA": 478000000.0,
        "Total Unusual Items": -12000000.0,
        "Total Unusual Items Excluding Goodwill": -12000000.0,
        "Net Income From Continuing Operation Net Minority Interest": 332000000.0,
        "Reconciled Depreciation": 68000000.0,
        "Reconciled Cost Of Revenue": 1321000000.0,
        "EBITDA": 466000000.0,
        "EBIT": 398000000.0,
        "Net Interest Income": -40000000.0,
        "Interest Expense": 44000000.0,
        "Interest Income": 4000000.0,
        "Normalized Income": 343256000.0,
        "Net Income From Continuing And Discontinued Operation": 332000000.0,
        "Total Expenses": 1415000000.0,
        "Total Operating Income As Reported": 421000000.0,
        "Diluted Average Shares": 410000000.0,
        "Basic Average Shares": 408000000.0,
        "Diluted EPS": 0.81,
        "Basic EPS": 0.81,
        "Diluted NI Availto Com Stockholders": 331000000.0,
        "Net Income Common Stockholders": 331000000.0,
        "Preferred Stock Dividends": 1000000.0,
        "Net Income": 332000000.0,
        "Net Income Including Noncontrolling Interests": 332000000.0,
        "Net Income Continuous Operations": 332000000.0,
        "Tax Provision": 22000000.0,
        "Pretax Income": 354000000.0,
        "Other Income Expense": -26000000.0,
        "Other Non Operating Income Expenses": -14000000.0,
        "Special Income Charges": -5000000.0,
        "Gain On Sale Of Business": 1000000.0,
        "Other Special Charges": 6000000.0,
        "Restructuring And Mergern Acquisition": 0.0,
        "Gain On Sale Of Security": -7000000.0,
        "Net Non Operating Interest Income Expense": -40000000.0,
        "Interest Expense Non Operating": 44000000.0,
        "Interest Income Non Operating": 4000000.0,
        "Operating Income": 420000000.0,
        "Operating Expense": 94000000.0,
        "Depreciation Amortization Depletion Income Statement": 68000000.0,
        "Depreciation And Amortization In Income Statement": 68000000.0,
        "Research And Development": 9000000.0,
        "Selling General And Administration": 85000000.0,
        "General And Administrative Expense": 85000000.0,
        "Other Gand A": 85000000.0,
        "Salaries And Wages": NaN,
        "Gross Profit": 514000000.0,
        "Cost Of Revenue": 1321000000.0,
        "Total Revenue": 1835000000.0,
        "Operating Revenue": 1835000000.0
    },
    "2024-12-31": {
        "Tax Effect Of Unusual Items": -2188775.510204,
        "Tax Rate For Calcs": 0.19898,
        "Normalized EBITDA": 516000000.0,
        "Total Unusual Items": -11000000.0,
        "Total Unusual Items Excluding Goodwill": -11000000.0,
        "Net Income From Continuing Operation Net Minority Interest": 314000000.0,
        "Reconciled Depreciation": 73000000.0,
        "Reconciled Cost Of Revenue": 1362000000.0,
        "EBITDA": 505000000.0,
        "EBIT": 432000000.0,
        "Net Interest Income": -35000000.0,
        "Interest Expense": 40000000.0,
        "Interest Income": 5000000.0,
        "Normalized Income": 322811224.489796,
        "Net Income From Continuing And Discontinued Operation": 314000000.0,
        "Total Expenses": 1461000000.0,
        "Total Operating Income As Reported": 445000000.0,
        "Diluted Average Shares": 408000000.0,
        "Basic Average Shares": 406000000.0,
        "Diluted EPS": 0.77,
        "Basic EPS": 0.77,
        "Diluted NI Availto Com Stockholders": 314000000.0,
        "Net Income Common Stockholders": 314000000.0,
        "Preferred Stock Dividends": 0.0,
        "Net Income": 314000000.0,
        "Net Income Including Noncontrolling Interests": 314000000.0,
        "Net Income Continuous Operations": 314000000.0,
        "Tax Provision": 78000000.0,
        "Pretax Income": 392000000.0,
        "Other Income Expense": -3000000.0,
        "Other Non Operating Income Expenses": 8000000.0,
        "Special Income Charges": 0.0,
        "Gain On Sale Of Business": NaN,
        "Other Special Charges": 0.0,
        "Restructuring And Mergern Acquisition": -2000000.0,
        "Gain On Sale Of Security": -11000000.0,
        "Net Non Operating Interest Income Expense": -35000000.0,
        "Interest Expense Non Operating": 40000000.0,
        "Interest Income Non Operating": 5000000.0,
        "Operating Income": 430000000.0,
        "Operating Expense": 99000000.0,
        "Depreciation Amortization Depletion Income Statement": 73000000.0,
        "Depreciation And Amortization In Income Statement": 73000000.0,
        "Research And Development": 7000000.0,
        "Selling General And Administration": 92000000.0,
        "General And Administrative Expense": 92000000.0,
        "Other Gand A": 77000000.0,
        "Salaries And Wages": NaN,
        "Gross Profit": 529000000.0,
        "Cost Of Revenue": 1362000000.0,
        "Total Revenue": 1891000000.0,
        "Operating Revenue": 1891000000.0
    },
    "2025-03-31": {
        "Tax Effect Of Unusual Items": -229000.0,
        "Tax Rate For Calcs": 0.229,
        "Normalized EBITDA": 555000000.0,
        "Total Unusual Items": -1000000.0,
        "Total Unusual Items Excluding Goodwill": -1000000.0,
        "Net Income From Continuing Operation Net Minority Interest": 344000000.0,
        "Reconciled Depreciation": 69000000.0,
        "Reconciled Cost Of Revenue": 1359000000.0,
        "EBITDA": 554000000.0,
        "EBIT": 485000000.0,
        "Net Interest Income": -35000000.0,
        "Interest Expense": 39000000.0,
        "Interest Income": 4000000.0,
        "Normalized Income": 344771000.0,
        "Net Income From Continuing And Discontinued Operation": 344000000.0,
        "Total Expenses": 1452000000.0,
        "Total Operating Income As Reported": 494000000.0,
        "Diluted Average Shares": 407000000.0,
        "Basic Average Shares": 405000000.0,
        "Diluted EPS": 0.84,
        "Basic EPS": 0.85,
        "Diluted NI Availto Com Stockholders": 343000000.0,
        "Net Income Common Stockholders": 343000000.0,
        "Preferred Stock Dividends": 1000000.0,
        "Net Income": 344000000.0,
        "Net Income Including Noncontrolling Interests": 344000000.0,
        "Net Income Continuous Operations": 344000000.0,
        "Tax Provision": 102000000.0,
        "Pretax Income": 446000000.0,
        "Other Income Expense": -9000000.0,
        "Other Non Operating Income Expenses": -8000000.0,
        "Special Income Charges": 4000000.0,
        "Gain On Sale Of Business": 3000000.0,
        "Other Special Charges": NaN,
        "Restructuring And Mergern Acquisition": -1000000.0,
        "Gain On Sale Of Security": -5000000.0,
        "Net Non Operating Interest Income Expense": -35000000.0,
        "Interest Expense Non Operating": 39000000.0,
        "Interest Income Non Operating": 4000000.0,
        "Operating Income": 490000000.0,
        "Operating Expense": 93000000.0,
        "Depreciation Amortization Depletion Income Statement": 69000000.0,
        "Depreciation And Amortization In Income Statement": 69000000.0,
        "Research And Development": 8000000.0,
        "Selling General And Administration": 85000000.0,
        "General And Administrative Expense": 85000000.0,
        "Other Gand A": 85000000.0,
        "Salaries And Wages": NaN,
        "Gross Profit": 583000000.0,
        "Cost Of Revenue": 1359000000.0,
        "Total Revenue": 1942000000.0,
        "Operating Revenue": 1942000000.0
    },
    "2025-06-30": {
        "Tax Effect Of Unusual Items": -396588.486141,
        "Tax Rate For Calcs": 0.132196,
        "Normalized EBITDA": 579000000.0,
        "Total Unusual Items": -3000000.0,
        "Total Unusual Items Excluding Goodwill": -3000000.0,
        "Net Income From Continuing Operation Net Minority Interest": 407000000.0,
        "Reconciled Depreciation": 69000000.0,
        "Reconciled Cost Of Revenue": 1434000000.0,
        "EBITDA": 576000000.0,
        "EBIT": 507000000.0,
        "Net Interest Income": -34000000.0,
        "Interest Expense": 38000000.0,
        "Interest Income": 4000000.0,
        "Normalized Income": 409603411.513859,
        "Net Income From Continuing And Discontinued Operation": 407000000.0,
        "Total Expenses": 1539000000.0,
        "Total Operating Income As Reported": 521000000.0,
        "Diluted Average Shares": 404000000.0,
        "Basic Average Shares": 404000000.0,
        "Diluted EPS": 1.0,
        "Basic EPS": 1.01,
        "Diluted NI Availto Com Stockholders": 407000000.0,
        "Net Income Common Stockholders": 407000000.0,
        "Preferred Stock Dividends": NaN,
        "Net Income": 407000000.0,
        "Net Income Including Noncontrolling Interests": 407000000.0,
        "Net Income Continuous Operations": 407000000.0,
        "Tax Provision": 62000000.0,
        "Pretax Income": 469000000.0,
        "Other Income Expense": -11000000.0,
        "Other Non Operating Income Expenses": -8000000.0,
        "Special Income Charges": 0.0,
        "Gain On Sale Of Business": 2000000.0,
        "Other Special Charges": NaN,
        "Restructuring And Mergern Acquisition": 2000000.0,
        "Gain On Sale Of Security": -3000000.0,
        "Net Non Operating Interest Income Expense": -34000000.0,
        "Interest Expense Non Operating": 38000000.0,
        "Interest Income Non Operating": 4000000.0,
        "Operating Income": 514000000.0,
        "Operating Expense": 105000000.0,
        "Depreciation Amortization Depletion Income Statement": NaN,
        "Depreciation And Amortization In Income Statement": NaN,
        "Research And Development": 9000000.0,
        "Selling General And Administration": 96000000.0,
        "General And Administrative Expense": 96000000.0,
        "Other Gand A": 89000000.0,
        "Salaries And Wages": 7000000.0,
        "Gross Profit": 619000000.0,
        "Cost Of Revenue": 1434000000.0,
        "Total Revenue": 2053000000.0,
        "Operating Revenue": 2053000000.0
    },
    "2025-09-30": {
        "Tax Effect Of Unusual Items": -1110000.0,
        "Tax Rate For Calcs": 0.222,
        "Normalized EBITDA": 609000000.0,
        "Total Unusual Items": -5000000.0,
        "Total Unusual Items Excluding Goodwill": -5000000.0,
        "Net Income From Continuing Operation Net Minority Interest": 385000000.0,
        "Reconciled Depreciation": 72000000.0,
        "Reconciled Cost Of Revenue": 1437000000.0,
        "EBITDA": 604000000.0,
        "EBIT": 532000000.0,
        "Net Interest Income": -32000000.0,
        "Interest Expense": 37000000.0,
        "Interest Income": 5000000.0,
        "Normalized Income": 388890000.0,
        "Net Income From Continuing And Discontinued Operation": 385000000.0,
        "Total Expenses": 1547000000.0,
        "Total Operating Income As Reported": 542000000.0,
        "Diluted Average Shares": 405000000.0,
        "Basic Average Shares": 403000000.0,
        "Diluted EPS": 0.95,
        "Basic EPS": 0.96,
        "Diluted NI Availto Com Stockholders": 384000000.0,
        "Net Income Common Stockholders": 384000000.0,
        "Preferred Stock Dividends": 1000000.0,
        "Net Income": 385000000.0,
        "Net Income Including Noncontrolling Interests": 385000000.0,
        "Net Income Continuous Operations": 385000000.0,
        "Tax Provision": 110000000.0,
        "Pretax Income": 495000000.0,
        "Other Income Expense": -15000000.0,
        "Other Non Operating Income Expenses": -10000000.0,
        "Special Income Charges": 0.0,
        "Gain On Sale Of Business": 1000000.0,
        "Other Special Charges": NaN,
        "Restructuring And Mergern Acquisition": 1000000.0,
        "Gain On Sale Of Security": -5000000.0,
        "Net Non Operating Interest Income Expense": -32000000.0,
        "Interest Expense Non Operating": 37000000.0,
        "Interest Income Non Operating": 5000000.0,
        "Operating Income": 542000000.0,
        "Operating Expense": 110000000.0,
        "Depreciation Amortization Depletion Income Statement": NaN,
        "Depreciation And Amortization In Income Statement": NaN,
        "Research And Development": 10000000.0,
        "Selling General And Administration": 100000000.0,
        "General And Administrative Expense": 100000000.0,
        "Other Gand A": 100000000.0,
        "Salaries And Wages": NaN,
        "Gross Profit": 652000000.0,
        "Cost Of Revenue": 1437000000.0,
        "Total Revenue": 2089000000.0,
        "Operating Revenue": 2089000000.0
    }
}