{
    "2023-03-31": {
        "Tax Effect Of Unusual Items": NaN,
        "Tax Rate For Calcs": NaN,
        "Normalized EBITDA": NaN,
        "Net Income From Continuing Operation Net Minority Interest": NaN,
        "Reconciled Depreciation": NaN,
        "Reconciled Cost Of Revenue": NaN,
        "EBITDA": NaN,
        "EBIT": NaN,
        "Net Interest Income": NaN,
        "Interest Expense": NaN,
        "Normalized Income": NaN,
        "Net Income From Continuing And Discontinued Operation": NaN,
        "Total Expenses": NaN,
        "Total Operating Income As Reported": NaN,
        "Diluted Average Shares": 17214000.0,
        "Basic Average Shares": 17049000.0,
        "Diluted EPS": 1.55,
        "Basic EPS": 1.56,
        "Diluted NI Availto Com Stockholders": NaN,
        "Net Income Common Stockholders": NaN,
        "Net Income": NaN,
        "Minority Interests": NaN,
        "Net Income Including Noncontrolling Interests": NaN,
        "Net Income Continuous Operations": NaN,
        "Tax Provision": NaN,
        "Pretax Income": NaN,
        "Other Income Expense": NaN,
        "Other Non Operating Income Expenses": NaN,
        "Earnings From Equity Interest": NaN,
        "Net Non Operating Interest Income Expense": NaN,
        "Interest Expense Non Operating": NaN,
        "Operating Income": NaN,
        "Operating Expense": NaN,
        "Selling General And Administration": NaN,
        "Gross Profit": NaN,
        "Cost Of Revenue": NaN,
        "Total Revenue": NaN,
        "Operating Revenue": NaN
    },
    "2022-12-31": {
        "Tax Effect Of Unusual Items": NaN,
        "Tax Rate For Calcs": NaN,
        "Normalized EBITDA": NaN,
        "Net Income From Continuing Operation Net Minority Interest": NaN,
        "Reconciled Depreciation": NaN,
        "Reconciled Cost Of Revenue": NaN,
        "EBITDA": NaN,
        "EBIT": NaN,
        "Net Interest Income": NaN,
        "Interest Expense": NaN,
        "Normalized Income": NaN,
        "Net Income From Continuing And Discontinued Operation": NaN,
        "Total Expenses": NaN,
        "Total Operating Income As Reported": NaN,
        "Diluted Average Shares": 17137000.0,
        "Basic Average Shares": 16936000.0,
        "Diluted EPS": 0.44,
        "Basic EPS": 0.45,
        "Diluted NI Availto Com Stockholders": NaN,
        "Net Income Common Stockholders": NaN,
        "Net Income": NaN,
        "Minority Interests": NaN,
        "Net Income Including Noncontrolling Interests": NaN,
        "Net Income Continuous Operations": NaN,
        "Tax Provision": NaN,
        "Pretax Income": NaN,
        "Other Income Expense": NaN,
        "Other Non Operating Income Expenses": NaN,
        "Earnings From Equity Interest": NaN,
        "Net Non Operating Interest Income Expense": NaN,
        "Interest Expense Non Operating": NaN,
        "Operating Income": NaN,
        "Operating Expense": NaN,
        "Selling General And Administration": NaN,
        "Gross Profit": NaN,
        "Cost Of Revenue": NaN,
        "Total Revenue": NaN,
        "Operating Revenue": NaN
    },
    "2022-09-30": {
        "Tax Effect Of Unusual Items": 0.0,
        "Tax Rate For Calcs": 0.4,
        "Normalized EBITDA": -13800000.0,
        "Total Unusual Items": NaN,
        "Total Unusual Items Excluding Goodwill": NaN,
        "Net Income From Continuing Operation Net Minority Interest": -37300000.0,
        "Reconciled Depreciation": 10900000.0,
        "Reconciled Cost Of Revenue": 753200000.0,
        "EBITDA": -13800000.0,
        "EBIT": -24700000.0,
        "Net Interest Income": -7700000.0,
        "Interest Expense": 7700000.0,
        "Normalized Income": -37300000.0,
        "Net Income From Continuing And Discontinued Operation": -37300000.0,
        "Total Expenses": 865000000.0,
        "Total Operating Income As Reported": -24900000.0,
        "Diluted Average Shares": 16920000.0,
        "Basic Average Shares": 16920000.0,
        "Diluted EPS": -2.2,
        "Basic EPS": -2.2,
        "Diluted NI Availto Com Stockholders": -37300000.0,
        "Net Income Common Stockholders": -37300000.0,
        "Net Income": -37300000.0,
        "Minority Interests": -700000.0,
        "Net Income Including Noncontrolling Interests": -36600000.0,
        "Net Income Continuous Operations": -36600000.0,
        "Tax Provision": 4200000.0,
        "Pretax Income": -32400000.0,
        "Other Income Expense": 200000.0,
        "Other Non Operating Income Expenses": -2400000.0,
        "Special Income Charges": NaN,
        "Write Off": NaN,
        "Earnings From Equity Interest": 2600000.0,
        "Net Non Operating Interest Income Expense": -7700000.0,
        "Interest Expense Non Operating": 7700000.0,
        "Operating Income": -24900000.0,
        "Operating Expense": 111800000.0,
        "Selling General And Administration": 111800000.0,
        "Gross Profit": 86900000.0,
        "Cost Of Revenue": 753200000.0,
        "Total Revenue": 840100000.0,
        "Operating Revenue": 767900000.0
    },
    "2022-06-30": {
        "Tax Effect Of Unusual Items": 0.0,
        "Tax Rate For Calcs": 0.142,
        "Normalized EBITDA": -4700000.0,
        "Total Unusual Items": NaN,
        "Total Unusual Items Excluding Goodwill": NaN,
        "Net Income From Continuing Operation Net Minority Interest": -19400000.0,
        "Reconciled Depreciation": 11000000.0,
        "Reconciled Cost Of Revenue": 796300000.0,
        "EBITDA": -4700000.0,
        "EBIT": -15700000.0,
        "Net Interest Income": -6100000.0,
        "Interest Expense": 6100000.0,
        "Normalized Income": -19400000.0,
        "Net Income From Continuing And Discontinued Operation": -19400000.0,
        "Total Expenses": 911100000.0,
        "Total Operating Income As Reported": -15700000.0,
        "Diluted Average Shares": 16907000.0,
        "Basic Average Shares": 16907000.0,
        "Diluted EPS": -1.15,
        "Basic EPS": -1.15,
        "Diluted NI Availto Com Stockholders": -19400000.0,
        "Net Income Common Stockholders": -19400000.0,
        "Net Income": -19400000.0,
        "Minority Interests": -700000.0,
        "Net Income Including Noncontrolling Interests": -18700000.0,
        "Net Income Continuous Operations": -18700000.0,
        "Tax Provision": -3100000.0,
        "Pretax Income": -21800000.0,
        "Other Income Expense": NaN,
        "Other Non Operating Income Expenses": -4100000.0,
        "Special Income Charges": NaN,
        "Write Off": NaN,
        "Earnings From Equity Interest": 4100000.0,
        "Net Non Operating Interest Income Expense": -6100000.0,
        "Interest Expense Non Operating": 6100000.0,
        "Operating Income": -15700000.0,
        "Operating Expense": 114800000.0,
        "Selling General And Administration": 114800000.0,
        "Gross Profit": 99100000.0,
        "Cost Of Revenue": 796300000.0,
        "Total Revenue": 895400000.0,
        "Operating Revenue": 812600000.0
    },
    "2023-06-30": {
        "Tax Effect Of Unusual Items": NaN,
        "Tax Rate For Calcs": NaN,
        "Normalized EBITDA": NaN,
        "Net Income From Continuing Operation Net Minority Interest": NaN,
        "Reconciled Depreciation": NaN,
        "Reconciled Cost Of Revenue": NaN,
        "EBITDA": NaN,
        "EBIT": NaN,
        "Net Interest Income": NaN,
        "Interest Expense": NaN,
        "Normalized Income": NaN,
        "Net Income From Continuing And Discontinued Operation": NaN,
        "Total Expenses": NaN,
        "Total Operating Income As Reported": NaN,
        "Diluted Average Shares": 17307000.0,
        "Basic Average Shares": 17164000.0,
        "Diluted EPS": 2.21,
        "Basic EPS": 2.23,
        "Diluted NI Availto Com Stockholders": NaN,
        "Net Income Common Stockholders": NaN,
        "Net Income": NaN,
        "Minority Interests": NaN,
        "Net Income Including Noncontrolling Interests": NaN,
        "Net Income Continuous Operations": NaN,
        "Tax Provision": NaN,
        "Pretax Income": NaN,
        "Other Income Expense": NaN,
        "Other Non Operating Income Expenses": NaN,
        "Earnings From Equity Interest": NaN,
        "Net Non Operating Interest Income Expense": NaN,
        "Interest Expense Non Operating": NaN,
        "Operating Income": NaN,
        "Operating Expense": NaN,
        "Selling General And Administration": NaN,
        "Gross Profit": NaN,
        "Cost Of Revenue": NaN,
        "Total Revenue": NaN,
        "Operating Revenue": NaN
    },
    "2023-09-30": {
        "Tax Effect Of Unusual Items": NaN,
        "Tax Rate For Calcs": NaN,
        "Normalized EBITDA": NaN,
        "Total Unusual Items": NaN,
        "Total Unusual Items Excluding Goodwill": NaN,
        "Net Income From Continuing Operation Net Minority Interest": NaN,
        "Reconciled Depreciation": NaN,
        "Reconciled Cost Of Revenue": NaN,
        "EBITDA": NaN,
        "EBIT": NaN,
        "Net Interest Income": NaN,
        "Interest Expense": NaN,
        "Normalized Income": NaN,
        "Net Income From Continuing And Discontinued Operation": NaN,
        "Total Expenses": NaN,
        "Total Operating Income As Reported": NaN,
        "Diluted Average Shares": 17413000.0,
        "Basic Average Shares": 17175000.0,
        "Diluted EPS": 2.06,
        "Basic EPS": 2.08,
        "Diluted NI Availto Com Stockholders": NaN,
        "Net Income Common Stockholders": NaN,
        "Net Income": NaN,
        "Minority Interests": NaN,
        "Net Income Including Noncontrolling Interests": NaN,
        "Net Income Continuous Operations": NaN,
        "Tax Provision": NaN,
        "Pretax Income": NaN,
        "Other Income Expense": NaN,
        "Other Non Operating Income Expenses": NaN,
        "Special Income Charges": NaN,
        "Restructuring And Mergern Acquisition": NaN,
        "Earnings From Equity Interest": NaN,
        "Net Non Operating Interest Income Expense": NaN,
        "Interest Expense Non Operating": NaN,
        "Operating Income": NaN,
        "Operating Expense": NaN,
        "Selling General And Administration": NaN,
        "Gross Profit": NaN,
        "Cost Of Revenue": NaN,
        "Total Revenue": NaN,
        "Operating Revenue": NaN
    },
    "2023-12-31": {
        "Tax Effect Of Unusual Items": 0.0,
        "Tax Rate For Calcs": 0.383693,
        "Normalized EBITDA": 62100000.0,
        "Net Income From Continuing Operation Net Minority Interest": 25200000.0,
        "Reconciled Depreciation": 11300000.0,
        "Reconciled Cost Of Revenue": 817500000.0,
        "EBITDA": 62100000.0,
        "EBIT": 50800000.0,
        "Net Interest Income": -9100000.0,
        "Interest Expense": 9100000.0,
        "Normalized Income": 25200000.0,
        "Net Income From Continuing And Discontinued Operation": 25200000.0,
        "Total Expenses": 978500000.0,
        "Total Operating Income As Reported": 48700000.0,
        "Diluted Average Shares": NaN,
        "Basic Average Shares": NaN,
        "Diluted EPS": NaN,
        "Basic EPS": NaN,
        "Diluted NI Availto Com Stockholders": 25200000.0,
        "Net Income Common Stockholders": 25200000.0,
        "Net Income": 25200000.0,
        "Minority Interests": -500000.0,
        "Net Income Including Noncontrolling Interests": 25700000.0,
        "Net Income Continuous Operations": 25700000.0,
        "Tax Provision": 16000000.0,
        "Pretax Income": 41700000.0,
        "Other Income Expense": 2100000.0,
        "Other Non Operating Income Expenses": 100000.0,
        "Earnings From Equity Interest": 2000000.0,
        "Net Non Operating Interest Income Expense": -9100000.0,
        "Interest Expense Non Operating": 9100000.0,
        "Operating Income": 48700000.0,
        "Operating Expense": 161000000.0,
        "Selling General And Administration": 161000000.0,
        "Gross Profit": 209700000.0,
        "Cost Of Revenue": 817500000.0,
        "Total Revenue": 1027200000.0,
        "Operating Revenue": 1256400000.0
    },
    "2024-03-31": {
        "Tax Effect Of Unusual Items": NaN,
        "Tax Rate For Calcs": NaN,
        "Normalized EBITDA": NaN,
        "Total Unusual Items": 0.0,
        "Total Unusual Items Excluding Goodwill": 0.0,
        "Net Income From Continuing Operation Net Minority Interest": NaN,
        "Reconciled Depreciation": NaN,
        "Reconciled Cost Of Revenue": NaN,
        "EBITDA": NaN,
        "EBIT": NaN,
        "Net Interest Income": NaN,
        "Interest Expense": NaN,
        "Normalized Income": NaN,
        "Net Income From Continuing And Discontinued Operation": NaN,
        "Total Expenses": NaN,
        "Total Operating Income As Reported": NaN,
        "Diluted Average Shares": NaN,
        "Basic Average Shares": NaN,
        "Diluted EPS": NaN,
        "Basic EPS": NaN,
        "Diluted NI Availto Com Stockholders": NaN,
        "Net Income Common Stockholders": NaN,
        "Net Income": NaN,
        "Minority Interests": NaN,
        "Net Income Including Noncontrolling Interests": NaN,
        "Net Income Continuous Operations": NaN,
        "Tax Provision": NaN,
        "Pretax Income": NaN,
        "Other Income Expense": NaN,
        "Other Non Operating Income Expenses": NaN,
        "Special Income Charges": 0.0,
        "Restructuring And Mergern Acquisition": 0.0,
        "Earnings From Equity Interest": NaN,
        "Net Non Operating Interest Income Expense": NaN,
        "Interest Expense Non Operating": NaN,
        "Operating Income": NaN,
        "Operating Expense": NaN,
        "Selling General And Administration": NaN,
        "Gross Profit": NaN,
        "Cost Of Revenue": NaN,
        "Total Revenue": NaN,
        "Operating Revenue": NaN
    },
    "2024-06-30": {
        "Tax Effect Of Unusual Items": NaN,
        "Tax Rate For Calcs": NaN,
        "Normalized EBITDA": NaN,
        "Total Unusual Items": 0.0,
        "Total Unusual Items Excluding Goodwill": 0.0,
        "Net Income From Continuing Operation Net Minority Interest": NaN,
        "Reconciled Depreciation": NaN,
        "Reconciled Cost Of Revenue": NaN,
        "EBITDA": NaN,
        "EBIT": NaN,
        "Net Interest Income": NaN,
        "Interest Expense": NaN,
        "Normalized Income": NaN,
        "Net Income From Continuing And Discontinued Operation": NaN,
        "Total Expenses": NaN,
        "Total Operating Income As Reported": NaN,
        "Diluted Average Shares": 17659000.0,
        "Basic Average Shares": 17493000.0,
        "Diluted EPS": 3.58,
        "Basic EPS": 3.62,
        "Diluted NI Availto Com Stockholders": NaN,
        "Net Income Common Stockholders": NaN,
        "Net Income": NaN,
        "Minority Interests": NaN,
        "Net Income Including Noncontrolling Interests": NaN,
        "Net Income Continuous Operations": NaN,
        "Tax Provision": NaN,
        "Pretax Income": NaN,
        "Other Income Expense": NaN,
        "Other Non Operating Income Expenses": NaN,
        "Special Income Charges": 0.0,
        "Restructuring And Mergern Acquisition": 0.0,
        "Earnings From Equity Interest": NaN,
        "Net Non Operating Interest Income Expense": NaN,
        "Interest Expense Non Operating": NaN,
        "Operating Income": NaN,
        "Operating Expense": NaN,
        "Selling General And Administration": NaN,
        "Gross Profit": NaN,
        "Cost Of Revenue": NaN,
        "Total Revenue": NaN,
        "Operating Revenue": NaN
    },
    "2024-09-30": {
        "Tax Effect Of Unusual Items": 0.0,
        "Tax Rate For Calcs": 0.367,
        "Normalized EBITDA": 48200000.0,
        "Total Unusual Items": NaN,
        "Total Unusual Items Excluding Goodwill": NaN,
        "Net Income From Continuing Operation Net Minority Interest": 17200000.0,
        "Reconciled Depreciation": 11700000.0,
        "Reconciled Cost Of Revenue": 823200000.0,
        "EBITDA": 48200000.0,
        "EBIT": 36500000.0,
        "Net Interest Income": -8400000.0,
        "Interest Expense": 8400000.0,
        "Normalized Income": 17200000.0,
        "Net Income From Continuing And Discontinued Operation": 17200000.0,
        "Total Expenses": 983000000.0,
        "Total Operating Income As Reported": 33100000.0,
        "Diluted Average Shares": 17752000.0,
        "Basic Average Shares": 17500000.0,
        "Diluted EPS": 0.97,
        "Basic EPS": 0.98,
        "Diluted NI Availto Com Stockholders": 17200000.0,
        "Net Income Common Stockholders": 17200000.0,
        "Net Income": 17200000.0,
        "Minority Interests": -600000.0,
        "Net Income Including Noncontrolling Interests": 17800000.0,
        "Net Income Continuous Operations": 17800000.0,
        "Tax Provision": 10300000.0,
        "Pretax Income": 28100000.0,
        "Other Income Expense": 3400000.0,
        "Other Non Operating Income Expenses": -200000.0,
        "Special Income Charges": NaN,
        "Restructuring And Mergern Acquisition": NaN,
        "Earnings From Equity Interest": 3600000.0,
        "Net Non Operating Interest Income Expense": -8400000.0,
        "Interest Expense Non Operating": 8400000.0,
        "Operating Income": 33100000.0,
        "Operating Expense": 159800000.0,
        "Selling General And Administration": 159800000.0,
        "Gross Profit": 192900000.0,
        "Cost Of Revenue": 823200000.0,
        "Total Revenue": 1016100000.0,
        "Operating Revenue": 942300000.0
    },
    "2024-12-31": {
        "Tax Effect Of Unusual Items": 0.0,
        "Tax Rate For Calcs": 0.21,
        "Normalized EBITDA": 43500000.0,
        "Total Unusual Items": NaN,
        "Total Unusual Items Excluding Goodwill": NaN,
        "Net Income From Continuing Operation Net Minority Interest": 10300000.0,
        "Reconciled Depreciation": 11800000.0,
        "Reconciled Cost Of Revenue": 859900000.0,
        "EBITDA": 43500000.0,
        "EBIT": 31700000.0,
        "Net Interest Income": -7700000.0,
        "Interest Expense": 7700000.0,
        "Normalized Income": 10300000.0,
        "Net Income From Continuing And Discontinued Operation": 10300000.0,
        "Total Expenses": 1012600000.0,
        "Total Operating Income As Reported": 32300000.0,
        "Diluted Average Shares": NaN,
        "Basic Average Shares": NaN,
        "Diluted EPS": NaN,
        "Basic EPS": NaN,
        "Diluted NI Availto Com Stockholders": 10300000.0,
        "Net Income Common Stockholders": 10300000.0,
        "Net Income": 10300000.0,
        "Minority Interests": -400000.0,
        "Net Income Including Noncontrolling Interests": 10700000.0,
        "Net Income Continuous Operations": 10700000.0,
        "Tax Provision": 13300000.0,
        "Pretax Income": 24000000.0,
        "Other Income Expense": -23200000.0,
        "Other Non Operating Income Expenses": 600000.0,
        "Special Income Charges": NaN,
        "Restructuring And Mergern Acquisition": NaN,
        "Earnings From Equity Interest": -1200000.0,
        "Net Non Operating Interest Income Expense": -7700000.0,
        "Interest Expense Non Operating": 7700000.0,
        "Operating Income": 54900000.0,
        "Operating Expense": 152700000.0,
        "Selling General And Administration": 152700000.0,
        "Gross Profit": 207600000.0,
        "Cost Of Revenue": 859900000.0,
        "Total Revenue": 1067500000.0,
        "Operating Revenue": 965900000.0
    },
    "2025-03-31": {
        "Tax Effect Of Unusual Items": -42000.0,
        "Tax Rate For Calcs": 0.21,
        "Normalized EBITDA": 35700000.0,
        "Total Unusual Items": -200000.0,
        "Total Unusual Items Excluding Goodwill": -200000.0,
        "Net Income From Continuing Operation Net Minority Interest": 8600000.0,
        "Reconciled Depreciation": 11000000.0,
        "Reconciled Cost Of Revenue": 732700000.0,
        "EBITDA": 35500000.0,
        "EBIT": 24500000.0,
        "Net Interest Income": -7700000.0,
        "Interest Expense": 7700000.0,
        "Normalized Income": 8758000.0,
        "Net Income From Continuing And Discontinued Operation": 8600000.0,
        "Total Expenses": 888900000.0,
        "Total Operating Income As Reported": 21300000.0,
        "Diluted Average Shares": 17766000.0,
        "Basic Average Shares": 17556000.0,
        "Diluted EPS": 0.48,
        "Basic EPS": 0.49,
        "Diluted NI Availto Com Stockholders": 8600000.0,
        "Net Income Common Stockholders": 8600000.0,
        "Net Income": 8600000.0,
        "Minority Interests": -100000.0,
        "Net Income Including Noncontrolling Interests": 8700000.0,
        "Net Income Continuous Operations": 8700000.0,
        "Tax Provision": 8100000.0,
        "Pretax Income": 16800000.0,
        "Other Income Expense": 3000000.0,
        "Other Non Operating Income Expenses": 300000.0,
        "Special Income Charges": -200000.0,
        "Restructuring And Mergern Acquisition": 200000.0,
        "Earnings From Equity Interest": 2900000.0,
        "Net Non Operating Interest Income Expense": -7700000.0,
        "Interest Expense Non Operating": 7700000.0,
        "Operating Income": 21500000.0,
        "Operating Expense": 156200000.0,
        "Selling General And Administration": 156200000.0,
        "Gross Profit": 177700000.0,
        "Cost Of Revenue": 732700000.0,
        "Total Revenue": 910400000.0,
        "Operating Revenue": 818300000.0
    },
    "2025-06-30": {
        "Tax Effect Of Unusual Items": -3297000.0,
        "Tax Rate For Calcs": 0.21,
        "Normalized EBITDA": 22200000.0,
        "Total Unusual Items": -15700000.0,
        "Total Unusual Items Excluding Goodwill": -15700000.0,
        "Net Income From Continuing Operation Net Minority Interest": -13900000.0,
        "Reconciled Depreciation": 11800000.0,
        "Reconciled Cost Of Revenue": 788400000.0,
        "EBITDA": 6500000.0,
        "EBIT": -5300000.0,
        "Net Interest Income": -7900000.0,
        "Interest Expense": 7900000.0,
        "Normalized Income": -1497000.0,
        "Net Income From Continuing And Discontinued Operation": -13900000.0,
        "Total Expenses": 949400000.0,
        "Total Operating Income As Reported": -8500000.0,
        "Diluted Average Shares": 17705000.0,
        "Basic Average Shares": 17705000.0,
        "Diluted EPS": -0.79,
        "Basic EPS": -0.79,
        "Diluted NI Availto Com Stockholders": -13900000.0,
        "Net Income Common Stockholders": -13900000.0,
        "Net Income": -13900000.0,
        "Minority Interests": -500000.0,
        "Net Income Including Noncontrolling Interests": -13400000.0,
        "Net Income Continuous Operations": -13400000.0,
        "Tax Provision": 200000.0,
        "Pretax Income": -13200000.0,
        "Other Income Expense": -12500000.0,
        "Other Non Operating Income Expenses": 500000.0,
        "Special Income Charges": -15700000.0,
        "Restructuring And Mergern Acquisition": 15700000.0,
        "Earnings From Equity Interest": 2700000.0,
        "Net Non Operating Interest Income Expense": -7900000.0,
        "Interest Expense Non Operating": 7900000.0,
        "Operating Income": 7200000.0,
        "Operating Expense": 161000000.0,
        "Selling General And Administration": 161000000.0,
        "Gross Profit": 168200000.0,
        "Cost Of Revenue": 788400000.0,
        "Total Revenue": 956600000.0,
        "Operating Revenue": 860300000.0
    },
    "2025-09-30": {
        "Tax Effect Of Unusual Items": -210000.0,
        "Tax Rate For Calcs": 0.21,
        "Normalized EBITDA": 15700000.0,
        "Total Unusual Items": -1000000.0,
        "Total Unusual Items Excluding Goodwill": -1000000.0,
        "Net Income From Continuing Operation Net Minority Interest": -2300000.0,
        "Reconciled Depreciation": 11300000.0,
        "Reconciled Cost Of Revenue": 823200000.0,
        "EBITDA": 14700000.0,
        "EBIT": 3400000.0,
        "Net Interest Income": -8000000.0,
        "Interest Expense": 8000000.0,
        "Normalized Income": -1510000.0,
        "Net Income From Continuing And Discontinued Operation": -2300000.0,
        "Total Expenses": 975800000.0,
        "Total Operating Income As Reported": 2300000.0,
        "Diluted Average Shares": 17717000.0,
        "Basic Average Shares": 17717000.0,
        "Diluted EPS": -0.13,
        "Basic EPS": -0.13,
        "Diluted NI Availto Com Stockholders": -2300000.0,
        "Net Income Common Stockholders": -2300000.0,
        "Net Income": -2300000.0,
        "Minority Interests": -600000.0,
        "Net Income Including Noncontrolling Interests": -1700000.0,
        "Net Income Continuous Operations": -1700000.0,
        "Tax Provision": -2900000.0,
        "Pretax Income": -4600000.0,
        "Other Income Expense": 100000.0,
        "Other Non Operating Income Expenses": -500000.0,
        "Special Income Charges": -1000000.0,
        "Restructuring And Mergern Acquisition": 1000000.0,
        "Earnings From Equity Interest": 1600000.0,
        "Net Non Operating Interest Income Expense": -8000000.0,
        "Interest Expense Non Operating": 8000000.0,
        "Operating Income": 3300000.0,
        "Operating Expense": 152600000.0,
        "Selling General And Administration": 152600000.0,
        "Gross Profit": 155900000.0,
        "Cost Of Revenue": 823200000.0,
        "Total Revenue": 979100000.0,
        "Operating Revenue": 883700000.0
    }
}