{
    "2023-03-31": {
        "Tax Effect Of Unusual Items": NaN,
        "Tax Rate For Calcs": NaN,
        "Normalized EBITDA": NaN,
        "Total Unusual Items": NaN,
        "Total Unusual Items Excluding Goodwill": NaN,
        "Net Income From Continuing Operation Net Minority Interest": NaN,
        "Reconciled Depreciation": NaN,
        "Reconciled Cost Of Revenue": NaN,
        "EBITDA": NaN,
        "EBIT": NaN,
        "Net Interest Income": 2566000.0,
        "Interest Income": 2566000.0,
        "Normalized Income": NaN,
        "Net Income From Continuing And Discontinued Operation": NaN,
        "Total Expenses": NaN,
        "Total Operating Income As Reported": NaN,
        "Diluted Average Shares": NaN,
        "Basic Average Shares": NaN,
        "Diluted EPS": NaN,
        "Basic EPS": NaN,
        "Diluted NI Availto Com Stockholders": NaN,
        "Net Income Common Stockholders": NaN,
        "Net Income": NaN,
        "Minority Interests": NaN,
        "Net Income Including Noncontrolling Interests": NaN,
        "Net Income Continuous Operations": NaN,
        "Tax Provision": NaN,
        "Pretax Income": NaN,
        "Other Income Expense": NaN,
        "Other Non Operating Income Expenses": NaN,
        "Special Income Charges": NaN,
        "Gain On Sale Of Ppe": NaN,
        "Gain On Sale Of Business": NaN,
        "Other Special Charges": NaN,
        "Write Off": NaN,
        "Restructuring And Mergern Acquisition": NaN,
        "Gain On Sale Of Security": NaN,
        "Net Non Operating Interest Income Expense": 2566000.0,
        "Interest Income Non Operating": 2566000.0,
        "Operating Income": NaN,
        "Operating Expense": NaN,
        "Research And Development": NaN,
        "Selling General And Administration": NaN,
        "Gross Profit": NaN,
        "Cost Of Revenue": NaN,
        "Total Revenue": NaN,
        "Operating Revenue": NaN
    },
    "2022-12-31": {
        "Tax Effect Of Unusual Items": NaN,
        "Tax Rate For Calcs": NaN,
        "Normalized EBITDA": NaN,
        "Total Unusual Items": NaN,
        "Total Unusual Items Excluding Goodwill": NaN,
        "Net Income From Continuing Operation Net Minority Interest": NaN,
        "Reconciled Depreciation": NaN,
        "Reconciled Cost Of Revenue": NaN,
        "EBITDA": NaN,
        "EBIT": NaN,
        "Net Interest Income": 1989000.0,
        "Interest Income": NaN,
        "Normalized Income": NaN,
        "Net Income From Continuing And Discontinued Operation": NaN,
        "Total Expenses": NaN,
        "Total Operating Income As Reported": NaN,
        "Diluted Average Shares": NaN,
        "Basic Average Shares": NaN,
        "Diluted EPS": NaN,
        "Basic EPS": NaN,
        "Diluted NI Availto Com Stockholders": NaN,
        "Net Income Common Stockholders": NaN,
        "Net Income": NaN,
        "Minority Interests": NaN,
        "Net Income Including Noncontrolling Interests": NaN,
        "Net Income Continuous Operations": NaN,
        "Tax Provision": NaN,
        "Pretax Income": NaN,
        "Other Income Expense": NaN,
        "Other Non Operating Income Expenses": NaN,
        "Special Income Charges": NaN,
        "Restructuring And Mergern Acquisition": NaN,
        "Gain On Sale Of Security": NaN,
        "Net Non Operating Interest Income Expense": 1989000.0,
        "Total Other Finance Cost": -1989000.0,
        "Interest Income Non Operating": NaN,
        "Operating Income": NaN,
        "Operating Expense": NaN,
        "Research And Development": NaN,
        "Selling General And Administration": NaN,
        "Gross Profit": NaN,
        "Cost Of Revenue": NaN,
        "Total Revenue": NaN,
        "Operating Revenue": NaN
    },
    "2022-09-30": {
        "Tax Effect Of Unusual Items": NaN,
        "Tax Rate For Calcs": NaN,
        "Normalized EBITDA": NaN,
        "Total Unusual Items": NaN,
        "Total Unusual Items Excluding Goodwill": NaN,
        "Net Income From Continuing Operation Net Minority Interest": NaN,
        "Reconciled Depreciation": NaN,
        "Reconciled Cost Of Revenue": NaN,
        "EBITDA": NaN,
        "EBIT": NaN,
        "Net Interest Income": 279000.0,
        "Interest Income": NaN,
        "Normalized Income": NaN,
        "Net Income From Continuing And Discontinued Operation": NaN,
        "Total Expenses": NaN,
        "Total Operating Income As Reported": NaN,
        "Diluted Average Shares": 248164000.0,
        "Basic Average Shares": 248164000.0,
        "Diluted EPS": -0.1,
        "Basic EPS": -0.1,
        "Diluted NI Availto Com Stockholders": NaN,
        "Net Income Common Stockholders": NaN,
        "Net Income": NaN,
        "Minority Interests": NaN,
        "Net Income Including Noncontrolling Interests": NaN,
        "Net Income Continuous Operations": NaN,
        "Tax Provision": NaN,
        "Pretax Income": NaN,
        "Other Income Expense": NaN,
        "Other Non Operating Income Expenses": NaN,
        "Special Income Charges": 18034000.0,
        "Restructuring And Mergern Acquisition": -18034000.0,
        "Gain On Sale Of Security": NaN,
        "Net Non Operating Interest Income Expense": 279000.0,
        "Total Other Finance Cost": -279000.0,
        "Interest Income Non Operating": NaN,
        "Operating Income": NaN,
        "Operating Expense": NaN,
        "Research And Development": NaN,
        "Selling General And Administration": NaN,
        "Gross Profit": NaN,
        "Cost Of Revenue": NaN,
        "Total Revenue": NaN,
        "Operating Revenue": NaN
    },
    "2022-06-30": {
        "Tax Effect Of Unusual Items": 0.0,
        "Tax Rate For Calcs": 0.0,
        "Normalized EBITDA": -35691000.0,
        "Total Unusual Items": 4513000.0,
        "Total Unusual Items Excluding Goodwill": 4513000.0,
        "Net Income From Continuing Operation Net Minority Interest": 41999000.0,
        "Reconciled Depreciation": 694000.0,
        "Reconciled Cost Of Revenue": 1370000.0,
        "EBITDA": -31178000.0,
        "EBIT": -31872000.0,
        "Net Interest Income": 54000.0,
        "Interest Income": NaN,
        "Normalized Income": 37486000.0,
        "Net Income From Continuing And Discontinued Operation": 41999000.0,
        "Total Expenses": 31918000.0,
        "Total Operating Income As Reported": -31872000.0,
        "Diluted Average Shares": 258265000.0,
        "Basic Average Shares": 248056000.0,
        "Diluted EPS": 0.16,
        "Basic EPS": 0.17,
        "Diluted NI Availto Com Stockholders": 41999000.0,
        "Net Income Common Stockholders": 41999000.0,
        "Net Income": 41999000.0,
        "Minority Interests": 3208000.0,
        "Net Income Including Noncontrolling Interests": 38791000.0,
        "Net Income Continuous Operations": 38791000.0,
        "Tax Provision": 0.0,
        "Pretax Income": 38791000.0,
        "Other Income Expense": 70609000.0,
        "Other Non Operating Income Expenses": 66096000.0,
        "Special Income Charges": NaN,
        "Restructuring And Mergern Acquisition": NaN,
        "Gain On Sale Of Security": 4513000.0,
        "Net Non Operating Interest Income Expense": 54000.0,
        "Total Other Finance Cost": -54000.0,
        "Interest Income Non Operating": NaN,
        "Operating Income": -31872000.0,
        "Operating Expense": 30548000.0,
        "Research And Development": 10483000.0,
        "Selling General And Administration": 20065000.0,
        "Gross Profit": -1324000.0,
        "Cost Of Revenue": 1370000.0,
        "Total Revenue": 46000.0,
        "Operating Revenue": 46000.0
    },
    "2022-03-31": {
        "Diluted EPS": -0.03,
        "Total Revenue": 3,
        "Gross Profit": 2,
        "Operating Income": -24,
        "EBIT": -24,
        "Net Income": -7
    },
    "2021-12-31": {
        "Diluted EPS": -0.09,
        "Total Revenue": 0,
        "Gross Profit": -16,
        "Operating Income": -39,
        "EBIT": -39,
        "Net Income": -29
    },
    "2021-09-30": {
        "Diluted EPS": 0.14,
        "Total Revenue": 0,
        "Gross Profit": 0,
        "Operating Income": -47,
        "EBIT": -46,
        "Net Income": 35
    },
    "2021-06-30": {
        "Diluted EPS": -0.06,
        "Total Revenue": NaN,
        "Gross Profit": NaN,
        "Operating Income": -9,
        "EBIT": -9,
        "Net Income": -9
    },
    "2021-03-31": {
        "Diluted EPS": -0.05,
        "Total Revenue": NaN,
        "Gross Profit": NaN,
        "Operating Income": -4,
        "EBIT": -4,
        "Net Income": -8
    },
    "2020-12-31": {
        "Diluted EPS": -0.09,
        "Total Revenue": NaN,
        "Gross Profit": NaN,
        "Operating Income": -14,
        "EBIT": -14,
        "Net Income": -14
    },
    "2020-09-30": {
        "Diluted EPS": -0.0,
        "Total Revenue": NaN,
        "Gross Profit": NaN,
        "Operating Income": -1,
        "EBIT": -1,
        "Net Income": -1
    },
    "2020-06-30": {
        "Diluted EPS": 0.0,
        "Total Revenue": NaN,
        "Gross Profit": NaN,
        "Operating Income": 0,
        "EBIT": 0,
        "Net Income": 0
    },
    "2020-03-31": {
        "Diluted EPS": 0.0,
        "Total Revenue": NaN,
        "Gross Profit": NaN,
        "Operating Income": 0,
        "EBIT": 0,
        "Net Income": 0
    },
    "2019-12-31": {
        "Diluted EPS": 0.0,
        "Total Revenue": NaN,
        "Gross Profit": NaN,
        "Operating Income": NaN,
        "EBIT": NaN,
        "Net Income": NaN
    },
    "2019-09-30": {
        "Diluted EPS": 0.0,
        "Total Revenue": NaN,
        "Gross Profit": NaN,
        "Operating Income": NaN,
        "EBIT": NaN,
        "Net Income": 0
    },
    "2023-06-30": {
        "Tax Effect Of Unusual Items": NaN,
        "Tax Rate For Calcs": NaN,
        "Normalized EBITDA": NaN,
        "Total Unusual Items": NaN,
        "Total Unusual Items Excluding Goodwill": NaN,
        "Net Income From Continuing Operation Net Minority Interest": NaN,
        "Reconciled Depreciation": NaN,
        "Reconciled Cost Of Revenue": NaN,
        "EBITDA": NaN,
        "EBIT": NaN,
        "Net Interest Income": 2494000.0,
        "Interest Income": 2494000.0,
        "Normalized Income": NaN,
        "Net Income From Continuing And Discontinued Operation": NaN,
        "Total Expenses": NaN,
        "Total Operating Income As Reported": NaN,
        "Diluted Average Shares": 4892560.0,
        "Basic Average Shares": 4892560.0,
        "Diluted EPS": -12.5,
        "Basic EPS": -12.5,
        "Diluted NI Availto Com Stockholders": NaN,
        "Net Income Common Stockholders": NaN,
        "Net Income": NaN,
        "Minority Interests": NaN,
        "Net Income Including Noncontrolling Interests": NaN,
        "Net Income Continuous Operations": NaN,
        "Tax Provision": NaN,
        "Pretax Income": NaN,
        "Other Income Expense": NaN,
        "Other Non Operating Income Expenses": 916000.0,
        "Special Income Charges": NaN,
        "Gain On Sale Of Ppe": NaN,
        "Gain On Sale Of Business": NaN,
        "Other Special Charges": NaN,
        "Write Off": NaN,
        "Restructuring And Mergern Acquisition": NaN,
        "Gain On Sale Of Security": NaN,
        "Net Non Operating Interest Income Expense": 2494000.0,
        "Interest Income Non Operating": 2494000.0,
        "Operating Income": NaN,
        "Operating Expense": NaN,
        "Research And Development": NaN,
        "Selling General And Administration": NaN,
        "Gross Profit": NaN,
        "Cost Of Revenue": NaN,
        "Total Revenue": NaN,
        "Operating Revenue": NaN
    },
    "2023-09-30": {
        "Tax Effect Of Unusual Items": 0.0,
        "Tax Rate For Calcs": 0.0,
        "Normalized EBITDA": -25352000.0,
        "Total Unusual Items": -8868000.0,
        "Total Unusual Items Excluding Goodwill": -8868000.0,
        "Net Income From Continuing Operation Net Minority Interest": -44054000.0,
        "Reconciled Depreciation": 967000.0,
        "Reconciled Cost Of Revenue": 3286000.0,
        "EBITDA": -34220000.0,
        "EBIT": -35187000.0,
        "Net Interest Income": NaN,
        "Interest Income": NaN,
        "Normalized Income": -35186000.0,
        "Net Income From Continuing And Discontinued Operation": -44054000.0,
        "Total Expenses": 35187000.0,
        "Total Operating Income As Reported": -40072000.0,
        "Diluted Average Shares": 4898000.0,
        "Basic Average Shares": 4898000.0,
        "Diluted EPS": -8.99,
        "Basic EPS": -8.99,
        "Diluted NI Availto Com Stockholders": -44054000.0,
        "Net Income Common Stockholders": -44054000.0,
        "Net Income": -44054000.0,
        "Minority Interests": 1000.0,
        "Net Income Including Noncontrolling Interests": -44055000.0,
        "Net Income Continuous Operations": -44055000.0,
        "Tax Provision": 0.0,
        "Pretax Income": -44055000.0,
        "Other Income Expense": -8868000.0,
        "Other Non Operating Income Expenses": NaN,
        "Special Income Charges": -6192000.0,
        "Gain On Sale Of Ppe": 0.0,
        "Gain On Sale Of Business": 0.0,
        "Other Special Charges": NaN,
        "Write Off": 0.0,
        "Restructuring And Mergern Acquisition": 6192000.0,
        "Gain On Sale Of Security": -2676000.0,
        "Net Non Operating Interest Income Expense": NaN,
        "Interest Income Non Operating": NaN,
        "Operating Income": -35187000.0,
        "Operating Expense": 31901000.0,
        "Research And Development": 10857000.0,
        "Selling General And Administration": 21044000.0,
        "Gross Profit": -3286000.0,
        "Cost Of Revenue": 3286000.0,
        "Total Revenue": 0.0,
        "Operating Revenue": 0.0
    },
    "2023-12-31": {
        "Tax Effect Of Unusual Items": -187432.792793,
        "Tax Rate For Calcs": 0.00985,
        "Normalized EBITDA": -20081000.0,
        "Total Unusual Items": -19029000.0,
        "Total Unusual Items Excluding Goodwill": -19029000.0,
        "Net Income From Continuing Operation Net Minority Interest": -49492000.0,
        "Reconciled Depreciation": 817000.0,
        "Reconciled Cost Of Revenue": 9122000.0,
        "EBITDA": -39110000.0,
        "EBIT": -39927000.0,
        "Net Interest Income": NaN,
        "Interest Income": NaN,
        "Normalized Income": -30650432.792793,
        "Net Income From Continuing And Discontinued Operation": -49492000.0,
        "Total Expenses": 40222000.0,
        "Total Operating Income As Reported": -42807000.0,
        "Diluted Average Shares": NaN,
        "Basic Average Shares": NaN,
        "Diluted EPS": NaN,
        "Basic EPS": NaN,
        "Diluted NI Availto Com Stockholders": -49492000.0,
        "Net Income Common Stockholders": -49492000.0,
        "Net Income": -49492000.0,
        "Minority Interests": -34000.0,
        "Net Income Including Noncontrolling Interests": -49458000.0,
        "Net Income Continuous Operations": -49458000.0,
        "Tax Provision": -492000.0,
        "Pretax Income": -49950000.0,
        "Other Income Expense": -19029000.0,
        "Other Non Operating Income Expenses": NaN,
        "Special Income Charges": 293000.0,
        "Gain On Sale Of Ppe": NaN,
        "Gain On Sale Of Business": NaN,
        "Other Special Charges": NaN,
        "Write Off": NaN,
        "Restructuring And Mergern Acquisition": -293000.0,
        "Gain On Sale Of Security": -19322000.0,
        "Net Non Operating Interest Income Expense": NaN,
        "Interest Income Non Operating": NaN,
        "Operating Income": -39927000.0,
        "Operating Expense": 31100000.0,
        "Research And Development": 10935000.0,
        "Selling General And Administration": 20165000.0,
        "Gross Profit": -8827000.0,
        "Cost Of Revenue": 9122000.0,
        "Total Revenue": 295000.0,
        "Operating Revenue": 295000.0
    },
    "2024-03-31": {
        "Tax Effect Of Unusual Items": 0.0,
        "Tax Rate For Calcs": 0.0,
        "Normalized EBITDA": -25136000.0,
        "Total Unusual Items": -4112000.0,
        "Total Unusual Items Excluding Goodwill": -4112000.0,
        "Net Income From Continuing Operation Net Minority Interest": -34225000.0,
        "Reconciled Depreciation": 942000.0,
        "Reconciled Cost Of Revenue": 7816000.0,
        "EBITDA": -29248000.0,
        "EBIT": -30190000.0,
        "Net Interest Income": NaN,
        "Interest Income": NaN,
        "Normalized Income": -30113000.0,
        "Net Income From Continuing And Discontinued Operation": -34225000.0,
        "Total Expenses": 40173000.0,
        "Total Operating Income As Reported": -30691000.0,
        "Diluted Average Shares": 4902540.0,
        "Basic Average Shares": 4902540.0,
        "Diluted EPS": -7.0,
        "Basic EPS": -7.0,
        "Diluted NI Availto Com Stockholders": -34225000.0,
        "Net Income Common Stockholders": -34225000.0,
        "Net Income": -34225000.0,
        "Minority Interests": 77000.0,
        "Net Income Including Noncontrolling Interests": -34302000.0,
        "Net Income Continuous Operations": -34302000.0,
        "Tax Provision": 0.0,
        "Pretax Income": -34302000.0,
        "Other Income Expense": -4112000.0,
        "Other Non Operating Income Expenses": NaN,
        "Special Income Charges": -4328000.0,
        "Gain On Sale Of Ppe": NaN,
        "Gain On Sale Of Business": NaN,
        "Other Special Charges": NaN,
        "Write Off": NaN,
        "Restructuring And Mergern Acquisition": 4328000.0,
        "Gain On Sale Of Security": 216000.0,
        "Net Non Operating Interest Income Expense": NaN,
        "Interest Income Non Operating": NaN,
        "Operating Income": -30190000.0,
        "Operating Expense": 32357000.0,
        "Research And Development": 10829000.0,
        "Selling General And Administration": 21528000.0,
        "Gross Profit": 2167000.0,
        "Cost Of Revenue": 7816000.0,
        "Total Revenue": 9983000.0,
        "Operating Revenue": 9983000.0
    },
    "2024-06-30": {
        "Tax Effect Of Unusual Items": 0.0,
        "Tax Rate For Calcs": 0.0,
        "Normalized EBITDA": -54355000.0,
        "Total Unusual Items": 1893000.0,
        "Total Unusual Items Excluding Goodwill": 1893000.0,
        "Net Income From Continuing Operation Net Minority Interest": -50790000.0,
        "Reconciled Depreciation": 973000.0,
        "Reconciled Cost Of Revenue": 18415000.0,
        "EBITDA": -52462000.0,
        "EBIT": -53435000.0,
        "Net Interest Income": 752000.0,
        "Interest Income": 752000.0,
        "Normalized Income": -52683000.0,
        "Net Income From Continuing And Discontinued Operation": -50790000.0,
        "Total Expenses": 53748000.0,
        "Total Operating Income As Reported": -56098000.0,
        "Diluted Average Shares": 4935760.0,
        "Basic Average Shares": 4935760.0,
        "Diluted EPS": -10.5,
        "Basic EPS": -10.5,
        "Diluted NI Availto Com Stockholders": -50790000.0,
        "Net Income Common Stockholders": -50790000.0,
        "Net Income": -50790000.0,
        "Minority Interests": 0.0,
        "Net Income Including Noncontrolling Interests": -50790000.0,
        "Net Income Continuous Operations": -50790000.0,
        "Tax Provision": 0.0,
        "Pretax Income": -50790000.0,
        "Other Income Expense": 1893000.0,
        "Other Non Operating Income Expenses": NaN,
        "Special Income Charges": 1568000.0,
        "Gain On Sale Of Ppe": NaN,
        "Gain On Sale Of Business": NaN,
        "Other Special Charges": NaN,
        "Write Off": NaN,
        "Restructuring And Mergern Acquisition": -1568000.0,
        "Gain On Sale Of Security": 325000.0,
        "Net Non Operating Interest Income Expense": 752000.0,
        "Interest Income Non Operating": 752000.0,
        "Operating Income": -53435000.0,
        "Operating Expense": 35333000.0,
        "Research And Development": 9817000.0,
        "Selling General And Administration": 25516000.0,
        "Gross Profit": -18102000.0,
        "Cost Of Revenue": 18415000.0,
        "Total Revenue": 313000.0,
        "Operating Revenue": 313000.0
    },
    "2024-09-30": {
        "Tax Effect Of Unusual Items": 0.0,
        "Tax Rate For Calcs": 0.0,
        "Normalized EBITDA": -33599000.0,
        "Total Unusual Items": -3402000.0,
        "Total Unusual Items Excluding Goodwill": -3402000.0,
        "Net Income From Continuing Operation Net Minority Interest": -41319000.0,
        "Reconciled Depreciation": 917000.0,
        "Reconciled Cost Of Revenue": 301000.0,
        "EBITDA": -37001000.0,
        "EBIT": -37918000.0,
        "Net Interest Income": NaN,
        "Interest Income": NaN,
        "Normalized Income": -37917000.0,
        "Net Income From Continuing And Discontinued Operation": -41319000.0,
        "Total Expenses": 38052000.0,
        "Total Operating Income As Reported": -37426000.0,
        "Diluted Average Shares": 5337000.0,
        "Basic Average Shares": 5337000.0,
        "Diluted EPS": -7.74,
        "Basic EPS": -7.74,
        "Diluted NI Availto Com Stockholders": -41319000.0,
        "Net Income Common Stockholders": -41319000.0,
        "Net Income": -41319000.0,
        "Minority Interests": 1000.0,
        "Net Income Including Noncontrolling Interests": -41320000.0,
        "Net Income Continuous Operations": -41320000.0,
        "Tax Provision": 0.0,
        "Pretax Income": -41320000.0,
        "Other Income Expense": -3402000.0,
        "Other Non Operating Income Expenses": NaN,
        "Special Income Charges": -3057000.0,
        "Gain On Sale Of Ppe": 1721000.0,
        "Gain On Sale Of Business": 2559000.0,
        "Other Special Charges": -2096000.0,
        "Write Off": 9145000.0,
        "Restructuring And Mergern Acquisition": 288000.0,
        "Gain On Sale Of Security": -345000.0,
        "Net Non Operating Interest Income Expense": NaN,
        "Interest Income Non Operating": NaN,
        "Operating Income": -37918000.0,
        "Operating Expense": 37751000.0,
        "Research And Development": 8074000.0,
        "Selling General And Administration": 29677000.0,
        "Gross Profit": -167000.0,
        "Cost Of Revenue": 301000.0,
        "Total Revenue": 134000.0,
        "Operating Revenue": 134000.0
    }
}