{
    "2023-12-31": {
        "Tax Effect Of Unusual Items": NaN,
        "Tax Rate For Calcs": NaN,
        "Normalized EBITDA": NaN,
        "Total Unusual Items": NaN,
        "Total Unusual Items Excluding Goodwill": NaN,
        "Net Income From Continuing Operation Net Minority Interest": NaN,
        "Reconciled Depreciation": NaN,
        "Reconciled Cost Of Revenue": NaN,
        "EBITDA": NaN,
        "EBIT": NaN,
        "Net Interest Income": NaN,
        "Interest Expense": NaN,
        "Interest Income": NaN,
        "Normalized Income": NaN,
        "Net Income From Continuing And Discontinued Operation": NaN,
        "Total Expenses": NaN,
        "Total Operating Income As Reported": NaN,
        "Diluted Average Shares": NaN,
        "Basic Average Shares": NaN,
        "Diluted EPS": NaN,
        "Basic EPS": NaN,
        "Diluted NI Availto Com Stockholders": NaN,
        "Net Income Common Stockholders": NaN,
        "Net Income": NaN,
        "Net Income Including Noncontrolling Interests": NaN,
        "Net Income Continuous Operations": NaN,
        "Tax Provision": NaN,
        "Pretax Income": NaN,
        "Other Income Expense": NaN,
        "Other Non Operating Income Expenses": NaN,
        "Special Income Charges": NaN,
        "Gain On Sale Of Ppe": NaN,
        "Restructuring And Mergern Acquisition": 59000.0,
        "Gain On Sale Of Security": NaN,
        "Net Non Operating Interest Income Expense": NaN,
        "Total Other Finance Cost": NaN,
        "Interest Expense Non Operating": NaN,
        "Interest Income Non Operating": NaN,
        "Operating Income": NaN,
        "Operating Expense": NaN,
        "Other Operating Expenses": NaN,
        "Selling General And Administration": NaN,
        "General And Administrative Expense": NaN,
        "Other Gand A": NaN,
        "Salaries And Wages": 3227000.0,
        "Gross Profit": NaN,
        "Cost Of Revenue": NaN,
        "Total Revenue": NaN,
        "Operating Revenue": NaN
    },
    "2023-09-30": {
        "Tax Effect Of Unusual Items": NaN,
        "Tax Rate For Calcs": NaN,
        "Normalized EBITDA": NaN,
        "Total Unusual Items": NaN,
        "Total Unusual Items Excluding Goodwill": NaN,
        "Net Income From Continuing Operation Net Minority Interest": NaN,
        "Reconciled Depreciation": NaN,
        "Reconciled Cost Of Revenue": NaN,
        "EBITDA": NaN,
        "EBIT": NaN,
        "Net Interest Income": NaN,
        "Interest Expense": NaN,
        "Interest Income": NaN,
        "Normalized Income": NaN,
        "Net Income From Continuing And Discontinued Operation": NaN,
        "Total Expenses": NaN,
        "Total Operating Income As Reported": NaN,
        "Diluted Average Shares": 287128970.0,
        "Basic Average Shares": 287128970.0,
        "Diluted EPS": -0.01,
        "Basic EPS": -0.01,
        "Diluted NI Availto Com Stockholders": NaN,
        "Net Income Common Stockholders": NaN,
        "Net Income": NaN,
        "Net Income Including Noncontrolling Interests": NaN,
        "Net Income Continuous Operations": NaN,
        "Tax Provision": NaN,
        "Pretax Income": NaN,
        "Other Income Expense": NaN,
        "Other Non Operating Income Expenses": NaN,
        "Special Income Charges": NaN,
        "Gain On Sale Of Ppe": NaN,
        "Restructuring And Mergern Acquisition": NaN,
        "Gain On Sale Of Security": NaN,
        "Net Non Operating Interest Income Expense": NaN,
        "Total Other Finance Cost": NaN,
        "Interest Expense Non Operating": NaN,
        "Interest Income Non Operating": NaN,
        "Operating Income": NaN,
        "Operating Expense": NaN,
        "Other Operating Expenses": NaN,
        "Selling General And Administration": NaN,
        "General And Administrative Expense": NaN,
        "Other Gand A": NaN,
        "Salaries And Wages": 2550000.0,
        "Gross Profit": NaN,
        "Cost Of Revenue": NaN,
        "Total Revenue": NaN,
        "Operating Revenue": NaN
    },
    "2023-06-30": {
        "Tax Effect Of Unusual Items": NaN,
        "Tax Rate For Calcs": NaN,
        "Normalized EBITDA": NaN,
        "Total Unusual Items": NaN,
        "Total Unusual Items Excluding Goodwill": NaN,
        "Net Income From Continuing Operation Net Minority Interest": NaN,
        "Reconciled Depreciation": NaN,
        "Reconciled Cost Of Revenue": NaN,
        "EBITDA": NaN,
        "EBIT": NaN,
        "Net Interest Income": NaN,
        "Interest Expense": NaN,
        "Normalized Income": NaN,
        "Net Income From Continuing And Discontinued Operation": NaN,
        "Total Expenses": NaN,
        "Diluted Average Shares": 265433411.0,
        "Basic Average Shares": 265433411.0,
        "Diluted EPS": -0.06,
        "Basic EPS": -0.06,
        "Diluted NI Availto Com Stockholders": NaN,
        "Net Income Common Stockholders": NaN,
        "Net Income": NaN,
        "Net Income Including Noncontrolling Interests": NaN,
        "Net Income Continuous Operations": NaN,
        "Tax Provision": NaN,
        "Pretax Income": NaN,
        "Other Income Expense": NaN,
        "Other Non Operating Income Expenses": NaN,
        "Special Income Charges": NaN,
        "Gain On Sale Of Ppe": NaN,
        "Restructuring And Mergern Acquisition": NaN,
        "Gain On Sale Of Security": NaN,
        "Net Non Operating Interest Income Expense": NaN,
        "Total Other Finance Cost": NaN,
        "Interest Expense Non Operating": NaN,
        "Operating Income": NaN,
        "Operating Expense": NaN,
        "Other Operating Expenses": NaN,
        "Selling General And Administration": NaN,
        "General And Administrative Expense": NaN,
        "Other Gand A": NaN,
        "Salaries And Wages": NaN,
        "Gross Profit": NaN,
        "Cost Of Revenue": NaN,
        "Total Revenue": NaN,
        "Operating Revenue": NaN
    },
    "2023-03-31": {
        "Tax Effect Of Unusual Items": NaN,
        "Tax Rate For Calcs": NaN,
        "Normalized EBITDA": NaN,
        "Total Unusual Items": NaN,
        "Total Unusual Items Excluding Goodwill": NaN,
        "Net Income From Continuing Operation Net Minority Interest": NaN,
        "Reconciled Depreciation": NaN,
        "Reconciled Cost Of Revenue": NaN,
        "EBITDA": NaN,
        "EBIT": NaN,
        "Net Interest Income": NaN,
        "Interest Expense": NaN,
        "Normalized Income": NaN,
        "Net Income From Continuing And Discontinued Operation": NaN,
        "Total Expenses": NaN,
        "Diluted Average Shares": 245603313.0,
        "Basic Average Shares": 245603313.0,
        "Diluted EPS": -0.05,
        "Basic EPS": -0.05,
        "Diluted NI Availto Com Stockholders": NaN,
        "Net Income Common Stockholders": NaN,
        "Net Income": NaN,
        "Net Income Including Noncontrolling Interests": NaN,
        "Net Income Continuous Operations": NaN,
        "Tax Provision": NaN,
        "Pretax Income": NaN,
        "Other Income Expense": NaN,
        "Other Non Operating Income Expenses": NaN,
        "Special Income Charges": NaN,
        "Gain On Sale Of Ppe": NaN,
        "Restructuring And Mergern Acquisition": NaN,
        "Gain On Sale Of Security": NaN,
        "Net Non Operating Interest Income Expense": NaN,
        "Total Other Finance Cost": NaN,
        "Interest Expense Non Operating": NaN,
        "Operating Income": NaN,
        "Operating Expense": NaN,
        "Other Operating Expenses": NaN,
        "Selling General And Administration": NaN,
        "General And Administrative Expense": NaN,
        "Other Gand A": NaN,
        "Salaries And Wages": NaN,
        "Gross Profit": NaN,
        "Cost Of Revenue": NaN,
        "Total Revenue": NaN,
        "Operating Revenue": NaN
    },
    "2024-03-31": {
        "Tax Effect Of Unusual Items": NaN,
        "Tax Rate For Calcs": NaN,
        "Normalized EBITDA": NaN,
        "Total Unusual Items": NaN,
        "Total Unusual Items Excluding Goodwill": NaN,
        "Net Income From Continuing Operation Net Minority Interest": NaN,
        "Reconciled Depreciation": NaN,
        "Reconciled Cost Of Revenue": NaN,
        "EBITDA": NaN,
        "EBIT": NaN,
        "Net Interest Income": NaN,
        "Interest Expense": NaN,
        "Interest Income": 487000.0,
        "Normalized Income": NaN,
        "Net Income From Continuing And Discontinued Operation": NaN,
        "Total Expenses": NaN,
        "Total Operating Income As Reported": -16117000.0,
        "Diluted Average Shares": 305323881.0,
        "Basic Average Shares": 305323881.0,
        "Diluted EPS": -0.06,
        "Basic EPS": -0.06,
        "Diluted NI Availto Com Stockholders": NaN,
        "Net Income Common Stockholders": NaN,
        "Net Income": NaN,
        "Net Income Including Noncontrolling Interests": NaN,
        "Net Income Continuous Operations": NaN,
        "Tax Provision": NaN,
        "Pretax Income": NaN,
        "Other Income Expense": NaN,
        "Other Non Operating Income Expenses": NaN,
        "Special Income Charges": 0.0,
        "Gain On Sale Of Ppe": 0.0,
        "Restructuring And Mergern Acquisition": 0.0,
        "Gain On Sale Of Security": NaN,
        "Net Non Operating Interest Income Expense": NaN,
        "Total Other Finance Cost": NaN,
        "Interest Expense Non Operating": NaN,
        "Interest Income Non Operating": 487000.0,
        "Operating Income": NaN,
        "Operating Expense": NaN,
        "Other Operating Expenses": NaN,
        "Selling General And Administration": NaN,
        "General And Administrative Expense": NaN,
        "Other Gand A": NaN,
        "Salaries And Wages": 2961000.0,
        "Gross Profit": NaN,
        "Cost Of Revenue": NaN,
        "Total Revenue": NaN,
        "Operating Revenue": NaN
    },
    "2022-12-31": {
        "Tax Effect Of Unusual Items": NaN,
        "Tax Rate For Calcs": NaN,
        "Normalized EBITDA": NaN,
        "Total Unusual Items": NaN,
        "Total Unusual Items Excluding Goodwill": NaN,
        "Net Income From Continuing Operation Net Minority Interest": NaN,
        "Reconciled Depreciation": NaN,
        "Reconciled Cost Of Revenue": NaN,
        "EBITDA": NaN,
        "EBIT": NaN,
        "Net Interest Income": NaN,
        "Interest Expense": NaN,
        "Normalized Income": NaN,
        "Net Income From Continuing And Discontinued Operation": NaN,
        "Total Expenses": NaN,
        "Diluted Average Shares": NaN,
        "Basic Average Shares": NaN,
        "Diluted EPS": NaN,
        "Basic EPS": NaN,
        "Diluted NI Availto Com Stockholders": NaN,
        "Net Income Common Stockholders": NaN,
        "Net Income": NaN,
        "Net Income Including Noncontrolling Interests": NaN,
        "Net Income Discontinuous Operations": 0.0,
        "Net Income Continuous Operations": NaN,
        "Tax Provision": NaN,
        "Pretax Income": NaN,
        "Other Income Expense": NaN,
        "Other Non Operating Income Expenses": NaN,
        "Special Income Charges": NaN,
        "Gain On Sale Of Ppe": NaN,
        "Restructuring And Mergern Acquisition": NaN,
        "Gain On Sale Of Security": NaN,
        "Net Non Operating Interest Income Expense": NaN,
        "Total Other Finance Cost": NaN,
        "Interest Expense Non Operating": NaN,
        "Operating Income": NaN,
        "Operating Expense": NaN,
        "Other Operating Expenses": NaN,
        "Selling General And Administration": NaN,
        "General And Administrative Expense": NaN,
        "Other Gand A": NaN,
        "Salaries And Wages": NaN,
        "Gross Profit": NaN,
        "Cost Of Revenue": NaN,
        "Total Revenue": NaN,
        "Operating Revenue": NaN
    },
    "2022-09-30": {
        "Tax Effect Of Unusual Items": NaN,
        "Tax Rate For Calcs": NaN,
        "Normalized EBITDA": NaN,
        "Total Unusual Items": NaN,
        "Total Unusual Items Excluding Goodwill": NaN,
        "Net Income From Continuing Operation Net Minority Interest": NaN,
        "Reconciled Depreciation": NaN,
        "Reconciled Cost Of Revenue": NaN,
        "EBITDA": NaN,
        "EBIT": NaN,
        "Net Interest Income": NaN,
        "Interest Expense": NaN,
        "Normalized Income": NaN,
        "Net Income From Continuing And Discontinued Operation": NaN,
        "Total Expenses": NaN,
        "Diluted Average Shares": 240368617.0,
        "Basic Average Shares": 240368617.0,
        "Diluted EPS": -0.05,
        "Basic EPS": -0.05,
        "Diluted NI Availto Com Stockholders": NaN,
        "Net Income Common Stockholders": NaN,
        "Net Income": NaN,
        "Net Income Including Noncontrolling Interests": NaN,
        "Net Income Discontinuous Operations": 0.0,
        "Net Income Continuous Operations": NaN,
        "Tax Provision": NaN,
        "Pretax Income": NaN,
        "Other Income Expense": NaN,
        "Other Non Operating Income Expenses": NaN,
        "Special Income Charges": NaN,
        "Gain On Sale Of Ppe": NaN,
        "Restructuring And Mergern Acquisition": NaN,
        "Gain On Sale Of Security": NaN,
        "Net Non Operating Interest Income Expense": NaN,
        "Total Other Finance Cost": NaN,
        "Interest Expense Non Operating": NaN,
        "Operating Income": NaN,
        "Operating Expense": NaN,
        "Other Operating Expenses": NaN,
        "Selling General And Administration": NaN,
        "General And Administrative Expense": NaN,
        "Other Gand A": NaN,
        "Salaries And Wages": NaN,
        "Gross Profit": NaN,
        "Cost Of Revenue": NaN,
        "Total Revenue": NaN,
        "Operating Revenue": NaN
    },
    "2024-06-30": {
        "Tax Effect Of Unusual Items": 439740.0,
        "Tax Rate For Calcs": 0.21,
        "Normalized EBITDA": -33620000.0,
        "Total Unusual Items": 2094000.0,
        "Total Unusual Items Excluding Goodwill": 2094000.0,
        "Net Income From Continuing Operation Net Minority Interest": -41005000.0,
        "Reconciled Depreciation": 693000.0,
        "Reconciled Cost Of Revenue": 19496000.0,
        "EBITDA": -31526000.0,
        "EBIT": -32219000.0,
        "Net Interest Income": -8328000.0,
        "Interest Expense": 8400000.0,
        "Interest Income": 429000.0,
        "Normalized Income": -42659260.0,
        "Net Income From Continuing And Discontinued Operation": -41005000.0,
        "Total Expenses": 38446000.0,
        "Total Operating Income As Reported": -31262000.0,
        "Diluted Average Shares": 361145495.0,
        "Basic Average Shares": 361145495.0,
        "Diluted EPS": -0.11,
        "Basic EPS": -0.11,
        "Diluted NI Availto Com Stockholders": -41005000.0,
        "Net Income Common Stockholders": -41005000.0,
        "Net Income": -41005000.0,
        "Net Income Including Noncontrolling Interests": -41005000.0,
        "Net Income Continuous Operations": -41005000.0,
        "Tax Provision": 386000.0,
        "Pretax Income": -40619000.0,
        "Other Income Expense": -1029000.0,
        "Other Non Operating Income Expenses": -3123000.0,
        "Special Income Charges": -2478000.0,
        "Gain On Sale Of Ppe": -2478000.0,
        "Restructuring And Mergern Acquisition": 0.0,
        "Gain On Sale Of Security": 2094000.0,
        "Net Non Operating Interest Income Expense": -8328000.0,
        "Total Other Finance Cost": 357000.0,
        "Interest Expense Non Operating": 8400000.0,
        "Interest Income Non Operating": 429000.0,
        "Operating Income": -31262000.0,
        "Operating Expense": 18950000.0,
        "Other Operating Expenses": 10436000.0,
        "Selling General And Administration": 5733000.0,
        "General And Administrative Expense": 5733000.0,
        "Other Gand A": 5733000.0,
        "Salaries And Wages": 2991000.0,
        "Gross Profit": -12312000.0,
        "Cost Of Revenue": 19496000.0,
        "Total Revenue": 7184000.0,
        "Operating Revenue": 7184000.0
    },
    "2024-09-30": {
        "Tax Effect Of Unusual Items": 0.0,
        "Tax Rate For Calcs": 0.0,
        "Normalized EBITDA": -17540000.0,
        "Total Unusual Items": -11203000.0,
        "Total Unusual Items Excluding Goodwill": -11203000.0,
        "Net Income From Continuing Operation Net Minority Interest": -38061000.0,
        "Reconciled Depreciation": 1025000.0,
        "Reconciled Cost Of Revenue": 16001000.0,
        "EBITDA": -28743000.0,
        "EBIT": -29768000.0,
        "Net Interest Income": -8634000.0,
        "Interest Expense": 8293000.0,
        "Interest Income": NaN,
        "Normalized Income": -26858000.0,
        "Net Income From Continuing And Discontinued Operation": -38061000.0,
        "Total Expenses": 30605000.0,
        "Total Operating Income As Reported": NaN,
        "Diluted Average Shares": 386474070.0,
        "Basic Average Shares": 386474070.0,
        "Diluted EPS": -0.1,
        "Basic EPS": -0.1,
        "Diluted NI Availto Com Stockholders": -38061000.0,
        "Net Income Common Stockholders": -38061000.0,
        "Net Income": -38061000.0,
        "Net Income Including Noncontrolling Interests": -38061000.0,
        "Net Income Continuous Operations": -38061000.0,
        "Tax Provision": 0.0,
        "Pretax Income": -38061000.0,
        "Other Income Expense": -10331000.0,
        "Other Non Operating Income Expenses": 872000.0,
        "Special Income Charges": -2914000.0,
        "Gain On Sale Of Ppe": -2914000.0,
        "Restructuring And Mergern Acquisition": 0.0,
        "Gain On Sale Of Security": -8289000.0,
        "Net Non Operating Interest Income Expense": -8634000.0,
        "Total Other Finance Cost": 341000.0,
        "Interest Expense Non Operating": 8293000.0,
        "Interest Income Non Operating": NaN,
        "Operating Income": -19096000.0,
        "Operating Expense": 14604000.0,
        "Other Operating Expenses": 6707000.0,
        "Selling General And Administration": 5348000.0,
        "General And Administrative Expense": 5348000.0,
        "Other Gand A": 1990000.0,
        "Salaries And Wages": 3358000.0,
        "Gross Profit": -4492000.0,
        "Cost Of Revenue": 16001000.0,
        "Total Revenue": 11509000.0,
        "Operating Revenue": 11509000.0
    },
    "2024-12-31": {
        "Tax Effect Of Unusual Items": 1567860.0,
        "Tax Rate For Calcs": 0.21,
        "Normalized EBITDA": -30037000.0,
        "Total Unusual Items": 7466000.0,
        "Total Unusual Items Excluding Goodwill": 7466000.0,
        "Net Income From Continuing Operation Net Minority Interest": -30927000.0,
        "Reconciled Depreciation": 635000.0,
        "Reconciled Cost Of Revenue": 22709000.0,
        "EBITDA": -22571000.0,
        "EBIT": -23206000.0,
        "Net Interest Income": -4925000.0,
        "Interest Expense": 6223000.0,
        "Interest Income": NaN,
        "Normalized Income": -36825140.0,
        "Net Income From Continuing And Discontinued Operation": -30927000.0,
        "Total Expenses": 55123000.0,
        "Total Operating Income As Reported": NaN,
        "Diluted Average Shares": NaN,
        "Basic Average Shares": NaN,
        "Diluted EPS": NaN,
        "Basic EPS": NaN,
        "Diluted NI Availto Com Stockholders": -30927000.0,
        "Net Income Common Stockholders": -30927000.0,
        "Net Income": -30927000.0,
        "Net Income Including Noncontrolling Interests": -30927000.0,
        "Net Income Continuous Operations": -30927000.0,
        "Tax Provision": 1498000.0,
        "Pretax Income": -29429000.0,
        "Other Income Expense": 7391000.0,
        "Other Non Operating Income Expenses": -75000.0,
        "Special Income Charges": -102000.0,
        "Gain On Sale Of Ppe": 0.0,
        "Restructuring And Mergern Acquisition": 102000.0,
        "Gain On Sale Of Security": 7568000.0,
        "Net Non Operating Interest Income Expense": -4925000.0,
        "Total Other Finance Cost": 411000.0,
        "Interest Expense Non Operating": 6223000.0,
        "Interest Income Non Operating": NaN,
        "Operating Income": -31895000.0,
        "Operating Expense": 32414000.0,
        "Other Operating Expenses": 22372000.0,
        "Selling General And Administration": 3699000.0,
        "General And Administrative Expense": 3699000.0,
        "Other Gand A": 13009000.0,
        "Salaries And Wages": NaN,
        "Gross Profit": 519000.0,
        "Cost Of Revenue": 22709000.0,
        "Total Revenue": 23228000.0,
        "Operating Revenue": 23228000.0
    },
    "2025-03-31": {
        "Tax Effect Of Unusual Items": 0.0,
        "Tax Rate For Calcs": 0.0,
        "Normalized EBITDA": -16305000.0,
        "Total Unusual Items": -16299000.0,
        "Total Unusual Items Excluding Goodwill": -16299000.0,
        "Net Income From Continuing Operation Net Minority Interest": -41205000.0,
        "Reconciled Depreciation": 743000.0,
        "Reconciled Cost Of Revenue": 11142000.0,
        "EBITDA": -32604000.0,
        "EBIT": -33347000.0,
        "Net Interest Income": -7863000.0,
        "Interest Expense": 7858000.0,
        "Interest Income": 341000.0,
        "Normalized Income": -24906000.0,
        "Net Income From Continuing And Discontinued Operation": -41205000.0,
        "Total Expenses": 29824000.0,
        "Total Operating Income As Reported": -15776000.0,
        "Diluted Average Shares": 431341371.0,
        "Basic Average Shares": 431341371.0,
        "Diluted EPS": -0.1,
        "Basic EPS": -0.1,
        "Diluted NI Availto Com Stockholders": -41205000.0,
        "Net Income Common Stockholders": -41205000.0,
        "Net Income": -41205000.0,
        "Net Income Including Noncontrolling Interests": -41205000.0,
        "Net Income Continuous Operations": -41205000.0,
        "Tax Provision": 0.0,
        "Pretax Income": -41205000.0,
        "Other Income Expense": -17566000.0,
        "Other Non Operating Income Expenses": -1267000.0,
        "Special Income Charges": NaN,
        "Gain On Sale Of Ppe": NaN,
        "Restructuring And Mergern Acquisition": NaN,
        "Gain On Sale Of Security": -16299000.0,
        "Net Non Operating Interest Income Expense": -7863000.0,
        "Total Other Finance Cost": 346000.0,
        "Interest Expense Non Operating": 7858000.0,
        "Interest Income Non Operating": 341000.0,
        "Operating Income": -15776000.0,
        "Operating Expense": 18682000.0,
        "Other Operating Expenses": 9545000.0,
        "Selling General And Administration": 4990000.0,
        "General And Administrative Expense": 4990000.0,
        "Other Gand A": 4990000.0,
        "Salaries And Wages": NaN,
        "Gross Profit": 2906000.0,
        "Cost Of Revenue": 11142000.0,
        "Total Revenue": 14048000.0,
        "Operating Revenue": 14048000.0
    },
    "2025-06-30": {
        "Tax Effect Of Unusual Items": 0.0,
        "Tax Rate For Calcs": 0.0,
        "Normalized EBITDA": -22438000.0,
        "Total Unusual Items": 1004000.0,
        "Total Unusual Items Excluding Goodwill": 1004000.0,
        "Net Income From Continuing Operation Net Minority Interest": -30215000.0,
        "Reconciled Depreciation": 951000.0,
        "Reconciled Cost Of Revenue": 27038000.0,
        "EBITDA": -21434000.0,
        "EBIT": -22385000.0,
        "Net Interest Income": -8349000.0,
        "Interest Expense": 7830000.0,
        "Interest Income": 346000.0,
        "Normalized Income": -31219000.0,
        "Net Income From Continuing And Discontinued Operation": -30215000.0,
        "Total Expenses": 46587000.0,
        "Total Operating Income As Reported": -18751000.0,
        "Diluted Average Shares": 608167841.0,
        "Basic Average Shares": 608167841.0,
        "Diluted EPS": -0.05,
        "Basic EPS": -0.05,
        "Diluted NI Availto Com Stockholders": -30215000.0,
        "Net Income Common Stockholders": -30215000.0,
        "Net Income": -30215000.0,
        "Net Income Including Noncontrolling Interests": -30215000.0,
        "Net Income Continuous Operations": -30215000.0,
        "Tax Provision": 0.0,
        "Pretax Income": -30215000.0,
        "Other Income Expense": -3115000.0,
        "Other Non Operating Income Expenses": -4119000.0,
        "Special Income Charges": -2412000.0,
        "Gain On Sale Of Ppe": -2412000.0,
        "Restructuring And Mergern Acquisition": NaN,
        "Gain On Sale Of Security": 1004000.0,
        "Net Non Operating Interest Income Expense": -8349000.0,
        "Total Other Finance Cost": 865000.0,
        "Interest Expense Non Operating": 7830000.0,
        "Interest Income Non Operating": 346000.0,
        "Operating Income": -18751000.0,
        "Operating Expense": 19549000.0,
        "Other Operating Expenses": 9045000.0,
        "Selling General And Administration": 7338000.0,
        "General And Administrative Expense": 7338000.0,
        "Other Gand A": 7338000.0,
        "Salaries And Wages": NaN,
        "Gross Profit": 798000.0,
        "Cost Of Revenue": 27038000.0,
        "Total Revenue": 27836000.0,
        "Operating Revenue": 27836000.0
    }
}