{
    "2023-06-30": {
        "Tax Effect Of Unusual Items": NaN,
        "Tax Rate For Calcs": NaN,
        "Normalized EBITDA": NaN,
        "Total Unusual Items": NaN,
        "Total Unusual Items Excluding Goodwill": NaN,
        "Net Income From Continuing Operation Net Minority Interest": NaN,
        "Reconciled Depreciation": NaN,
        "Reconciled Cost Of Revenue": NaN,
        "EBITDA": NaN,
        "EBIT": NaN,
        "Net Interest Income": NaN,
        "Interest Expense": NaN,
        "Interest Income": NaN,
        "Normalized Income": NaN,
        "Net Income From Continuing And Discontinued Operation": NaN,
        "Total Expenses": NaN,
        "Diluted Average Shares": NaN,
        "Basic Average Shares": NaN,
        "Diluted EPS": NaN,
        "Basic EPS": NaN,
        "Diluted NI Availto Com Stockholders": NaN,
        "Net Income Common Stockholders": NaN,
        "Net Income": NaN,
        "Net Income Including Noncontrolling Interests": NaN,
        "Net Income Discontinuous Operations": NaN,
        "Net Income Continuous Operations": NaN,
        "Tax Provision": NaN,
        "Pretax Income": NaN,
        "Other Income Expense": NaN,
        "Other Non Operating Income Expenses": NaN,
        "Special Income Charges": NaN,
        "Gain On Sale Of Ppe": 2000000.0,
        "Restructuring And Mergern Acquisition": NaN,
        "Gain On Sale Of Security": NaN,
        "Net Non Operating Interest Income Expense": NaN,
        "Interest Expense Non Operating": NaN,
        "Interest Income Non Operating": NaN,
        "Operating Income": NaN,
        "Operating Expense": NaN,
        "Other Operating Expenses": NaN,
        "Provision For Doubtful Accounts": NaN,
        "Depreciation Amortization Depletion Income Statement": NaN,
        "Depreciation And Amortization In Income Statement": NaN,
        "Amortization": NaN,
        "Amortization Of Intangibles Income Statement": NaN,
        "Research And Development": NaN,
        "Selling General And Administration": NaN,
        "Selling And Marketing Expense": NaN,
        "General And Administrative Expense": NaN,
        "Other Gand A": NaN,
        "Salaries And Wages": NaN,
        "Gross Profit": NaN,
        "Cost Of Revenue": NaN,
        "Total Revenue": NaN,
        "Operating Revenue": NaN
    },
    "2023-03-31": {
        "Tax Effect Of Unusual Items": NaN,
        "Tax Rate For Calcs": NaN,
        "Normalized EBITDA": NaN,
        "Total Unusual Items": NaN,
        "Total Unusual Items Excluding Goodwill": NaN,
        "Net Income From Continuing Operation Net Minority Interest": NaN,
        "Reconciled Depreciation": NaN,
        "Reconciled Cost Of Revenue": NaN,
        "EBITDA": NaN,
        "EBIT": NaN,
        "Net Interest Income": NaN,
        "Interest Expense": NaN,
        "Interest Income": NaN,
        "Normalized Income": NaN,
        "Net Income From Continuing And Discontinued Operation": NaN,
        "Total Expenses": NaN,
        "Diluted Average Shares": NaN,
        "Basic Average Shares": NaN,
        "Diluted EPS": NaN,
        "Basic EPS": NaN,
        "Diluted NI Availto Com Stockholders": NaN,
        "Net Income Common Stockholders": NaN,
        "Net Income": NaN,
        "Net Income Including Noncontrolling Interests": NaN,
        "Net Income Discontinuous Operations": NaN,
        "Net Income Continuous Operations": NaN,
        "Tax Provision": NaN,
        "Pretax Income": NaN,
        "Other Income Expense": NaN,
        "Other Non Operating Income Expenses": NaN,
        "Special Income Charges": 4000000.0,
        "Gain On Sale Of Ppe": 4000000.0,
        "Gain On Sale Of Security": NaN,
        "Net Non Operating Interest Income Expense": NaN,
        "Interest Expense Non Operating": NaN,
        "Interest Income Non Operating": NaN,
        "Operating Income": NaN,
        "Operating Expense": NaN,
        "Other Operating Expenses": NaN,
        "Provision For Doubtful Accounts": NaN,
        "Depreciation Amortization Depletion Income Statement": NaN,
        "Depreciation And Amortization In Income Statement": NaN,
        "Amortization": NaN,
        "Amortization Of Intangibles Income Statement": NaN,
        "Research And Development": NaN,
        "Selling General And Administration": NaN,
        "Selling And Marketing Expense": NaN,
        "General And Administrative Expense": NaN,
        "Other Gand A": NaN,
        "Salaries And Wages": NaN,
        "Gross Profit": NaN,
        "Cost Of Revenue": NaN,
        "Total Revenue": NaN,
        "Operating Revenue": NaN
    },
    "2022-12-31": {
        "Tax Effect Of Unusual Items": 16623188.405797,
        "Tax Rate For Calcs": 0.134058,
        "Normalized EBITDA": 4638000000.0,
        "Total Unusual Items": 124000000.0,
        "Total Unusual Items Excluding Goodwill": 124000000.0,
        "Net Income From Continuing Operation Net Minority Interest": 2870000000.0,
        "Reconciled Depreciation": 1137000000.0,
        "Reconciled Cost Of Revenue": 6175000000.0,
        "EBITDA": 4762000000.0,
        "EBIT": 3625000000.0,
        "Net Interest Income": -249000000.0,
        "Interest Expense": 313000000.0,
        "Interest Income": 64000000.0,
        "Normalized Income": 2762623188.405797,
        "Net Income From Continuing And Discontinued Operation": 2711000000.0,
        "Total Expenses": 13195000000.0,
        "Diluted Average Shares": 915900000.0,
        "Basic Average Shares": 905800000.0,
        "Diluted EPS": 2.96,
        "Basic EPS": 2.99,
        "Diluted NI Availto Com Stockholders": 2710000000.0,
        "Net Income Common Stockholders": 2710000000.0,
        "Net Income": 2711000000.0,
        "Net Income Including Noncontrolling Interests": 2711000000.0,
        "Net Income Discontinuous Operations": -159000000.0,
        "Net Income Continuous Operations": 2870000000.0,
        "Tax Provision": 444000000.0,
        "Pretax Income": 3312000000.0,
        "Other Income Expense": 67000000.0,
        "Other Non Operating Income Expenses": -57000000.0,
        "Special Income Charges": 13000000.0,
        "Gain On Sale Of Ppe": 13000000.0,
        "Gain On Sale Of Security": 111000000.0,
        "Net Non Operating Interest Income Expense": -249000000.0,
        "Interest Expense Non Operating": 313000000.0,
        "Interest Income Non Operating": 64000000.0,
        "Operating Income": 3495000000.0,
        "Operating Expense": 6137000000.0,
        "Other Operating Expenses": -233000000.0,
        "Provision For Doubtful Accounts": 31000000.0,
        "Depreciation Amortization Depletion Income Statement": 254000000.0,
        "Depreciation And Amortization In Income Statement": 254000000.0,
        "Amortization": 254000000.0,
        "Amortization Of Intangibles Income Statement": 254000000.0,
        "Research And Development": 1604000000.0,
        "Selling General And Administration": 4481000000.0,
        "Selling And Marketing Expense": 302000000.0,
        "General And Administrative Expense": 4179000000.0,
        "Other Gand A": 4036000000.0,
        "Salaries And Wages": 143000000.0,
        "Gross Profit": 9632000000.0,
        "Cost Of Revenue": 7058000000.0,
        "Total Revenue": 16691000000.0,
        "Operating Revenue": 16691000000.0
    },
    "2022-09-30": {
        "Tax Effect Of Unusual Items": 0.0,
        "Tax Rate For Calcs": 0.286,
        "Normalized EBITDA": -3043000000.0,
        "Total Unusual Items": 175000000.0,
        "Total Unusual Items Excluding Goodwill": 175000000.0,
        "Net Income From Continuing Operation Net Minority Interest": -3214000000.0,
        "Reconciled Depreciation": 1163000000.0,
        "Reconciled Cost Of Revenue": 6677000000.0,
        "EBITDA": -3043000000.0,
        "EBIT": -4206000000.0,
        "Net Interest Income": -295000000.0,
        "Interest Expense": 295000000.0,
        "Interest Income": 53000000.0,
        "Normalized Income": -3214000000.0,
        "Net Income From Continuing And Discontinued Operation": -3196000000.0,
        "Total Expenses": 12558000000.0,
        "Diluted Average Shares": 904100000.0,
        "Basic Average Shares": 904100000.0,
        "Diluted EPS": -3.54,
        "Basic EPS": -3.54,
        "Diluted NI Availto Com Stockholders": -3196000000.0,
        "Net Income Common Stockholders": -3196000000.0,
        "Net Income": -3196000000.0,
        "Net Income Including Noncontrolling Interests": -3196000000.0,
        "Net Income Discontinuous Operations": 18000000.0,
        "Net Income Continuous Operations": -3214000000.0,
        "Tax Provision": -1287000000.0,
        "Pretax Income": -4501000000.0,
        "Other Income Expense": -5755000000.0,
        "Other Non Operating Income Expenses": -5755000000.0,
        "Special Income Charges": 1000000.0,
        "Gain On Sale Of Ppe": 1000000.0,
        "Gain On Sale Of Security": 174000000.0,
        "Net Non Operating Interest Income Expense": -295000000.0,
        "Interest Expense Non Operating": 295000000.0,
        "Interest Income Non Operating": 53000000.0,
        "Operating Income": 1549000000.0,
        "Operating Expense": 5881000000.0,
        "Other Operating Expenses": -121000000.0,
        "Provision For Doubtful Accounts": 11000000.0,
        "Depreciation Amortization Depletion Income Statement": 252000000.0,
        "Depreciation And Amortization In Income Statement": 252000000.0,
        "Amortization": 252000000.0,
        "Amortization Of Intangibles Income Statement": 252000000.0,
        "Research And Development": 1611000000.0,
        "Selling General And Administration": 4391000000.0,
        "Selling And Marketing Expense": 297000000.0,
        "General And Administrative Expense": 3832000000.0,
        "Other Gand A": 3681000000.0,
        "Salaries And Wages": 151000000.0,
        "Gross Profit": 7430000000.0,
        "Cost Of Revenue": 6677000000.0,
        "Total Revenue": 14107000000.0,
        "Operating Revenue": 14037000000.0
    },
    "2022-06-30": {
        "Tax Effect Of Unusual Items": 0.0,
        "Tax Rate For Calcs": 0.149,
        "Normalized EBITDA": 3264000000.0,
        "Total Unusual Items": 7000000.0,
        "Total Unusual Items Excluding Goodwill": 7000000.0,
        "Net Income From Continuing Operation Net Minority Interest": 1465000000.0,
        "Reconciled Depreciation": 1245000000.0,
        "Reconciled Cost Of Revenue": 7246000000.0,
        "EBITDA": 3264000000.0,
        "EBIT": 2019000000.0,
        "Net Interest Income": -297000000.0,
        "Interest Expense": 297000000.0,
        "Interest Income": 28000000.0,
        "Normalized Income": 1465000000.0,
        "Net Income From Continuing And Discontinued Operation": 1392000000.0,
        "Total Expenses": 13598000000.0,
        "Diluted Average Shares": 910700000.0,
        "Basic Average Shares": 901500000.0,
        "Diluted EPS": 1.53,
        "Basic EPS": 1.54,
        "Diluted NI Availto Com Stockholders": 1392000000.0,
        "Net Income Common Stockholders": 1392000000.0,
        "Net Income": 1392000000.0,
        "Net Income Including Noncontrolling Interests": 1392000000.0,
        "Net Income Discontinuous Operations": -73000000.0,
        "Net Income Continuous Operations": 1465000000.0,
        "Tax Provision": 257000000.0,
        "Pretax Income": 1722000000.0,
        "Other Income Expense": 81000000.0,
        "Other Non Operating Income Expenses": 81000000.0,
        "Special Income Charges": 6000000.0,
        "Gain On Sale Of Ppe": 6000000.0,
        "Gain On Sale Of Security": 1000000.0,
        "Net Non Operating Interest Income Expense": -297000000.0,
        "Interest Expense Non Operating": 297000000.0,
        "Interest Income Non Operating": 28000000.0,
        "Operating Income": 1938000000.0,
        "Operating Expense": 6352000000.0,
        "Other Operating Expenses": -176000000.0,
        "Provision For Doubtful Accounts": 6000000.0,
        "Depreciation Amortization Depletion Income Statement": 277000000.0,
        "Depreciation And Amortization In Income Statement": 277000000.0,
        "Amortization": 277000000.0,
        "Amortization Of Intangibles Income Statement": 277000000.0,
        "Research And Development": 1673000000.0,
        "Selling General And Administration": 4855000000.0,
        "Selling And Marketing Expense": 395000000.0,
        "General And Administrative Expense": 4177000000.0,
        "Other Gand A": 3996000000.0,
        "Salaries And Wages": 181000000.0,
        "Gross Profit": 8290000000.0,
        "Cost Of Revenue": 7246000000.0,
        "Total Revenue": 15536000000.0,
        "Operating Revenue": 15356000000.0
    },
    "2022-03-31": {
        "Diluted EPS": 0.81,
        "Total Revenue": NaN,
        "Gross Profit": NaN,
        "Operating Income": NaN,
        "EBIT": NaN,
        "Net Income": 733
    },
    "2021-12-31": {
        "Diluted EPS": 2.56,
        "Total Revenue": NaN,
        "Gross Profit": NaN,
        "Operating Income": NaN,
        "EBIT": NaN,
        "Net Income": NaN
    },
    "2021-09-30": {
        "Diluted EPS": 1.26,
        "Total Revenue": NaN,
        "Gross Profit": NaN,
        "Operating Income": NaN,
        "EBIT": NaN,
        "Net Income": NaN
    },
    "2021-06-30": {
        "Diluted EPS": 1.47,
        "Total Revenue": NaN,
        "Gross Profit": NaN,
        "Operating Income": NaN,
        "EBIT": NaN,
        "Net Income": NaN
    },
    "2021-03-31": {
        "Diluted EPS": 1.06,
        "Total Revenue": NaN,
        "Gross Profit": NaN,
        "Operating Income": 723,
        "EBIT": NaN,
        "Net Income": 955
    },
    "2020-12-31": {
        "Diluted EPS": 1.51,
        "Total Revenue": NaN,
        "Gross Profit": NaN,
        "Operating Income": -438,
        "EBIT": NaN,
        "Net Income": NaN
    },
    "2020-09-30": {
        "Diluted EPS": 1.89,
        "Total Revenue": NaN,
        "Gross Profit": NaN,
        "Operating Income": NaN,
        "EBIT": NaN,
        "Net Income": NaN
    },
    "2020-06-30": {
        "Diluted EPS": 1.52,
        "Total Revenue": NaN,
        "Gross Profit": NaN,
        "Operating Income": NaN,
        "EBIT": NaN,
        "Net Income": NaN
    },
    "2020-03-31": {
        "Diluted EPS": 1.31,
        "Total Revenue": NaN,
        "Gross Profit": NaN,
        "Operating Income": 343,
        "EBIT": NaN,
        "Net Income": NaN
    },
    "2019-12-31": {
        "Diluted EPS": 4.1,
        "Total Revenue": NaN,
        "Gross Profit": NaN,
        "Operating Income": NaN,
        "EBIT": NaN,
        "Net Income": NaN
    },
    "2019-09-30": {
        "Diluted EPS": 1.87,
        "Total Revenue": NaN,
        "Gross Profit": NaN,
        "Operating Income": NaN,
        "EBIT": NaN,
        "Net Income": NaN
    },
    "2019-06-30": {
        "Diluted EPS": 2.81,
        "Total Revenue": NaN,
        "Gross Profit": NaN,
        "Operating Income": NaN,
        "EBIT": NaN,
        "Net Income": NaN
    },
    "2019-03-31": {
        "Diluted EPS": 1.78,
        "Total Revenue": NaN,
        "Gross Profit": NaN,
        "Operating Income": NaN,
        "EBIT": NaN,
        "Net Income": NaN
    },
    "2018-12-31": {
        "Diluted EPS": 2.16,
        "Total Revenue": NaN,
        "Gross Profit": NaN,
        "Operating Income": NaN,
        "EBIT": NaN,
        "Net Income": NaN
    },
    "2018-09-30": {
        "Diluted EPS": 2.94,
        "Total Revenue": NaN,
        "Gross Profit": NaN,
        "Operating Income": NaN,
        "EBIT": NaN,
        "Net Income": NaN
    },
    "2018-06-30": {
        "Diluted EPS": 2.61,
        "Total Revenue": NaN,
        "Gross Profit": NaN,
        "Operating Income": NaN,
        "EBIT": NaN,
        "Net Income": NaN
    },
    "2018-03-31": {
        "Diluted EPS": 1.81,
        "Total Revenue": NaN,
        "Gross Profit": NaN,
        "Operating Income": NaN,
        "EBIT": NaN,
        "Net Income": NaN
    },
    "2017-12-31": {
        "Diluted EPS": -1.11,
        "Total Revenue": NaN,
        "Gross Profit": NaN,
        "Operating Income": NaN,
        "EBIT": NaN,
        "Net Income": NaN
    },
    "2017-09-30": {
        "Diluted EPS": 2.92,
        "Total Revenue": NaN,
        "Gross Profit": NaN,
        "Operating Income": NaN,
        "EBIT": NaN,
        "Net Income": NaN
    },
    "2017-06-30": {
        "Diluted EPS": 2.48,
        "Total Revenue": NaN,
        "Gross Profit": NaN,
        "Operating Income": NaN,
        "EBIT": NaN,
        "Net Income": NaN
    },
    "2017-03-31": {
        "Diluted EPS": 1.85,
        "Total Revenue": NaN,
        "Gross Profit": NaN,
        "Operating Income": NaN,
        "EBIT": NaN,
        "Net Income": NaN
    },
    "2016-12-31": {
        "Diluted EPS": 4.7,
        "Total Revenue": NaN,
        "Gross Profit": NaN,
        "Operating Income": NaN,
        "EBIT": NaN,
        "Net Income": NaN
    },
    "2016-09-30": {
        "Diluted EPS": 2.98,
        "Total Revenue": NaN,
        "Gross Profit": NaN,
        "Operating Income": NaN,
        "EBIT": NaN,
        "Net Income": NaN
    },
    "2016-06-30": {
        "Diluted EPS": 2.61,
        "Total Revenue": NaN,
        "Gross Profit": NaN,
        "Operating Income": NaN,
        "EBIT": NaN,
        "Net Income": NaN
    },
    "2016-03-31": {
        "Diluted EPS": 2.09,
        "Total Revenue": NaN,
        "Gross Profit": NaN,
        "Operating Income": NaN,
        "EBIT": NaN,
        "Net Income": NaN
    },
    "2015-12-31": {
        "Diluted EPS": 4.56,
        "Total Revenue": NaN,
        "Gross Profit": NaN,
        "Operating Income": NaN,
        "EBIT": NaN,
        "Net Income": NaN
    },
    "2015-09-30": {
        "Diluted EPS": 3.01,
        "Total Revenue": NaN,
        "Gross Profit": NaN,
        "Operating Income": NaN,
        "EBIT": NaN,
        "Net Income": NaN
    },
    "2015-06-30": {
        "Diluted EPS": 3.5,
        "Total Revenue": NaN,
        "Gross Profit": NaN,
        "Operating Income": NaN,
        "EBIT": NaN,
        "Net Income": NaN
    },
    "2015-03-31": {
        "Diluted EPS": 2.35,
        "Total Revenue": NaN,
        "Gross Profit": NaN,
        "Operating Income": NaN,
        "EBIT": NaN,
        "Net Income": NaN
    },
    "2014-12-31": {
        "Diluted EPS": 5.47,
        "Total Revenue": NaN,
        "Gross Profit": NaN,
        "Operating Income": NaN,
        "EBIT": NaN,
        "Net Income": NaN
    },
    "2014-09-30": {
        "Diluted EPS": 0.02,
        "Total Revenue": NaN,
        "Gross Profit": NaN,
        "Operating Income": NaN,
        "EBIT": NaN,
        "Net Income": 18
    },
    "2014-06-30": {
        "Diluted EPS": 4.12,
        "Total Revenue": NaN,
        "Gross Profit": NaN,
        "Operating Income": NaN,
        "EBIT": NaN,
        "Net Income": NaN
    },
    "2014-03-31": {
        "Diluted EPS": 2.29,
        "Total Revenue": NaN,
        "Gross Profit": NaN,
        "Operating Income": NaN,
        "EBIT": NaN,
        "Net Income": NaN
    },
    "2013-12-31": {
        "Diluted EPS": 5.65,
        "Total Revenue": NaN,
        "Gross Profit": NaN,
        "Operating Income": NaN,
        "EBIT": NaN,
        "Net Income": NaN
    },
    "2013-09-30": {
        "Diluted EPS": 3.68,
        "Total Revenue": NaN,
        "Gross Profit": NaN,
        "Operating Income": NaN,
        "EBIT": NaN,
        "Net Income": NaN
    },
    "2013-06-30": {
        "Diluted EPS": 2.91,
        "Total Revenue": NaN,
        "Gross Profit": NaN,
        "Operating Income": NaN,
        "EBIT": NaN,
        "Net Income": NaN
    },
    "2013-03-31": {
        "Diluted EPS": 2.7,
        "Total Revenue": NaN,
        "Gross Profit": NaN,
        "Operating Income": NaN,
        "EBIT": NaN,
        "Net Income": NaN
    },
    "2012-12-31": {
        "Diluted EPS": 5.09,
        "Total Revenue": NaN,
        "Gross Profit": NaN,
        "Operating Income": NaN,
        "EBIT": NaN,
        "Net Income": NaN
    },
    "2012-09-30": {
        "Diluted EPS": 3.33,
        "Total Revenue": NaN,
        "Gross Profit": NaN,
        "Operating Income": NaN,
        "EBIT": NaN,
        "Net Income": NaN
    },
    "2012-06-30": {
        "Diluted EPS": 3.34,
        "Total Revenue": NaN,
        "Gross Profit": NaN,
        "Operating Income": NaN,
        "EBIT": NaN,
        "Net Income": NaN
    },
    "2012-03-31": {
        "Diluted EPS": 2.61,
        "Total Revenue": NaN,
        "Gross Profit": NaN,
        "Operating Income": NaN,
        "EBIT": NaN,
        "Net Income": NaN
    },
    "2011-12-31": {
        "Diluted EPS": 4.56,
        "Total Revenue": NaN,
        "Gross Profit": NaN,
        "Operating Income": NaN,
        "EBIT": NaN,
        "Net Income": NaN
    },
    "2011-09-30": {
        "Diluted EPS": 3.19,
        "Total Revenue": NaN,
        "Gross Profit": NaN,
        "Operating Income": NaN,
        "EBIT": NaN,
        "Net Income": NaN
    },
    "2011-06-30": {
        "Diluted EPS": 3.0,
        "Total Revenue": NaN,
        "Gross Profit": NaN,
        "Operating Income": NaN,
        "EBIT": NaN,
        "Net Income": NaN
    },
    "2011-03-31": {
        "Diluted EPS": 2.31,
        "Total Revenue": NaN,
        "Gross Profit": NaN,
        "Operating Income": NaN,
        "EBIT": NaN,
        "Net Income": NaN
    },
    "2010-12-31": {
        "Diluted EPS": 4.12,
        "Total Revenue": NaN,
        "Gross Profit": NaN,
        "Operating Income": NaN,
        "EBIT": NaN,
        "Net Income": NaN
    },
    "2010-09-30": {
        "Diluted EPS": 2.82,
        "Total Revenue": NaN,
        "Gross Profit": NaN,
        "Operating Income": NaN,
        "EBIT": NaN,
        "Net Income": NaN
    },
    "2010-06-30": {
        "Diluted EPS": 2.61,
        "Total Revenue": NaN,
        "Gross Profit": NaN,
        "Operating Income": NaN,
        "EBIT": NaN,
        "Net Income": NaN
    },
    "2010-03-31": {
        "Diluted EPS": 1.97,
        "Total Revenue": NaN,
        "Gross Profit": NaN,
        "Operating Income": NaN,
        "EBIT": NaN,
        "Net Income": NaN
    },
    "2009-12-31": {
        "Diluted EPS": 3.59,
        "Total Revenue": NaN,
        "Gross Profit": NaN,
        "Operating Income": NaN,
        "EBIT": NaN,
        "Net Income": NaN
    },
    "2009-09-30": {
        "Diluted EPS": 2.4,
        "Total Revenue": NaN,
        "Gross Profit": NaN,
        "Operating Income": NaN,
        "EBIT": NaN,
        "Net Income": NaN
    },
    "2009-06-30": {
        "Diluted EPS": 2.32,
        "Total Revenue": NaN,
        "Gross Profit": NaN,
        "Operating Income": NaN,
        "EBIT": NaN,
        "Net Income": NaN
    },
    "2009-03-31": {
        "Diluted EPS": 1.7,
        "Total Revenue": NaN,
        "Gross Profit": NaN,
        "Operating Income": NaN,
        "EBIT": NaN,
        "Net Income": NaN
    },
    "2023-09-30": {
        "Tax Effect Of Unusual Items": NaN,
        "Tax Rate For Calcs": NaN,
        "Normalized EBITDA": NaN,
        "Total Unusual Items": NaN,
        "Total Unusual Items Excluding Goodwill": NaN,
        "Net Income From Continuing Operation Net Minority Interest": NaN,
        "Reconciled Depreciation": NaN,
        "Reconciled Cost Of Revenue": NaN,
        "EBITDA": NaN,
        "EBIT": NaN,
        "Net Interest Income": NaN,
        "Interest Expense": NaN,
        "Interest Income": NaN,
        "Normalized Income": NaN,
        "Net Income From Continuing And Discontinued Operation": NaN,
        "Total Expenses": NaN,
        "Diluted Average Shares": NaN,
        "Basic Average Shares": NaN,
        "Diluted EPS": NaN,
        "Basic EPS": NaN,
        "Diluted NI Availto Com Stockholders": NaN,
        "Net Income Common Stockholders": NaN,
        "Net Income": NaN,
        "Net Income Including Noncontrolling Interests": NaN,
        "Net Income Discontinuous Operations": NaN,
        "Net Income Continuous Operations": NaN,
        "Tax Provision": NaN,
        "Pretax Income": NaN,
        "Other Income Expense": NaN,
        "Other Non Operating Income Expenses": NaN,
        "Special Income Charges": NaN,
        "Gain On Sale Of Ppe": 0.0,
        "Restructuring And Mergern Acquisition": NaN,
        "Gain On Sale Of Security": NaN,
        "Net Non Operating Interest Income Expense": NaN,
        "Interest Expense Non Operating": NaN,
        "Interest Income Non Operating": NaN,
        "Operating Income": NaN,
        "Operating Expense": NaN,
        "Other Operating Expenses": NaN,
        "Provision For Doubtful Accounts": NaN,
        "Depreciation Amortization Depletion Income Statement": NaN,
        "Depreciation And Amortization In Income Statement": NaN,
        "Amortization": NaN,
        "Amortization Of Intangibles Income Statement": NaN,
        "Research And Development": NaN,
        "Selling General And Administration": NaN,
        "Selling And Marketing Expense": NaN,
        "General And Administrative Expense": NaN,
        "Other Gand A": NaN,
        "Salaries And Wages": NaN,
        "Gross Profit": NaN,
        "Cost Of Revenue": NaN,
        "Total Revenue": NaN,
        "Operating Revenue": NaN
    },
    "2023-12-31": {
        "Tax Effect Of Unusual Items": NaN,
        "Tax Rate For Calcs": NaN,
        "Normalized EBITDA": NaN,
        "Total Unusual Items": NaN,
        "Total Unusual Items Excluding Goodwill": NaN,
        "Net Income From Continuing Operation Net Minority Interest": NaN,
        "Reconciled Depreciation": NaN,
        "Reconciled Cost Of Revenue": NaN,
        "EBITDA": NaN,
        "EBIT": NaN,
        "Net Interest Income": NaN,
        "Interest Expense": NaN,
        "Interest Income": NaN,
        "Normalized Income": NaN,
        "Net Income From Continuing And Discontinued Operation": NaN,
        "Total Expenses": NaN,
        "Diluted Average Shares": NaN,
        "Basic Average Shares": NaN,
        "Diluted EPS": NaN,
        "Basic EPS": NaN,
        "Diluted NI Availto Com Stockholders": NaN,
        "Net Income Common Stockholders": NaN,
        "Net Income": NaN,
        "Net Income Including Noncontrolling Interests": NaN,
        "Net Income Discontinuous Operations": NaN,
        "Net Income Continuous Operations": NaN,
        "Tax Provision": NaN,
        "Pretax Income": NaN,
        "Other Income Expense": NaN,
        "Other Non Operating Income Expenses": NaN,
        "Special Income Charges": NaN,
        "Gain On Sale Of Ppe": 3000000.0,
        "Restructuring And Mergern Acquisition": NaN,
        "Gain On Sale Of Security": NaN,
        "Net Non Operating Interest Income Expense": NaN,
        "Interest Expense Non Operating": NaN,
        "Interest Income Non Operating": NaN,
        "Operating Income": NaN,
        "Operating Expense": NaN,
        "Other Operating Expenses": NaN,
        "Provision For Doubtful Accounts": NaN,
        "Depreciation Amortization Depletion Income Statement": NaN,
        "Depreciation And Amortization In Income Statement": NaN,
        "Amortization": NaN,
        "Amortization Of Intangibles Income Statement": NaN,
        "Research And Development": NaN,
        "Selling General And Administration": NaN,
        "Selling And Marketing Expense": NaN,
        "General And Administrative Expense": NaN,
        "Other Gand A": NaN,
        "Salaries And Wages": NaN,
        "Gross Profit": NaN,
        "Cost Of Revenue": NaN,
        "Total Revenue": NaN,
        "Operating Revenue": NaN
    },
    "2024-03-31": {
        "Tax Effect Of Unusual Items": NaN,
        "Tax Rate For Calcs": NaN,
        "Normalized EBITDA": NaN,
        "Total Unusual Items": NaN,
        "Total Unusual Items Excluding Goodwill": NaN,
        "Net Income From Continuing Operation Net Minority Interest": NaN,
        "Reconciled Depreciation": NaN,
        "Reconciled Cost Of Revenue": NaN,
        "EBITDA": NaN,
        "EBIT": NaN,
        "Net Interest Income": NaN,
        "Interest Expense": NaN,
        "Interest Income": NaN,
        "Normalized Income": NaN,
        "Net Income From Continuing And Discontinued Operation": NaN,
        "Total Expenses": NaN,
        "Diluted Average Shares": NaN,
        "Basic Average Shares": NaN,
        "Diluted EPS": NaN,
        "Basic EPS": NaN,
        "Diluted NI Availto Com Stockholders": NaN,
        "Net Income Common Stockholders": NaN,
        "Net Income": NaN,
        "Net Income Including Noncontrolling Interests": NaN,
        "Net Income Discontinuous Operations": NaN,
        "Net Income Continuous Operations": NaN,
        "Tax Provision": NaN,
        "Pretax Income": NaN,
        "Other Income Expense": NaN,
        "Other Non Operating Income Expenses": NaN,
        "Special Income Charges": NaN,
        "Gain On Sale Of Ppe": 0.0,
        "Restructuring And Mergern Acquisition": NaN,
        "Gain On Sale Of Security": NaN,
        "Net Non Operating Interest Income Expense": NaN,
        "Interest Expense Non Operating": NaN,
        "Interest Income Non Operating": NaN,
        "Operating Income": NaN,
        "Operating Expense": NaN,
        "Other Operating Expenses": NaN,
        "Provision For Doubtful Accounts": NaN,
        "Depreciation Amortization Depletion Income Statement": NaN,
        "Depreciation And Amortization In Income Statement": NaN,
        "Amortization": NaN,
        "Amortization Of Intangibles Income Statement": NaN,
        "Research And Development": NaN,
        "Selling General And Administration": NaN,
        "Selling And Marketing Expense": NaN,
        "General And Administrative Expense": NaN,
        "Other Gand A": NaN,
        "Salaries And Wages": NaN,
        "Gross Profit": NaN,
        "Cost Of Revenue": NaN,
        "Total Revenue": NaN,
        "Operating Revenue": NaN
    },
    "2024-06-30": {
        "Tax Effect Of Unusual Items": -3506083.821541,
        "Tax Rate For Calcs": 0.175304,
        "Normalized EBITDA": 3821000000.0,
        "Total Unusual Items": -20000000.0,
        "Total Unusual Items Excluding Goodwill": -20000000.0,
        "Net Income From Continuing Operation Net Minority Interest": 1830000000.0,
        "Reconciled Depreciation": 1155000000.0,
        "Reconciled Cost Of Revenue": 5933000000.0,
        "EBITDA": 3801000000.0,
        "EBIT": 2646000000.0,
        "Net Interest Income": -210000000.0,
        "Interest Expense": 427000000.0,
        "Interest Income": 217000000.0,
        "Normalized Income": 1846493916.178459,
        "Net Income From Continuing And Discontinued Operation": 1834000000.0,
        "Total Expenses": 13336000000.0,
        "Diluted Average Shares": 934400000.0,
        "Basic Average Shares": 920300000.0,
        "Diluted EPS": 1.96,
        "Basic EPS": 1.99,
        "Diluted NI Availto Com Stockholders": 1834000000.0,
        "Net Income Common Stockholders": 1834000000.0,
        "Net Income": 1834000000.0,
        "Net Income Including Noncontrolling Interests": 1834000000.0,
        "Net Income Discontinuous Operations": 4000000.0,
        "Net Income Continuous Operations": 1830000000.0,
        "Tax Provision": 389000000.0,
        "Pretax Income": 2219000000.0,
        "Other Income Expense": -4000000.0,
        "Other Non Operating Income Expenses": 16000000.0,
        "Special Income Charges": -20000000.0,
        "Gain On Sale Of Ppe": NaN,
        "Restructuring And Mergern Acquisition": 20000000.0,
        "Gain On Sale Of Security": NaN,
        "Net Non Operating Interest Income Expense": -210000000.0,
        "Interest Expense Non Operating": 427000000.0,
        "Interest Income Non Operating": 217000000.0,
        "Operating Income": 2434000000.0,
        "Operating Expense": 6516000000.0,
        "Other Operating Expenses": -241000000.0,
        "Provision For Doubtful Accounts": 2000000.0,
        "Depreciation Amortization Depletion Income Statement": 268000000.0,
        "Depreciation And Amortization In Income Statement": 268000000.0,
        "Amortization": 268000000.0,
        "Amortization Of Intangibles Income Statement": 268000000.0,
        "Research And Development": 1840000000.0,
        "Selling General And Administration": 4647000000.0,
        "Selling And Marketing Expense": 354000000.0,
        "General And Administrative Expense": 4293000000.0,
        "Other Gand A": 4121000000.0,
        "Salaries And Wages": 172000000.0,
        "Gross Profit": 8950000000.0,
        "Cost Of Revenue": 6820000000.0,
        "Total Revenue": 15769000000.0,
        "Operating Revenue": 15769000000.0
    },
    "2024-09-30": {
        "Tax Effect Of Unusual Items": -72240000.0,
        "Tax Rate For Calcs": 0.21,
        "Normalized EBITDA": 1239000000.0,
        "Total Unusual Items": -344000000.0,
        "Total Unusual Items Excluding Goodwill": -344000000.0,
        "Net Income From Continuing Operation Net Minority Interest": -317000000.0,
        "Reconciled Depreciation": 1268000000.0,
        "Reconciled Cost Of Revenue": 5570000000.0,
        "EBITDA": 895000000.0,
        "EBIT": -373000000.0,
        "Net Interest Income": -259000000.0,
        "Interest Expense": 429000000.0,
        "Interest Income": 170000000.0,
        "Normalized Income": -45240000.0,
        "Net Income From Continuing And Discontinued Operation": -330000000.0,
        "Total Expenses": 12791000000.0,
        "Diluted Average Shares": NaN,
        "Basic Average Shares": NaN,
        "Diluted EPS": NaN,
        "Basic EPS": NaN,
        "Diluted NI Availto Com Stockholders": -330000000.0,
        "Net Income Common Stockholders": -330000000.0,
        "Net Income": -330000000.0,
        "Net Income Including Noncontrolling Interests": -330000000.0,
        "Net Income Discontinuous Operations": -13000000.0,
        "Net Income Continuous Operations": -317000000.0,
        "Tax Provision": -485000000.0,
        "Pretax Income": -802000000.0,
        "Other Income Expense": -2719000000.0,
        "Other Non Operating Income Expenses": -2375000000.0,
        "Special Income Charges": -306000000.0,
        "Restructuring And Mergern Acquisition": 306000000.0,
        "Gain On Sale Of Security": -38000000.0,
        "Net Non Operating Interest Income Expense": -259000000.0,
        "Interest Expense Non Operating": 429000000.0,
        "Interest Income Non Operating": 170000000.0,
        "Operating Income": 2177000000.0,
        "Operating Expense": 6243000000.0,
        "Other Operating Expenses": -238000000.0,
        "Provision For Doubtful Accounts": 4000000.0,
        "Depreciation Amortization Depletion Income Statement": 290000000.0,
        "Depreciation And Amortization In Income Statement": 290000000.0,
        "Amortization": 290000000.0,
        "Amortization Of Intangibles Income Statement": 290000000.0,
        "Research And Development": 1876000000.0,
        "Selling General And Administration": 4311000000.0,
        "Selling And Marketing Expense": 279000000.0,
        "General And Administrative Expense": 4032000000.0,
        "Other Gand A": 3865000000.0,
        "Salaries And Wages": 167000000.0,
        "Gross Profit": 8420000000.0,
        "Cost Of Revenue": 6548000000.0,
        "Total Revenue": 14967000000.0,
        "Operating Revenue": 14967000000.0
    },
    "2024-12-31": {
        "Tax Effect Of Unusual Items": 76923472.474289,
        "Tax Rate For Calcs": 0.11464,
        "Normalized EBITDA": 4172000000.0,
        "Total Unusual Items": 671000000.0,
        "Total Unusual Items Excluding Goodwill": 671000000.0,
        "Net Income From Continuing Operation Net Minority Interest": 2927000000.0,
        "Reconciled Depreciation": 1113000000.0,
        "Reconciled Cost Of Revenue": 6291000000.0,
        "EBITDA": 4843000000.0,
        "EBIT": 3730000000.0,
        "Net Interest Income": -274000000.0,
        "Interest Expense": 424000000.0,
        "Interest Income": 150000000.0,
        "Normalized Income": 2332923472.474289,
        "Net Income From Continuing And Discontinued Operation": 2914000000.0,
        "Total Expenses": 13652000000.0,
        "Diluted Average Shares": 942400000.0,
        "Basic Average Shares": 926000000.0,
        "Diluted EPS": 3.09,
        "Basic EPS": 3.15,
        "Diluted NI Availto Com Stockholders": 2914000000.0,
        "Net Income Common Stockholders": 2914000000.0,
        "Net Income": 2914000000.0,
        "Net Income Including Noncontrolling Interests": 2914000000.0,
        "Net Income Discontinuous Operations": -13000000.0,
        "Net Income Continuous Operations": 2927000000.0,
        "Tax Provision": 379000000.0,
        "Pretax Income": 3306000000.0,
        "Other Income Expense": -320000000.0,
        "Other Non Operating Income Expenses": -991000000.0,
        "Special Income Charges": 597000000.0,
        "Restructuring And Mergern Acquisition": -5000000.0,
        "Gain On Sale Of Security": 74000000.0,
        "Net Non Operating Interest Income Expense": -274000000.0,
        "Interest Expense Non Operating": 424000000.0,
        "Interest Income Non Operating": 150000000.0,
        "Operating Income": 3901000000.0,
        "Operating Expense": 6538000000.0,
        "Other Operating Expenses": -301000000.0,
        "Provision For Doubtful Accounts": -4000000.0,
        "Depreciation Amortization Depletion Income Statement": 290000000.0,
        "Depreciation And Amortization In Income Statement": 290000000.0,
        "Amortization": 290000000.0,
        "Amortization Of Intangibles Income Statement": 290000000.0,
        "Research And Development": 1967000000.0,
        "Selling General And Administration": 4586000000.0,
        "Selling And Marketing Expense": 261000000.0,
        "General And Administrative Expense": 4325000000.0,
        "Other Gand A": 4146000000.0,
        "Salaries And Wages": 179000000.0,
        "Gross Profit": 10439000000.0,
        "Cost Of Revenue": 7114000000.0,
        "Total Revenue": 17553000000.0,
        "Operating Revenue": 17553000000.0
    },
    "2025-03-31": {
        "Tax Effect Of Unusual Items": -30794000.0,
        "Tax Rate For Calcs": 0.089,
        "Normalized EBITDA": 3136000000.0,
        "Total Unusual Items": -346000000.0,
        "Total Unusual Items Excluding Goodwill": -346000000.0,
        "Net Income From Continuing Operation Net Minority Interest": 1054000000.0,
        "Reconciled Depreciation": 1177000000.0,
        "Reconciled Cost Of Revenue": 5627000000.0,
        "EBITDA": 2790000000.0,
        "EBIT": 1613000000.0,
        "Net Interest Income": -264000000.0,
        "Interest Expense": 455000000.0,
        "Interest Income": 191000000.0,
        "Normalized Income": 1369206000.0,
        "Net Income From Continuing And Discontinued Operation": 1055000000.0,
        "Total Expenses": 12776000000.0,
        "Diluted Average Shares": 945400000.0,
        "Basic Average Shares": 928000000.0,
        "Diluted EPS": 1.12,
        "Basic EPS": 1.14,
        "Diluted NI Availto Com Stockholders": 1055000000.0,
        "Net Income Common Stockholders": 1055000000.0,
        "Net Income": 1055000000.0,
        "Net Income Including Noncontrolling Interests": 1055000000.0,
        "Net Income Discontinuous Operations": 1000000.0,
        "Net Income Continuous Operations": 1054000000.0,
        "Tax Provision": 103000000.0,
        "Pretax Income": 1158000000.0,
        "Other Income Expense": -343000000.0,
        "Other Non Operating Income Expenses": 3000000.0,
        "Special Income Charges": -316000000.0,
        "Restructuring And Mergern Acquisition": 316000000.0,
        "Gain On Sale Of Security": -30000000.0,
        "Net Non Operating Interest Income Expense": -264000000.0,
        "Interest Expense Non Operating": 455000000.0,
        "Interest Income Non Operating": 191000000.0,
        "Operating Income": 1765000000.0,
        "Operating Expense": 6266000000.0,
        "Other Operating Expenses": -253000000.0,
        "Provision For Doubtful Accounts": 14000000.0,
        "Depreciation Amortization Depletion Income Statement": 294000000.0,
        "Depreciation And Amortization In Income Statement": 294000000.0,
        "Amortization": 294000000.0,
        "Amortization Of Intangibles Income Statement": 294000000.0,
        "Research And Development": 1950000000.0,
        "Selling General And Administration": 4261000000.0,
        "Selling And Marketing Expense": 238000000.0,
        "General And Administrative Expense": 4023000000.0,
        "Other Gand A": 3806000000.0,
        "Salaries And Wages": 217000000.0,
        "Gross Profit": 8031000000.0,
        "Cost Of Revenue": 6510000000.0,
        "Total Revenue": 14541000000.0,
        "Operating Revenue": 14541000000.0
    },
    "2025-06-30": {
        "Tax Effect Of Unusual Items": -26601463.2268,
        "Tax Rate For Calcs": 0.155564,
        "Normalized EBITDA": 4543000000.0,
        "Total Unusual Items": -171000000.0,
        "Total Unusual Items Excluding Goodwill": -171000000.0,
        "Net Income From Continuing Operation Net Minority Interest": 2193000000.0,
        "Reconciled Depreciation": 1265000000.0,
        "Reconciled Cost Of Revenue": 6060000000.0,
        "EBITDA": 4372000000.0,
        "EBIT": 3107000000.0,
        "Net Interest Income": -338000000.0,
        "Interest Expense": 510000000.0,
        "Interest Income": 172000000.0,
        "Normalized Income": 2337398536.7732,
        "Net Income From Continuing And Discontinued Operation": 2194000000.0,
        "Total Expenses": 13892000000.0,
        "Diluted Average Shares": 948000000.0,
        "Basic Average Shares": 930800000.0,
        "Diluted EPS": 2.31,
        "Basic EPS": 2.36,
        "Diluted NI Availto Com Stockholders": 2194000000.0,
        "Net Income Common Stockholders": 2194000000.0,
        "Net Income": 2194000000.0,
        "Net Income Including Noncontrolling Interests": 2194000000.0,
        "Net Income Discontinuous Operations": 1000000.0,
        "Net Income Continuous Operations": 2193000000.0,
        "Tax Provision": 404000000.0,
        "Pretax Income": 2597000000.0,
        "Other Income Expense": -151000000.0,
        "Other Non Operating Income Expenses": 20000000.0,
        "Special Income Charges": -18000000.0,
        "Restructuring And Mergern Acquisition": 18000000.0,
        "Gain On Sale Of Security": -153000000.0,
        "Net Non Operating Interest Income Expense": -338000000.0,
        "Interest Expense Non Operating": 510000000.0,
        "Interest Income Non Operating": 172000000.0,
        "Operating Income": 3086000000.0,
        "Operating Expense": 6891000000.0,
        "Other Operating Expenses": -215000000.0,
        "Provision For Doubtful Accounts": 14000000.0,
        "Depreciation Amortization Depletion Income Statement": 324000000.0,
        "Depreciation And Amortization In Income Statement": 324000000.0,
        "Amortization": 324000000.0,
        "Amortization Of Intangibles Income Statement": 324000000.0,
        "Research And Development": 2097000000.0,
        "Selling General And Administration": 4671000000.0,
        "Selling And Marketing Expense": 349000000.0,
        "General And Administrative Expense": 4322000000.0,
        "Other Gand A": 4078000000.0,
        "Salaries And Wages": 244000000.0,
        "Gross Profit": 9977000000.0,
        "Cost Of Revenue": 7001000000.0,
        "Total Revenue": 16977000000.0,
        "Operating Revenue": 16977000000.0
    },
    "2025-09-30": {
        "Tax Effect Of Unusual Items": -33311934.156379,
        "Tax Rate For Calcs": 0.282305,
        "Normalized EBITDA": 4323000000.0,
        "Total Unusual Items": -118000000.0,
        "Total Unusual Items Excluding Goodwill": -118000000.0,
        "Net Income From Continuing Operation Net Minority Interest": 1744000000.0,
        "Reconciled Depreciation": 1283000000.0,
        "Reconciled Cost Of Revenue": 6017000000.0,
        "EBITDA": 4205000000.0,
        "EBIT": 2922000000.0,
        "Net Interest Income": -342000000.0,
        "Interest Expense": 492000000.0,
        "Interest Income": 150000000.0,
        "Normalized Income": 1828688065.843621,
        "Net Income From Continuing And Discontinued Operation": 1744000000.0,
        "Total Expenses": 13538000000.0,
        "Diluted Average Shares": 948900000.0,
        "Basic Average Shares": 933900000.0,
        "Diluted EPS": 1.84,
        "Basic EPS": 1.87,
        "Diluted NI Availto Com Stockholders": 1744000000.0,
        "Net Income Common Stockholders": 1744000000.0,
        "Net Income": 1744000000.0,
        "Net Income Including Noncontrolling Interests": 1744000000.0,
        "Net Income Discontinuous Operations": 0.0,
        "Net Income Continuous Operations": 1744000000.0,
        "Tax Provision": 686000000.0,
        "Pretax Income": 2430000000.0,
        "Other Income Expense": -21000000.0,
        "Other Non Operating Income Expenses": 97000000.0,
        "Special Income Charges": -43000000.0,
        "Restructuring And Mergern Acquisition": 43000000.0,
        "Gain On Sale Of Security": -75000000.0,
        "Net Non Operating Interest Income Expense": -342000000.0,
        "Interest Expense Non Operating": 492000000.0,
        "Interest Income Non Operating": 150000000.0,
        "Operating Income": 2792000000.0,
        "Operating Expense": 6568000000.0,
        "Other Operating Expenses": -219000000.0,
        "Provision For Doubtful Accounts": -1000000.0,
        "Depreciation Amortization Depletion Income Statement": 330000000.0,
        "Depreciation And Amortization In Income Statement": 330000000.0,
        "Amortization": 330000000.0,
        "Amortization Of Intangibles Income Statement": 330000000.0,
        "Research And Development": 2082000000.0,
        "Selling General And Administration": 4376000000.0,
        "Selling And Marketing Expense": 270000000.0,
        "General And Administrative Expense": 4106000000.0,
        "Other Gand A": 3873000000.0,
        "Salaries And Wages": 233000000.0,
        "Gross Profit": 9360000000.0,
        "Cost Of Revenue": 6970000000.0,
        "Total Revenue": 16331000000.0,
        "Operating Revenue": 16331000000.0
    },
    "2025-12-31": {
        "Tax Effect Of Unusual Items": NaN,
        "Tax Rate For Calcs": NaN,
        "Normalized EBITDA": NaN,
        "Total Unusual Items": NaN,
        "Total Unusual Items Excluding Goodwill": NaN,
        "Net Income From Continuing Operation Net Minority Interest": NaN,
        "Reconciled Depreciation": NaN,
        "Reconciled Cost Of Revenue": NaN,
        "EBITDA": NaN,
        "EBIT": NaN,
        "Net Interest Income": NaN,
        "Interest Expense": NaN,
        "Interest Income": NaN,
        "Normalized Income": NaN,
        "Net Income From Continuing And Discontinued Operation": NaN,
        "Total Expenses": NaN,
        "Diluted Average Shares": 952400000.0,
        "Basic Average Shares": 936500000.0,
        "Diluted EPS": 5.88,
        "Basic EPS": 5.98,
        "Diluted NI Availto Com Stockholders": NaN,
        "Net Income Common Stockholders": NaN,
        "Net Income": NaN,
        "Net Income Including Noncontrolling Interests": NaN,
        "Net Income Discontinuous Operations": NaN,
        "Net Income Continuous Operations": NaN,
        "Tax Provision": NaN,
        "Pretax Income": NaN,
        "Other Income Expense": NaN,
        "Other Non Operating Income Expenses": NaN,
        "Special Income Charges": NaN,
        "Restructuring And Mergern Acquisition": NaN,
        "Gain On Sale Of Security": NaN,
        "Net Non Operating Interest Income Expense": NaN,
        "Interest Expense Non Operating": NaN,
        "Interest Income Non Operating": NaN,
        "Operating Income": NaN,
        "Operating Expense": NaN,
        "Other Operating Expenses": NaN,
        "Provision For Doubtful Accounts": NaN,
        "Depreciation Amortization Depletion Income Statement": NaN,
        "Depreciation And Amortization In Income Statement": NaN,
        "Amortization": NaN,
        "Amortization Of Intangibles Income Statement": NaN,
        "Research And Development": NaN,
        "Selling General And Administration": NaN,
        "Selling And Marketing Expense": NaN,
        "General And Administrative Expense": NaN,
        "Other Gand A": NaN,
        "Salaries And Wages": NaN,
        "Gross Profit": NaN,
        "Cost Of Revenue": NaN,
        "Total Revenue": NaN,
        "Operating Revenue": NaN
    }
}