{
    "2023-03-31": {
        "Tax Effect Of Unusual Items": NaN,
        "Tax Rate For Calcs": NaN,
        "Normalized EBITDA": NaN,
        "Total Unusual Items": NaN,
        "Total Unusual Items Excluding Goodwill": NaN,
        "Net Income From Continuing Operation Net Minority Interest": NaN,
        "Reconciled Depreciation": NaN,
        "Reconciled Cost Of Revenue": NaN,
        "EBITDA": NaN,
        "EBIT": NaN,
        "Net Interest Income": NaN,
        "Interest Expense": NaN,
        "Interest Income": NaN,
        "Normalized Income": NaN,
        "Net Income From Continuing And Discontinued Operation": NaN,
        "Total Expenses": NaN,
        "Total Operating Income As Reported": NaN,
        "Diluted Average Shares": NaN,
        "Basic Average Shares": NaN,
        "Diluted EPS": NaN,
        "Basic EPS": NaN,
        "Diluted NI Availto Com Stockholders": NaN,
        "Net Income Common Stockholders": NaN,
        "Net Income": NaN,
        "Net Income Including Noncontrolling Interests": NaN,
        "Net Income Continuous Operations": NaN,
        "Tax Provision": NaN,
        "Pretax Income": NaN,
        "Other Income Expense": -8136.0,
        "Other Non Operating Income Expenses": 107.0,
        "Special Income Charges": NaN,
        "Gain On Sale Of Ppe": NaN,
        "Other Special Charges": NaN,
        "Net Non Operating Interest Income Expense": NaN,
        "Total Other Finance Cost": NaN,
        "Interest Expense Non Operating": NaN,
        "Interest Income Non Operating": NaN,
        "Operating Income": NaN,
        "Operating Expense": NaN,
        "Research And Development": NaN,
        "Selling General And Administration": NaN,
        "Selling And Marketing Expense": NaN,
        "General And Administrative Expense": NaN,
        "Other Gand A": NaN,
        "Gross Profit": NaN,
        "Cost Of Revenue": NaN,
        "Total Revenue": NaN,
        "Operating Revenue": NaN
    },
    "2022-12-31": {
        "Tax Effect Of Unusual Items": NaN,
        "Tax Rate For Calcs": NaN,
        "Normalized EBITDA": NaN,
        "Total Unusual Items": NaN,
        "Total Unusual Items Excluding Goodwill": NaN,
        "Net Income From Continuing Operation Net Minority Interest": NaN,
        "Reconciled Depreciation": NaN,
        "Reconciled Cost Of Revenue": NaN,
        "EBITDA": NaN,
        "EBIT": NaN,
        "Net Interest Income": NaN,
        "Interest Expense": NaN,
        "Interest Income": NaN,
        "Normalized Income": NaN,
        "Net Income From Continuing And Discontinued Operation": NaN,
        "Total Expenses": NaN,
        "Total Operating Income As Reported": NaN,
        "Diluted Average Shares": NaN,
        "Basic Average Shares": NaN,
        "Diluted EPS": NaN,
        "Basic EPS": NaN,
        "Diluted NI Availto Com Stockholders": NaN,
        "Net Income Common Stockholders": NaN,
        "Net Income": NaN,
        "Net Income Including Noncontrolling Interests": NaN,
        "Net Income Continuous Operations": NaN,
        "Tax Provision": NaN,
        "Pretax Income": NaN,
        "Other Income Expense": -3666.0,
        "Other Non Operating Income Expenses": 0.0,
        "Special Income Charges": NaN,
        "Gain On Sale Of Ppe": NaN,
        "Other Special Charges": NaN,
        "Net Non Operating Interest Income Expense": NaN,
        "Total Other Finance Cost": NaN,
        "Interest Expense Non Operating": NaN,
        "Interest Income Non Operating": NaN,
        "Operating Income": NaN,
        "Operating Expense": NaN,
        "Research And Development": NaN,
        "Selling General And Administration": NaN,
        "Selling And Marketing Expense": NaN,
        "General And Administrative Expense": NaN,
        "Other Gand A": NaN,
        "Gross Profit": NaN,
        "Cost Of Revenue": NaN,
        "Total Revenue": NaN,
        "Operating Revenue": NaN
    },
    "2022-09-30": {
        "Tax Effect Of Unusual Items": NaN,
        "Tax Rate For Calcs": NaN,
        "Normalized EBITDA": NaN,
        "Total Unusual Items": NaN,
        "Total Unusual Items Excluding Goodwill": NaN,
        "Net Income From Continuing Operation Net Minority Interest": NaN,
        "Reconciled Depreciation": NaN,
        "Reconciled Cost Of Revenue": NaN,
        "EBITDA": NaN,
        "EBIT": NaN,
        "Net Interest Income": NaN,
        "Interest Expense": NaN,
        "Interest Income": NaN,
        "Normalized Income": NaN,
        "Net Income From Continuing And Discontinued Operation": NaN,
        "Total Expenses": NaN,
        "Total Operating Income As Reported": NaN,
        "Diluted Average Shares": NaN,
        "Basic Average Shares": NaN,
        "Diluted EPS": NaN,
        "Basic EPS": NaN,
        "Diluted NI Availto Com Stockholders": NaN,
        "Net Income Common Stockholders": NaN,
        "Net Income": NaN,
        "Net Income Including Noncontrolling Interests": NaN,
        "Net Income Continuous Operations": NaN,
        "Tax Provision": NaN,
        "Pretax Income": NaN,
        "Other Income Expense": NaN,
        "Other Non Operating Income Expenses": NaN,
        "Special Income Charges": NaN,
        "Gain On Sale Of Ppe": NaN,
        "Other Special Charges": NaN,
        "Net Non Operating Interest Income Expense": NaN,
        "Total Other Finance Cost": 1919.0,
        "Interest Expense Non Operating": NaN,
        "Interest Income Non Operating": NaN,
        "Operating Income": NaN,
        "Operating Expense": NaN,
        "Research And Development": NaN,
        "Selling General And Administration": NaN,
        "Selling And Marketing Expense": NaN,
        "General And Administrative Expense": NaN,
        "Other Gand A": NaN,
        "Gross Profit": NaN,
        "Cost Of Revenue": NaN,
        "Total Revenue": NaN,
        "Operating Revenue": NaN
    },
    "2022-06-30": {
        "Tax Effect Of Unusual Items": 0.0,
        "Tax Rate For Calcs": 0.4,
        "Normalized EBITDA": 36624.0,
        "Total Unusual Items": 0.0,
        "Total Unusual Items Excluding Goodwill": 0.0,
        "Net Income From Continuing Operation Net Minority Interest": -684148.0,
        "Reconciled Depreciation": 629384.0,
        "Reconciled Cost Of Revenue": 2154044.0,
        "EBITDA": 36624.0,
        "EBIT": -592760.0,
        "Net Interest Income": -64053.0,
        "Interest Expense": 90240.0,
        "Interest Income": 26187.0,
        "Normalized Income": -684148.0,
        "Net Income From Continuing And Discontinued Operation": -684148.0,
        "Total Expenses": 4480379.0,
        "Total Operating Income As Reported": -619007.0,
        "Diluted Average Shares": 7744567.0,
        "Basic Average Shares": 7744567.0,
        "Diluted EPS": -0.09,
        "Basic EPS": -0.09,
        "Diluted NI Availto Com Stockholders": -684148.0,
        "Net Income Common Stockholders": -684148.0,
        "Net Income": -684148.0,
        "Net Income Including Noncontrolling Interests": -684148.0,
        "Net Income Continuous Operations": -684148.0,
        "Tax Provision": 1148.0,
        "Pretax Income": -683000.0,
        "Other Income Expense": 60.0,
        "Other Non Operating Income Expenses": 60.0,
        "Special Income Charges": 0.0,
        "Gain On Sale Of Ppe": 0.0,
        "Net Non Operating Interest Income Expense": -64053.0,
        "Total Other Finance Cost": NaN,
        "Interest Expense Non Operating": 90240.0,
        "Interest Income Non Operating": 26187.0,
        "Operating Income": -619007.0,
        "Operating Expense": 2326335.0,
        "Research And Development": 1138767.0,
        "Selling General And Administration": 1187568.0,
        "Selling And Marketing Expense": 659239.0,
        "General And Administrative Expense": 528329.0,
        "Other Gand A": 528329.0,
        "Gross Profit": 1707328.0,
        "Cost Of Revenue": 2154044.0,
        "Total Revenue": 3861372.0,
        "Operating Revenue": 3861372.0
    },
    "2022-03-31": {
        "Diluted EPS": 0.07,
        "Total Revenue": 6,
        "Gross Profit": 3,
        "Operating Income": 1,
        "EBIT": 1,
        "Net Income": 1
    },
    "2021-12-31": {
        "Diluted EPS": 0.01,
        "Total Revenue": 5,
        "Gross Profit": 3,
        "Operating Income": 0,
        "EBIT": 1,
        "Net Income": 0
    },
    "2021-09-30": {
        "Diluted EPS": 0.02,
        "Total Revenue": 5,
        "Gross Profit": 2,
        "Operating Income": 0,
        "EBIT": 1,
        "Net Income": 0
    },
    "2021-06-30": {
        "Diluted EPS": 0.02,
        "Total Revenue": 5,
        "Gross Profit": 2,
        "Operating Income": 0,
        "EBIT": 1,
        "Net Income": 0
    },
    "2021-03-31": {
        "Diluted EPS": -0.06,
        "Total Revenue": 4,
        "Gross Profit": 2,
        "Operating Income": 0,
        "EBIT": 0,
        "Net Income": 0
    },
    "2020-12-31": {
        "Diluted EPS": 0.03,
        "Total Revenue": 4,
        "Gross Profit": 2,
        "Operating Income": -1,
        "EBIT": 0,
        "Net Income": 0
    },
    "2020-09-30": {
        "Diluted EPS": -0.04,
        "Total Revenue": 4,
        "Gross Profit": 2,
        "Operating Income": 0,
        "EBIT": 0,
        "Net Income": 0
    },
    "2020-06-30": {
        "Diluted EPS": -0.11,
        "Total Revenue": 3,
        "Gross Profit": 1,
        "Operating Income": -1,
        "EBIT": 0,
        "Net Income": -1
    },
    "2020-03-31": {
        "Diluted EPS": -0.02,
        "Total Revenue": 5,
        "Gross Profit": 2,
        "Operating Income": 0,
        "EBIT": 1,
        "Net Income": 0
    },
    "2019-12-31": {
        "Diluted EPS": -0.06,
        "Total Revenue": 4,
        "Gross Profit": 2,
        "Operating Income": 0,
        "EBIT": 0,
        "Net Income": 0
    },
    "2019-09-30": {
        "Diluted EPS": -0.07,
        "Total Revenue": 3,
        "Gross Profit": 1,
        "Operating Income": 0,
        "EBIT": 0,
        "Net Income": -1
    },
    "2019-06-30": {
        "Diluted EPS": -0.09,
        "Total Revenue": 3,
        "Gross Profit": 1,
        "Operating Income": -1,
        "EBIT": 0,
        "Net Income": -1
    },
    "2019-03-31": {
        "Diluted EPS": 0.03,
        "Total Revenue": 4,
        "Gross Profit": 2,
        "Operating Income": 0,
        "EBIT": 1,
        "Net Income": 0
    },
    "2018-12-31": {
        "Diluted EPS": -0.18,
        "Total Revenue": 3,
        "Gross Profit": 1,
        "Operating Income": -1,
        "EBIT": 0,
        "Net Income": -1
    },
    "2018-09-30": {
        "Diluted EPS": -0.05,
        "Total Revenue": 2,
        "Gross Profit": 1,
        "Operating Income": 0,
        "EBIT": 0,
        "Net Income": 0
    },
    "2018-06-30": {
        "Diluted EPS": -0.15,
        "Total Revenue": 3,
        "Gross Profit": 1,
        "Operating Income": 0,
        "EBIT": 0,
        "Net Income": -1
    },
    "2018-03-31": {
        "Diluted EPS": -0.04,
        "Total Revenue": 3,
        "Gross Profit": 1,
        "Operating Income": 0,
        "EBIT": 0,
        "Net Income": 0
    },
    "2017-12-31": {
        "Diluted EPS": -0.03,
        "Total Revenue": 3,
        "Gross Profit": 1,
        "Operating Income": 0,
        "EBIT": 0,
        "Net Income": 0
    },
    "2017-09-30": {
        "Diluted EPS": -0.07,
        "Total Revenue": 2,
        "Gross Profit": 1,
        "Operating Income": 0,
        "EBIT": 0,
        "Net Income": 0
    },
    "2017-06-30": {
        "Diluted EPS": -0.05,
        "Total Revenue": 2,
        "Gross Profit": 1,
        "Operating Income": 0,
        "EBIT": 0,
        "Net Income": 0
    },
    "2017-03-31": {
        "Diluted EPS": 0.12,
        "Total Revenue": 4,
        "Gross Profit": 2,
        "Operating Income": 1,
        "EBIT": 1,
        "Net Income": 1
    },
    "2016-12-31": {
        "Diluted EPS": 0.0,
        "Total Revenue": 2,
        "Gross Profit": 1,
        "Operating Income": 0,
        "EBIT": 0,
        "Net Income": 0
    },
    "2016-09-30": {
        "Diluted EPS": 0.01,
        "Total Revenue": 2,
        "Gross Profit": 1,
        "Operating Income": 0,
        "EBIT": 0,
        "Net Income": 0
    },
    "2016-06-30": {
        "Diluted EPS": 0.0,
        "Total Revenue": 2,
        "Gross Profit": 1,
        "Operating Income": 0,
        "EBIT": 0,
        "Net Income": 0
    },
    "2016-03-31": {
        "Diluted EPS": 0.11,
        "Total Revenue": 3,
        "Gross Profit": 2,
        "Operating Income": 1,
        "EBIT": 1,
        "Net Income": 0
    },
    "2015-12-31": {
        "Diluted EPS": 0.09,
        "Total Revenue": 3,
        "Gross Profit": 2,
        "Operating Income": 0,
        "EBIT": 1,
        "Net Income": 0
    },
    "2015-09-30": {
        "Diluted EPS": 0.11,
        "Total Revenue": 2,
        "Gross Profit": 2,
        "Operating Income": 1,
        "EBIT": 1,
        "Net Income": 0
    },
    "2015-06-30": {
        "Diluted EPS": 0.03,
        "Total Revenue": 2,
        "Gross Profit": 1,
        "Operating Income": 0,
        "EBIT": 0,
        "Net Income": 0
    },
    "2015-03-31": {
        "Diluted EPS": 0.15,
        "Total Revenue": 3,
        "Gross Profit": 2,
        "Operating Income": 1,
        "EBIT": 1,
        "Net Income": 0
    },
    "2014-12-31": {
        "Diluted EPS": 0.04,
        "Total Revenue": 2,
        "Gross Profit": 1,
        "Operating Income": 0,
        "EBIT": 0,
        "Net Income": 0
    },
    "2014-09-30": {
        "Diluted EPS": 0.0,
        "Total Revenue": 2,
        "Gross Profit": 1,
        "Operating Income": 0,
        "EBIT": 0,
        "Net Income": 0
    },
    "2014-06-30": {
        "Diluted EPS": -0.1,
        "Total Revenue": 2,
        "Gross Profit": 1,
        "Operating Income": 0,
        "EBIT": 0,
        "Net Income": 0
    },
    "2014-03-31": {
        "Diluted EPS": 0.0,
        "Total Revenue": 2,
        "Gross Profit": 1,
        "Operating Income": 0,
        "EBIT": 0,
        "Net Income": 0
    },
    "2013-12-31": {
        "Diluted EPS": -0.05,
        "Total Revenue": 2,
        "Gross Profit": 1,
        "Operating Income": 0,
        "EBIT": 0,
        "Net Income": 0
    },
    "2013-09-30": {
        "Diluted EPS": 0.02,
        "Total Revenue": 1,
        "Gross Profit": 1,
        "Operating Income": 0,
        "EBIT": 0,
        "Net Income": 0
    },
    "2013-06-30": {
        "Diluted EPS": 0.0,
        "Total Revenue": 1,
        "Gross Profit": 1,
        "Operating Income": 0,
        "EBIT": 0,
        "Net Income": 0
    },
    "2013-03-31": {
        "Diluted EPS": 0.07,
        "Total Revenue": 2,
        "Gross Profit": 1,
        "Operating Income": 0,
        "EBIT": 0,
        "Net Income": 0
    },
    "2012-12-31": {
        "Diluted EPS": 0.0,
        "Total Revenue": 1,
        "Gross Profit": 1,
        "Operating Income": 0,
        "EBIT": 0,
        "Net Income": 0
    },
    "2012-09-30": {
        "Diluted EPS": -0.02,
        "Total Revenue": 1,
        "Gross Profit": 1,
        "Operating Income": 0,
        "EBIT": 0,
        "Net Income": 0
    },
    "2012-06-30": {
        "Diluted EPS": 0.0,
        "Total Revenue": 1,
        "Gross Profit": 1,
        "Operating Income": 0,
        "EBIT": 0,
        "Net Income": 0
    },
    "2012-03-31": {
        "Diluted EPS": 0.05,
        "Total Revenue": 2,
        "Gross Profit": 1,
        "Operating Income": 0,
        "EBIT": 0,
        "Net Income": 0
    },
    "2011-12-31": {
        "Diluted EPS": 0.0,
        "Total Revenue": 1,
        "Gross Profit": 1,
        "Operating Income": 0,
        "EBIT": 0,
        "Net Income": 0
    },
    "2011-09-30": {
        "Diluted EPS": -0.04,
        "Total Revenue": 1,
        "Gross Profit": 1,
        "Operating Income": 0,
        "EBIT": 0,
        "Net Income": 0
    },
    "2011-06-30": {
        "Diluted EPS": -0.09,
        "Total Revenue": 1,
        "Gross Profit": 1,
        "Operating Income": 0,
        "EBIT": 0,
        "Net Income": 0
    },
    "2011-03-31": {
        "Diluted EPS": -0.01,
        "Total Revenue": 2,
        "Gross Profit": 1,
        "Operating Income": 0,
        "EBIT": 0,
        "Net Income": 0
    },
    "2010-12-31": {
        "Diluted EPS": 0.04,
        "Total Revenue": 1,
        "Gross Profit": 1,
        "Operating Income": -2,
        "EBIT": -2,
        "Net Income": 0
    },
    "2010-09-30": {
        "Diluted EPS": -0.07,
        "Total Revenue": 1,
        "Gross Profit": 0,
        "Operating Income": 0,
        "EBIT": 0,
        "Net Income": 0
    },
    "2010-06-30": {
        "Diluted EPS": 0.0,
        "Total Revenue": 1,
        "Gross Profit": 1,
        "Operating Income": 0,
        "EBIT": 0,
        "Net Income": 0
    },
    "2010-03-31": {
        "Diluted EPS": -0.02,
        "Total Revenue": 1,
        "Gross Profit": 1,
        "Operating Income": 0,
        "EBIT": 0,
        "Net Income": 0
    },
    "2009-12-31": {
        "Diluted EPS": -0.01,
        "Total Revenue": 1,
        "Gross Profit": 1,
        "Operating Income": 0,
        "EBIT": 0,
        "Net Income": 0
    },
    "2009-09-30": {
        "Diluted EPS": -0.01,
        "Total Revenue": 1,
        "Gross Profit": 1,
        "Operating Income": 0,
        "EBIT": 0,
        "Net Income": 0
    },
    "2009-06-30": {
        "Diluted EPS": -0.05,
        "Total Revenue": 1,
        "Gross Profit": 0,
        "Operating Income": 0,
        "EBIT": 0,
        "Net Income": 0
    },
    "2009-03-31": {
        "Diluted EPS": -0.01,
        "Total Revenue": 1,
        "Gross Profit": 1,
        "Operating Income": 0,
        "EBIT": 0,
        "Net Income": 0
    },
    "2023-06-30": {
        "Tax Effect Of Unusual Items": 0.77,
        "Tax Rate For Calcs": 0.01,
        "Normalized EBITDA": -604894.0,
        "Total Unusual Items": 77.0,
        "Total Unusual Items Excluding Goodwill": 77.0,
        "Net Income From Continuing Operation Net Minority Interest": -1379714.0,
        "Reconciled Depreciation": 684795.0,
        "Reconciled Cost Of Revenue": 2488793.0,
        "EBITDA": -604817.0,
        "EBIT": -1289612.0,
        "Net Interest Income": -73771.0,
        "Interest Expense": 88577.0,
        "Interest Income": 14806.0,
        "Normalized Income": -1379790.23,
        "Net Income From Continuing And Discontinued Operation": -1379714.0,
        "Total Expenses": 4837176.0,
        "Total Operating Income As Reported": -1304495.0,
        "Diluted Average Shares": NaN,
        "Basic Average Shares": NaN,
        "Diluted EPS": NaN,
        "Basic EPS": NaN,
        "Diluted NI Availto Com Stockholders": -1379714.0,
        "Net Income Common Stockholders": -1379714.0,
        "Net Income": -1379714.0,
        "Net Income Including Noncontrolling Interests": -1379714.0,
        "Net Income Continuous Operations": -1379714.0,
        "Tax Provision": 1525.0,
        "Pretax Income": -1378189.0,
        "Other Income Expense": 77.0,
        "Special Income Charges": 77.0,
        "Gain On Sale Of Ppe": 77.0,
        "Other Special Charges": NaN,
        "Net Non Operating Interest Income Expense": -73771.0,
        "Total Other Finance Cost": 1919.0,
        "Interest Expense Non Operating": 88577.0,
        "Interest Income Non Operating": 14806.0,
        "Operating Income": -1304495.0,
        "Operating Expense": 2348383.0,
        "Research And Development": 1099538.0,
        "Selling General And Administration": 1248845.0,
        "Selling And Marketing Expense": 719789.0,
        "General And Administrative Expense": 529056.0,
        "Other Gand A": 529056.0,
        "Gross Profit": 1043888.0,
        "Cost Of Revenue": 2488793.0,
        "Total Revenue": 3532681.0,
        "Operating Revenue": 3532681.0
    },
    "2023-09-30": {
        "Tax Effect Of Unusual Items": NaN,
        "Tax Rate For Calcs": NaN,
        "Normalized EBITDA": NaN,
        "Total Unusual Items": NaN,
        "Total Unusual Items Excluding Goodwill": NaN,
        "Net Income From Continuing Operation Net Minority Interest": NaN,
        "Reconciled Depreciation": NaN,
        "Reconciled Cost Of Revenue": NaN,
        "EBITDA": NaN,
        "EBIT": NaN,
        "Net Interest Income": NaN,
        "Interest Expense": NaN,
        "Interest Income": NaN,
        "Normalized Income": NaN,
        "Net Income From Continuing And Discontinued Operation": NaN,
        "Total Expenses": NaN,
        "Total Operating Income As Reported": NaN,
        "Diluted Average Shares": NaN,
        "Basic Average Shares": NaN,
        "Diluted EPS": NaN,
        "Basic EPS": NaN,
        "Diluted NI Availto Com Stockholders": NaN,
        "Net Income Common Stockholders": NaN,
        "Net Income": NaN,
        "Net Income Including Noncontrolling Interests": NaN,
        "Net Income Continuous Operations": NaN,
        "Tax Provision": NaN,
        "Pretax Income": NaN,
        "Other Income Expense": 365195.0,
        "Other Non Operating Income Expenses": NaN,
        "Special Income Charges": NaN,
        "Gain On Sale Of Ppe": NaN,
        "Other Special Charges": -365127.0,
        "Net Non Operating Interest Income Expense": NaN,
        "Total Other Finance Cost": 8687.0,
        "Interest Expense Non Operating": NaN,
        "Interest Income Non Operating": NaN,
        "Operating Income": NaN,
        "Operating Expense": NaN,
        "Research And Development": NaN,
        "Selling General And Administration": NaN,
        "Selling And Marketing Expense": NaN,
        "General And Administrative Expense": NaN,
        "Other Gand A": NaN,
        "Gross Profit": NaN,
        "Cost Of Revenue": NaN,
        "Total Revenue": NaN,
        "Operating Revenue": NaN
    },
    "2023-12-31": {
        "Tax Effect Of Unusual Items": NaN,
        "Tax Rate For Calcs": NaN,
        "Normalized EBITDA": NaN,
        "Total Unusual Items": NaN,
        "Total Unusual Items Excluding Goodwill": NaN,
        "Net Income From Continuing Operation Net Minority Interest": NaN,
        "Reconciled Depreciation": NaN,
        "Reconciled Cost Of Revenue": NaN,
        "EBITDA": NaN,
        "EBIT": NaN,
        "Net Interest Income": NaN,
        "Interest Expense": NaN,
        "Interest Income": NaN,
        "Normalized Income": NaN,
        "Net Income From Continuing And Discontinued Operation": NaN,
        "Total Expenses": NaN,
        "Total Operating Income As Reported": NaN,
        "Diluted Average Shares": NaN,
        "Basic Average Shares": NaN,
        "Diluted EPS": NaN,
        "Basic EPS": NaN,
        "Diluted NI Availto Com Stockholders": NaN,
        "Net Income Common Stockholders": NaN,
        "Net Income": NaN,
        "Net Income Including Noncontrolling Interests": NaN,
        "Net Income Continuous Operations": NaN,
        "Tax Provision": NaN,
        "Pretax Income": NaN,
        "Other Income Expense": 0.0,
        "Other Non Operating Income Expenses": 0.0,
        "Special Income Charges": NaN,
        "Gain On Sale Of Ppe": NaN,
        "Other Special Charges": 0.0,
        "Net Non Operating Interest Income Expense": NaN,
        "Total Other Finance Cost": NaN,
        "Interest Expense Non Operating": NaN,
        "Interest Income Non Operating": NaN,
        "Operating Income": NaN,
        "Operating Expense": NaN,
        "Research And Development": NaN,
        "Selling General And Administration": NaN,
        "Selling And Marketing Expense": NaN,
        "General And Administrative Expense": NaN,
        "Other Gand A": NaN,
        "Gross Profit": NaN,
        "Cost Of Revenue": NaN,
        "Total Revenue": NaN,
        "Operating Revenue": NaN
    },
    "2024-03-31": {
        "Tax Effect Of Unusual Items": NaN,
        "Tax Rate For Calcs": NaN,
        "Normalized EBITDA": NaN,
        "Total Unusual Items": NaN,
        "Total Unusual Items Excluding Goodwill": NaN,
        "Net Income From Continuing Operation Net Minority Interest": NaN,
        "Reconciled Depreciation": NaN,
        "Reconciled Cost Of Revenue": NaN,
        "EBITDA": NaN,
        "EBIT": NaN,
        "Net Interest Income": NaN,
        "Interest Expense": NaN,
        "Interest Income": NaN,
        "Normalized Income": NaN,
        "Net Income From Continuing And Discontinued Operation": NaN,
        "Total Expenses": NaN,
        "Total Operating Income As Reported": NaN,
        "Diluted Average Shares": NaN,
        "Basic Average Shares": NaN,
        "Diluted EPS": NaN,
        "Basic EPS": NaN,
        "Diluted NI Availto Com Stockholders": NaN,
        "Net Income Common Stockholders": NaN,
        "Net Income": NaN,
        "Net Income Including Noncontrolling Interests": NaN,
        "Net Income Continuous Operations": NaN,
        "Tax Provision": NaN,
        "Pretax Income": NaN,
        "Other Income Expense": NaN,
        "Other Non Operating Income Expenses": NaN,
        "Special Income Charges": NaN,
        "Gain On Sale Of Ppe": NaN,
        "Other Special Charges": NaN,
        "Net Non Operating Interest Income Expense": NaN,
        "Total Other Finance Cost": 10247.0,
        "Interest Expense Non Operating": NaN,
        "Interest Income Non Operating": NaN,
        "Operating Income": NaN,
        "Operating Expense": NaN,
        "Research And Development": NaN,
        "Selling General And Administration": NaN,
        "Selling And Marketing Expense": NaN,
        "General And Administrative Expense": NaN,
        "Other Gand A": NaN,
        "Gross Profit": NaN,
        "Cost Of Revenue": NaN,
        "Total Revenue": NaN,
        "Operating Revenue": NaN
    },
    "2024-06-30": {
        "Tax Effect Of Unusual Items": NaN,
        "Tax Rate For Calcs": NaN,
        "Normalized EBITDA": NaN,
        "Total Unusual Items": NaN,
        "Total Unusual Items Excluding Goodwill": NaN,
        "Net Income From Continuing Operation Net Minority Interest": NaN,
        "Reconciled Depreciation": NaN,
        "Reconciled Cost Of Revenue": NaN,
        "EBITDA": NaN,
        "EBIT": NaN,
        "Net Interest Income": NaN,
        "Interest Expense": NaN,
        "Interest Income": NaN,
        "Normalized Income": NaN,
        "Net Income From Continuing And Discontinued Operation": NaN,
        "Total Expenses": NaN,
        "Total Operating Income As Reported": NaN,
        "Diluted Average Shares": NaN,
        "Basic Average Shares": NaN,
        "Diluted EPS": NaN,
        "Basic EPS": NaN,
        "Diluted NI Availto Com Stockholders": NaN,
        "Net Income Common Stockholders": NaN,
        "Net Income": NaN,
        "Net Income Including Noncontrolling Interests": NaN,
        "Net Income Continuous Operations": NaN,
        "Tax Provision": NaN,
        "Pretax Income": NaN,
        "Other Income Expense": -14557.0,
        "Other Non Operating Income Expenses": NaN,
        "Special Income Charges": NaN,
        "Gain On Sale Of Ppe": NaN,
        "Other Special Charges": NaN,
        "Net Non Operating Interest Income Expense": NaN,
        "Total Other Finance Cost": NaN,
        "Interest Expense Non Operating": NaN,
        "Interest Income Non Operating": NaN,
        "Operating Income": NaN,
        "Operating Expense": NaN,
        "Research And Development": NaN,
        "Selling General And Administration": NaN,
        "Selling And Marketing Expense": NaN,
        "General And Administrative Expense": NaN,
        "Other Gand A": NaN,
        "Gross Profit": NaN,
        "Cost Of Revenue": NaN,
        "Total Revenue": NaN,
        "Operating Revenue": NaN
    },
    "2024-09-30": {
        "Tax Effect Of Unusual Items": 0.0,
        "Tax Rate For Calcs": 0.21,
        "Normalized EBITDA": 108108.0,
        "Total Unusual Items": 0.0,
        "Total Unusual Items Excluding Goodwill": 0.0,
        "Net Income From Continuing Operation Net Minority Interest": -701690.0,
        "Reconciled Depreciation": 675122.0,
        "Reconciled Cost Of Revenue": 4428019.0,
        "EBITDA": 108108.0,
        "EBIT": -567014.0,
        "Net Interest Income": -125456.0,
        "Interest Expense": 133336.0,
        "Interest Income": 18685.0,
        "Normalized Income": -701690.0,
        "Net Income From Continuing And Discontinued Operation": -701690.0,
        "Total Expenses": 6586467.0,
        "Total Operating Income As Reported": -574894.0,
        "Diluted Average Shares": 8164423.0,
        "Basic Average Shares": 8164423.0,
        "Diluted EPS": -0.09,
        "Basic EPS": -0.09,
        "Diluted NI Availto Com Stockholders": -701690.0,
        "Net Income Common Stockholders": -701690.0,
        "Net Income": -701690.0,
        "Net Income Including Noncontrolling Interests": -701690.0,
        "Net Income Continuous Operations": -701690.0,
        "Tax Provision": 1340.0,
        "Pretax Income": -700350.0,
        "Other Income Expense": NaN,
        "Other Non Operating Income Expenses": NaN,
        "Special Income Charges": 0.0,
        "Gain On Sale Of Ppe": 0.0,
        "Other Special Charges": NaN,
        "Net Non Operating Interest Income Expense": -125456.0,
        "Total Other Finance Cost": 10805.0,
        "Interest Expense Non Operating": 133336.0,
        "Interest Income Non Operating": 18685.0,
        "Operating Income": -574894.0,
        "Operating Expense": 2158448.0,
        "Research And Development": 786136.0,
        "Selling General And Administration": 1372312.0,
        "Selling And Marketing Expense": 844045.0,
        "General And Administrative Expense": 528267.0,
        "Other Gand A": 528267.0,
        "Gross Profit": 1583554.0,
        "Cost Of Revenue": 4428019.0,
        "Total Revenue": 6011573.0,
        "Operating Revenue": 6011573.0
    },
    "2024-12-31": {
        "Tax Effect Of Unusual Items": -9.669825,
        "Tax Rate For Calcs": 0.011595,
        "Normalized EBITDA": 1320662.0,
        "Total Unusual Items": -834.0,
        "Total Unusual Items Excluding Goodwill": -834.0,
        "Net Income From Continuing Operation Net Minority Interest": 514555.0,
        "Reconciled Depreciation": 673848.0,
        "Reconciled Cost Of Revenue": 4919483.0,
        "EBITDA": 1319828.0,
        "EBIT": 645980.0,
        "Net Interest Income": -99970.0,
        "Interest Expense": 125389.0,
        "Interest Income": 36226.0,
        "Normalized Income": 515379.330175,
        "Net Income From Continuing And Discontinued Operation": 514555.0,
        "Total Expenses": 7129734.0,
        "Total Operating Income As Reported": 621395.0,
        "Diluted Average Shares": 8935000.0,
        "Basic Average Shares": 8935000.0,
        "Diluted EPS": 0.06,
        "Basic EPS": 0.06,
        "Diluted NI Availto Com Stockholders": 514555.0,
        "Net Income Common Stockholders": 514555.0,
        "Net Income": 514555.0,
        "Net Income Including Noncontrolling Interests": 514555.0,
        "Net Income Continuous Operations": 514555.0,
        "Tax Provision": 6036.0,
        "Pretax Income": 520591.0,
        "Other Income Expense": -834.0,
        "Other Non Operating Income Expenses": NaN,
        "Special Income Charges": -834.0,
        "Gain On Sale Of Ppe": -834.0,
        "Other Special Charges": NaN,
        "Net Non Operating Interest Income Expense": -99970.0,
        "Total Other Finance Cost": 10807.0,
        "Interest Expense Non Operating": 125389.0,
        "Interest Income Non Operating": 36226.0,
        "Operating Income": 621395.0,
        "Operating Expense": 2210251.0,
        "Research And Development": 819393.0,
        "Selling General And Administration": 1390858.0,
        "Selling And Marketing Expense": 836147.0,
        "General And Administrative Expense": 554711.0,
        "Other Gand A": 554711.0,
        "Gross Profit": 2831646.0,
        "Cost Of Revenue": 4919483.0,
        "Total Revenue": 7751129.0,
        "Operating Revenue": 7751129.0
    },
    "2025-03-31": {
        "Tax Effect Of Unusual Items": 554.190001,
        "Tax Rate For Calcs": 0.001314,
        "Normalized EBITDA": 1820254.0,
        "Total Unusual Items": 421722.0,
        "Total Unusual Items Excluding Goodwill": 421722.0,
        "Net Income From Continuing Operation Net Minority Interest": 1446983.0,
        "Reconciled Depreciation": 675967.0,
        "Reconciled Cost Of Revenue": 4713202.0,
        "EBITDA": 2241976.0,
        "EBIT": 1566009.0,
        "Net Interest Income": -90459.0,
        "Interest Expense": 117122.0,
        "Interest Income": 37469.0,
        "Normalized Income": 1025815.190001,
        "Net Income From Continuing And Discontinued Operation": 1446983.0,
        "Total Expenses": 6949550.0,
        "Total Operating Income As Reported": 1117624.0,
        "Diluted Average Shares": 8981000.0,
        "Basic Average Shares": 8981000.0,
        "Diluted EPS": 0.16,
        "Basic EPS": 0.16,
        "Diluted NI Availto Com Stockholders": 1446983.0,
        "Net Income Common Stockholders": 1446983.0,
        "Net Income": 1446983.0,
        "Net Income Including Noncontrolling Interests": 1446983.0,
        "Net Income Continuous Operations": 1446983.0,
        "Tax Provision": 1904.0,
        "Pretax Income": 1448887.0,
        "Other Income Expense": 421722.0,
        "Other Non Operating Income Expenses": NaN,
        "Special Income Charges": 421722.0,
        "Gain On Sale Of Ppe": -4865.0,
        "Other Special Charges": -426587.0,
        "Net Non Operating Interest Income Expense": -90459.0,
        "Total Other Finance Cost": 10806.0,
        "Interest Expense Non Operating": 117122.0,
        "Interest Income Non Operating": 37469.0,
        "Operating Income": 1117624.0,
        "Operating Expense": 2236348.0,
        "Research And Development": 756847.0,
        "Selling General And Administration": 1479501.0,
        "Selling And Marketing Expense": 856658.0,
        "General And Administrative Expense": 622843.0,
        "Other Gand A": 622843.0,
        "Gross Profit": 3353972.0,
        "Cost Of Revenue": 4713202.0,
        "Total Revenue": 8067174.0,
        "Operating Revenue": 8067174.0
    },
    "2025-06-30": {
        "Tax Effect Of Unusual Items": 26.939546,
        "Tax Rate For Calcs": 0.003779,
        "Normalized EBITDA": 1289682.0,
        "Total Unusual Items": 7128.0,
        "Total Unusual Items Excluding Goodwill": 7128.0,
        "Net Income From Continuing Operation Net Minority Interest": 501880.0,
        "Reconciled Depreciation": 668231.0,
        "Reconciled Cost Of Revenue": 3626956.0,
        "EBITDA": 1296810.0,
        "EBIT": 628579.0,
        "Net Interest Income": -76682.0,
        "Interest Expense": 124795.0,
        "Interest Income": 48113.0,
        "Normalized Income": 494778.939546,
        "Net Income From Continuing And Discontinued Operation": 501880.0,
        "Total Expenses": 5875318.0,
        "Total Operating Income As Reported": 569562.0,
        "Diluted Average Shares": 9031282.0,
        "Basic Average Shares": 9031282.0,
        "Diluted EPS": 0.06,
        "Basic EPS": 0.06,
        "Diluted NI Availto Com Stockholders": 501880.0,
        "Net Income Common Stockholders": 501880.0,
        "Net Income": 501880.0,
        "Net Income Including Noncontrolling Interests": 501880.0,
        "Net Income Continuous Operations": 501880.0,
        "Tax Provision": 1904.0,
        "Pretax Income": 503784.0,
        "Other Income Expense": 10904.0,
        "Other Non Operating Income Expenses": 3776.0,
        "Special Income Charges": 7128.0,
        "Gain On Sale Of Ppe": 7128.0,
        "Other Special Charges": NaN,
        "Net Non Operating Interest Income Expense": -76682.0,
        "Total Other Finance Cost": NaN,
        "Interest Expense Non Operating": 124795.0,
        "Interest Income Non Operating": 48113.0,
        "Operating Income": 569562.0,
        "Operating Expense": 2248362.0,
        "Research And Development": 831858.0,
        "Selling General And Administration": 1416504.0,
        "Selling And Marketing Expense": 696086.0,
        "General And Administrative Expense": 720418.0,
        "Other Gand A": 720418.0,
        "Gross Profit": 2817924.0,
        "Cost Of Revenue": 3626956.0,
        "Total Revenue": 6444880.0,
        "Operating Revenue": 6444880.0
    },
    "2025-09-30": {
        "Tax Effect Of Unusual Items": -13086.99,
        "Tax Rate For Calcs": 0.21,
        "Normalized EBITDA": 711053.0,
        "Total Unusual Items": -62319.0,
        "Total Unusual Items Excluding Goodwill": -62319.0,
        "Net Income From Continuing Operation Net Minority Interest": -139748.0,
        "Reconciled Depreciation": 679088.0,
        "Reconciled Cost Of Revenue": 3143024.0,
        "EBITDA": 648734.0,
        "EBIT": -30354.0,
        "Net Interest Income": -93048.0,
        "Interest Expense": 104938.0,
        "Interest Income": 41468.0,
        "Normalized Income": -90515.99,
        "Net Income From Continuing And Discontinued Operation": -139748.0,
        "Total Expenses": 5486047.0,
        "Total Operating Income As Reported": 20075.0,
        "Diluted Average Shares": 9045851.0,
        "Basic Average Shares": 9045851.0,
        "Diluted EPS": -0.02,
        "Basic EPS": -0.02,
        "Diluted NI Availto Com Stockholders": -139748.0,
        "Net Income Common Stockholders": -139748.0,
        "Net Income": -139748.0,
        "Net Income Including Noncontrolling Interests": -139748.0,
        "Net Income Continuous Operations": -139748.0,
        "Tax Provision": 4456.0,
        "Pretax Income": -135292.0,
        "Other Income Expense": -62319.0,
        "Other Non Operating Income Expenses": NaN,
        "Special Income Charges": -62319.0,
        "Gain On Sale Of Ppe": -62319.0,
        "Other Special Charges": NaN,
        "Net Non Operating Interest Income Expense": -93048.0,
        "Total Other Finance Cost": 29578.0,
        "Interest Expense Non Operating": 104938.0,
        "Interest Income Non Operating": 41468.0,
        "Operating Income": 20075.0,
        "Operating Expense": 2343023.0,
        "Research And Development": 694311.0,
        "Selling General And Administration": 1648712.0,
        "Selling And Marketing Expense": 919291.0,
        "General And Administrative Expense": 729421.0,
        "Other Gand A": 729421.0,
        "Gross Profit": 2363098.0,
        "Cost Of Revenue": 3143024.0,
        "Total Revenue": 5506122.0,
        "Operating Revenue": 5506122.0
    }
}