{
    "2023-03-31": {
        "Tax Effect Of Unusual Items": NaN,
        "Tax Rate For Calcs": NaN,
        "Normalized EBITDA": NaN,
        "Net Income From Continuing Operation Net Minority Interest": NaN,
        "Reconciled Depreciation": NaN,
        "Reconciled Cost Of Revenue": NaN,
        "EBITDA": NaN,
        "EBIT": NaN,
        "Net Interest Income": NaN,
        "Interest Expense": NaN,
        "Interest Income": NaN,
        "Normalized Income": NaN,
        "Net Income From Continuing And Discontinued Operation": NaN,
        "Total Expenses": NaN,
        "Total Operating Income As Reported": NaN,
        "Diluted Average Shares": NaN,
        "Basic Average Shares": NaN,
        "Diluted EPS": NaN,
        "Basic EPS": NaN,
        "Diluted NI Availto Com Stockholders": NaN,
        "Net Income Common Stockholders": NaN,
        "Net Income": NaN,
        "Minority Interests": NaN,
        "Net Income Including Noncontrolling Interests": NaN,
        "Net Income Continuous Operations": NaN,
        "Tax Provision": NaN,
        "Pretax Income": NaN,
        "Other Income Expense": NaN,
        "Other Non Operating Income Expenses": NaN,
        "Earnings From Equity Interest": NaN,
        "Net Non Operating Interest Income Expense": NaN,
        "Interest Expense Non Operating": NaN,
        "Interest Income Non Operating": NaN,
        "Operating Income": NaN,
        "Operating Expense": NaN,
        "Other Operating Expenses": 31000000.0,
        "Research And Development": NaN,
        "Selling General And Administration": NaN,
        "Selling And Marketing Expense": NaN,
        "General And Administrative Expense": NaN,
        "Other Gand A": NaN,
        "Gross Profit": NaN,
        "Cost Of Revenue": NaN,
        "Total Revenue": NaN,
        "Operating Revenue": NaN
    },
    "2022-12-31": {
        "Tax Effect Of Unusual Items": NaN,
        "Tax Rate For Calcs": NaN,
        "Normalized EBITDA": NaN,
        "Net Income From Continuing Operation Net Minority Interest": NaN,
        "Reconciled Depreciation": NaN,
        "Reconciled Cost Of Revenue": NaN,
        "EBITDA": NaN,
        "EBIT": NaN,
        "Net Interest Income": NaN,
        "Interest Expense": NaN,
        "Interest Income": NaN,
        "Normalized Income": NaN,
        "Net Income From Continuing And Discontinued Operation": NaN,
        "Total Expenses": NaN,
        "Total Operating Income As Reported": NaN,
        "Diluted Average Shares": NaN,
        "Basic Average Shares": NaN,
        "Diluted EPS": NaN,
        "Basic EPS": NaN,
        "Diluted NI Availto Com Stockholders": NaN,
        "Net Income Common Stockholders": NaN,
        "Net Income": NaN,
        "Minority Interests": NaN,
        "Net Income Including Noncontrolling Interests": NaN,
        "Net Income Continuous Operations": NaN,
        "Tax Provision": NaN,
        "Pretax Income": NaN,
        "Other Income Expense": -32000000.0,
        "Other Non Operating Income Expenses": NaN,
        "Earnings From Equity Interest": NaN,
        "Net Non Operating Interest Income Expense": NaN,
        "Interest Expense Non Operating": NaN,
        "Interest Income Non Operating": NaN,
        "Operating Income": NaN,
        "Operating Expense": NaN,
        "Other Operating Expenses": 65000000.0,
        "Research And Development": NaN,
        "Selling General And Administration": NaN,
        "Selling And Marketing Expense": NaN,
        "General And Administrative Expense": NaN,
        "Other Gand A": NaN,
        "Gross Profit": NaN,
        "Cost Of Revenue": NaN,
        "Total Revenue": NaN,
        "Operating Revenue": NaN
    },
    "2022-09-30": {
        "Tax Effect Of Unusual Items": NaN,
        "Tax Rate For Calcs": NaN,
        "Normalized EBITDA": NaN,
        "Net Income From Continuing Operation Net Minority Interest": NaN,
        "Reconciled Depreciation": NaN,
        "Reconciled Cost Of Revenue": NaN,
        "EBITDA": NaN,
        "EBIT": NaN,
        "Net Interest Income": NaN,
        "Interest Expense": NaN,
        "Interest Income": NaN,
        "Normalized Income": NaN,
        "Net Income From Continuing And Discontinued Operation": NaN,
        "Total Expenses": NaN,
        "Total Operating Income As Reported": NaN,
        "Diluted Average Shares": NaN,
        "Basic Average Shares": NaN,
        "Diluted EPS": NaN,
        "Basic EPS": NaN,
        "Diluted NI Availto Com Stockholders": NaN,
        "Net Income Common Stockholders": NaN,
        "Net Income": NaN,
        "Minority Interests": NaN,
        "Net Income Including Noncontrolling Interests": NaN,
        "Net Income Continuous Operations": NaN,
        "Tax Provision": NaN,
        "Pretax Income": NaN,
        "Other Income Expense": 8000000.0,
        "Other Non Operating Income Expenses": 8000000.0,
        "Earnings From Equity Interest": NaN,
        "Net Non Operating Interest Income Expense": NaN,
        "Interest Expense Non Operating": NaN,
        "Interest Income Non Operating": NaN,
        "Operating Income": NaN,
        "Operating Expense": NaN,
        "Other Operating Expenses": NaN,
        "Research And Development": NaN,
        "Selling General And Administration": NaN,
        "Selling And Marketing Expense": NaN,
        "General And Administrative Expense": NaN,
        "Other Gand A": NaN,
        "Gross Profit": NaN,
        "Cost Of Revenue": NaN,
        "Total Revenue": NaN,
        "Operating Revenue": NaN
    },
    "2022-06-30": {
        "Tax Effect Of Unusual Items": 0.0,
        "Tax Rate For Calcs": 0.4,
        "Normalized EBITDA": 1382000000.0,
        "Net Income From Continuing Operation Net Minority Interest": 563000000.0,
        "Reconciled Depreciation": 119000000.0,
        "Reconciled Cost Of Revenue": 1341000000.0,
        "EBITDA": 1382000000.0,
        "EBIT": 1263000000.0,
        "Net Interest Income": -14000000.0,
        "Interest Expense": 138000000.0,
        "Interest Income": 124000000.0,
        "Normalized Income": 563000000.0,
        "Net Income From Continuing And Discontinued Operation": 563000000.0,
        "Total Expenses": 1741000000.0,
        "Total Operating Income As Reported": 1139000000.0,
        "Diluted Average Shares": 1291696000.0,
        "Basic Average Shares": 1286380000.0,
        "Diluted EPS": 0.44,
        "Basic EPS": 0.44,
        "Diluted NI Availto Com Stockholders": 563000000.0,
        "Net Income Common Stockholders": 563000000.0,
        "Net Income": 563000000.0,
        "Minority Interests": -22000000.0,
        "Net Income Including Noncontrolling Interests": 585000000.0,
        "Net Income Continuous Operations": 585000000.0,
        "Tax Provision": 540000000.0,
        "Pretax Income": 1125000000.0,
        "Other Income Expense": NaN,
        "Earnings From Equity Interest": 0.0,
        "Net Non Operating Interest Income Expense": -14000000.0,
        "Interest Expense Non Operating": 138000000.0,
        "Interest Income Non Operating": 124000000.0,
        "Operating Income": 1139000000.0,
        "Operating Expense": 400000000.0,
        "Other Operating Expenses": -12000000.0,
        "Research And Development": 17000000.0,
        "Selling General And Administration": 395000000.0,
        "Selling And Marketing Expense": 321000000.0,
        "General And Administrative Expense": 74000000.0,
        "Other Gand A": 74000000.0,
        "Gross Profit": 1539000000.0,
        "Cost Of Revenue": 1341000000.0,
        "Total Revenue": 2880000000.0,
        "Operating Revenue": 2880000000.0
    },
    "2022-03-31": {
        "Diluted EPS": 0.49,
        "Total Revenue": NaN,
        "Gross Profit": NaN,
        "Operating Income": 902,
        "EBIT": NaN,
        "Net Income": 632
    },
    "2021-12-31": {
        "Diluted EPS": 0.21,
        "Total Revenue": NaN,
        "Gross Profit": 857,
        "Operating Income": 461,
        "EBIT": 587,
        "Net Income": 283
    },
    "2021-09-30": {
        "Diluted EPS": 0.17,
        "Total Revenue": NaN,
        "Gross Profit": 689,
        "Operating Income": 321,
        "EBIT": 444,
        "Net Income": 225
    },
    "2021-06-30": {
        "Diluted EPS": 0.11,
        "Total Revenue": NaN,
        "Gross Profit": 570,
        "Operating Income": 243,
        "EBIT": 367,
        "Net Income": 140
    },
    "2021-03-31": {
        "Diluted EPS": 0.11,
        "Total Revenue": NaN,
        "Gross Profit": 495,
        "Operating Income": 185,
        "EBIT": 302,
        "Net Income": 135
    },
    "2020-12-31": {
        "Diluted EPS": 0.05,
        "Total Revenue": NaN,
        "Gross Profit": 405,
        "Operating Income": 139,
        "EBIT": 268,
        "Net Income": 65
    },
    "2020-09-30": {
        "Diluted EPS": 0.04,
        "Total Revenue": NaN,
        "Gross Profit": 365,
        "Operating Income": 100,
        "EBIT": 223,
        "Net Income": 54
    },
    "2020-06-30": {
        "Diluted EPS": -0.13,
        "Total Revenue": NaN,
        "Gross Profit": 320,
        "Operating Income": -169,
        "EBIT": -50,
        "Net Income": -168
    },
    "2020-03-31": {
        "Diluted EPS": 0.05,
        "Total Revenue": NaN,
        "Gross Profit": 400,
        "Operating Income": 132,
        "EBIT": 250,
        "Net Income": 60
    },
    "2019-12-31": {
        "Diluted EPS": 0.04,
        "Total Revenue": NaN,
        "Gross Profit": 336,
        "Operating Income": 88,
        "EBIT": 211,
        "Net Income": 48
    },
    "2019-09-30": {
        "Diluted EPS": 0.1,
        "Total Revenue": NaN,
        "Gross Profit": 472,
        "Operating Income": 201,
        "EBIT": 301,
        "Net Income": 130
    },
    "2019-06-30": {
        "Diluted EPS": 0.12,
        "Total Revenue": NaN,
        "Gross Profit": 508,
        "Operating Income": 240,
        "EBIT": 349,
        "Net Income": 158
    },
    "2019-03-31": {
        "Diluted EPS": 0.11,
        "Total Revenue": NaN,
        "Gross Profit": 501,
        "Operating Income": 227,
        "EBIT": 338,
        "Net Income": 139
    },
    "2018-12-31": {
        "Diluted EPS": 0.06,
        "Total Revenue": NaN,
        "Gross Profit": 507,
        "Operating Income": 166,
        "EBIT": 273,
        "Net Income": 82
    },
    "2018-09-30": {
        "Diluted EPS": 0.1,
        "Total Revenue": NaN,
        "Gross Profit": 458,
        "Operating Income": 196,
        "EBIT": 290,
        "Net Income": 129
    },
    "2018-06-30": {
        "Diluted EPS": 0.08,
        "Total Revenue": NaN,
        "Gross Profit": 458,
        "Operating Income": 172,
        "EBIT": 277,
        "Net Income": 101
    },
    "2018-03-31": {
        "Diluted EPS": 0.73,
        "Total Revenue": NaN,
        "Gross Profit": 431,
        "Operating Income": 985,
        "EBIT": NaN,
        "Net Income": 928
    },
    "2017-12-31": {
        "Diluted EPS": 0.13,
        "Total Revenue": NaN,
        "Gross Profit": 429,
        "Operating Income": 189,
        "EBIT": 293,
        "Net Income": 155
    },
    "2017-09-30": {
        "Diluted EPS": 0.07,
        "Total Revenue": NaN,
        "Gross Profit": 470,
        "Operating Income": 180,
        "EBIT": 277,
        "Net Income": 84
    },
    "2017-06-30": {
        "Diluted EPS": 0.04,
        "Total Revenue": NaN,
        "Gross Profit": 415,
        "Operating Income": 144,
        "EBIT": 239,
        "Net Income": 57
    },
    "2017-03-31": {
        "Diluted EPS": 0.05,
        "Total Revenue": NaN,
        "Gross Profit": 358,
        "Operating Income": 116,
        "EBIT": 210,
        "Net Income": 68
    },
    "2016-12-31": {
        "Diluted EPS": 0.03,
        "Total Revenue": NaN,
        "Gross Profit": 416,
        "Operating Income": 72,
        "EBIT": 162,
        "Net Income": 32
    },
    "2016-09-30": {
        "Diluted EPS": -0.27,
        "Total Revenue": NaN,
        "Gross Profit": 461,
        "Operating Income": -331,
        "EBIT": -218,
        "Net Income": -340
    },
    "2016-06-30": {
        "Diluted EPS": 0.09,
        "Total Revenue": NaN,
        "Gross Profit": 417,
        "Operating Income": 149,
        "EBIT": 248,
        "Net Income": 120
    },
    "2016-03-31": {
        "Diluted EPS": 0.05,
        "Total Revenue": NaN,
        "Gross Profit": 366,
        "Operating Income": 107,
        "EBIT": 206,
        "Net Income": 66
    },
    "2015-12-31": {
        "Diluted EPS": 0.08,
        "Total Revenue": NaN,
        "Gross Profit": 533,
        "Operating Income": 146,
        "EBIT": 275,
        "Net Income": 96
    },
    "2015-09-30": {
        "Diluted EPS": 0.1,
        "Total Revenue": NaN,
        "Gross Profit": 488,
        "Operating Income": 197,
        "EBIT": 287,
        "Net Income": 121
    },
    "2015-06-30": {
        "Diluted EPS": 0.06,
        "Total Revenue": NaN,
        "Gross Profit": 336,
        "Operating Income": 107,
        "EBIT": 204,
        "Net Income": 75
    },
    "2015-03-31": {
        "Diluted EPS": 0.17,
        "Total Revenue": NaN,
        "Gross Profit": 446,
        "Operating Income": 315,
        "EBIT": 429,
        "Net Income": 217
    },
    "2014-12-31": {
        "Diluted EPS": 0.0,
        "Total Revenue": NaN,
        "Gross Profit": NaN,
        "Operating Income": NaN,
        "EBIT": NaN,
        "Net Income": NaN
    },
    "2014-09-30": {
        "Diluted EPS": 0.14,
        "Total Revenue": NaN,
        "Gross Profit": 577,
        "Operating Income": 262,
        "EBIT": 262,
        "Net Income": 180
    },
    "2014-06-30": {
        "Diluted EPS": 0.05,
        "Total Revenue": NaN,
        "Gross Profit": NaN,
        "Operating Income": NaN,
        "EBIT": NaN,
        "Net Income": 67
    },
    "2013-12-31": {
        "Diluted EPS": 0.0,
        "Total Revenue": NaN,
        "Gross Profit": NaN,
        "Operating Income": NaN,
        "EBIT": NaN,
        "Net Income": NaN
    },
    "2013-09-30": {
        "Diluted EPS": 0.06,
        "Total Revenue": NaN,
        "Gross Profit": NaN,
        "Operating Income": NaN,
        "EBIT": NaN,
        "Net Income": 78
    },
    "2013-06-30": {
        "Diluted EPS": 0.25,
        "Total Revenue": NaN,
        "Gross Profit": NaN,
        "Operating Income": NaN,
        "EBIT": NaN,
        "Net Income": 316
    },
    "2023-06-30": {
        "Tax Effect Of Unusual Items": NaN,
        "Tax Rate For Calcs": NaN,
        "Normalized EBITDA": NaN,
        "Net Income From Continuing Operation Net Minority Interest": NaN,
        "Reconciled Depreciation": NaN,
        "Reconciled Cost Of Revenue": NaN,
        "EBITDA": NaN,
        "EBIT": NaN,
        "Net Interest Income": NaN,
        "Interest Expense": NaN,
        "Interest Income": NaN,
        "Normalized Income": NaN,
        "Net Income From Continuing And Discontinued Operation": NaN,
        "Total Expenses": NaN,
        "Total Operating Income As Reported": NaN,
        "Diluted Average Shares": NaN,
        "Basic Average Shares": NaN,
        "Diluted EPS": NaN,
        "Basic EPS": NaN,
        "Diluted NI Availto Com Stockholders": NaN,
        "Net Income Common Stockholders": NaN,
        "Net Income": NaN,
        "Minority Interests": NaN,
        "Net Income Including Noncontrolling Interests": NaN,
        "Net Income Continuous Operations": NaN,
        "Tax Provision": NaN,
        "Pretax Income": NaN,
        "Other Income Expense": -26000000.0,
        "Other Non Operating Income Expenses": -26000000.0,
        "Earnings From Equity Interest": NaN,
        "Net Non Operating Interest Income Expense": NaN,
        "Interest Expense Non Operating": NaN,
        "Interest Income Non Operating": NaN,
        "Operating Income": NaN,
        "Operating Expense": NaN,
        "Other Operating Expenses": -8000000.0,
        "Research And Development": NaN,
        "Selling General And Administration": NaN,
        "Selling And Marketing Expense": NaN,
        "General And Administrative Expense": NaN,
        "Other Gand A": NaN,
        "Gross Profit": NaN,
        "Cost Of Revenue": NaN,
        "Total Revenue": NaN,
        "Operating Revenue": NaN
    },
    "2023-09-30": {
        "Tax Effect Of Unusual Items": NaN,
        "Tax Rate For Calcs": NaN,
        "Normalized EBITDA": NaN,
        "Net Income From Continuing Operation Net Minority Interest": NaN,
        "Reconciled Depreciation": NaN,
        "Reconciled Cost Of Revenue": NaN,
        "EBITDA": NaN,
        "EBIT": NaN,
        "Net Interest Income": NaN,
        "Interest Expense": NaN,
        "Interest Income": NaN,
        "Normalized Income": NaN,
        "Net Income From Continuing And Discontinued Operation": NaN,
        "Total Expenses": NaN,
        "Total Operating Income As Reported": NaN,
        "Diluted Average Shares": NaN,
        "Basic Average Shares": NaN,
        "Diluted EPS": NaN,
        "Basic EPS": NaN,
        "Diluted NI Availto Com Stockholders": NaN,
        "Net Income Common Stockholders": NaN,
        "Net Income": NaN,
        "Minority Interests": NaN,
        "Net Income Including Noncontrolling Interests": NaN,
        "Net Income Continuous Operations": NaN,
        "Tax Provision": NaN,
        "Pretax Income": NaN,
        "Other Income Expense": -12000000.0,
        "Other Non Operating Income Expenses": -12000000.0,
        "Earnings From Equity Interest": NaN,
        "Net Non Operating Interest Income Expense": NaN,
        "Interest Expense Non Operating": NaN,
        "Interest Income Non Operating": NaN,
        "Operating Income": NaN,
        "Operating Expense": NaN,
        "Other Operating Expenses": 12000000.0,
        "Research And Development": NaN,
        "Selling General And Administration": NaN,
        "Selling And Marketing Expense": NaN,
        "General And Administrative Expense": NaN,
        "Other Gand A": NaN,
        "Gross Profit": NaN,
        "Cost Of Revenue": NaN,
        "Total Revenue": NaN,
        "Operating Revenue": NaN
    },
    "2023-12-31": {
        "Tax Effect Of Unusual Items": NaN,
        "Tax Rate For Calcs": NaN,
        "Normalized EBITDA": NaN,
        "Net Income From Continuing Operation Net Minority Interest": NaN,
        "Reconciled Depreciation": NaN,
        "Reconciled Cost Of Revenue": NaN,
        "EBITDA": NaN,
        "EBIT": NaN,
        "Net Interest Income": NaN,
        "Interest Expense": NaN,
        "Interest Income": NaN,
        "Normalized Income": NaN,
        "Net Income From Continuing And Discontinued Operation": NaN,
        "Total Expenses": NaN,
        "Total Operating Income As Reported": NaN,
        "Diluted Average Shares": NaN,
        "Basic Average Shares": NaN,
        "Diluted EPS": NaN,
        "Basic EPS": NaN,
        "Diluted NI Availto Com Stockholders": NaN,
        "Net Income Common Stockholders": NaN,
        "Net Income": NaN,
        "Minority Interests": NaN,
        "Net Income Including Noncontrolling Interests": NaN,
        "Net Income Continuous Operations": NaN,
        "Tax Provision": NaN,
        "Pretax Income": NaN,
        "Other Income Expense": NaN,
        "Other Non Operating Income Expenses": NaN,
        "Earnings From Equity Interest": NaN,
        "Net Non Operating Interest Income Expense": NaN,
        "Interest Expense Non Operating": NaN,
        "Interest Income Non Operating": NaN,
        "Operating Income": NaN,
        "Operating Expense": NaN,
        "Other Operating Expenses": -32000000.0,
        "Research And Development": NaN,
        "Selling General And Administration": NaN,
        "Selling And Marketing Expense": NaN,
        "General And Administrative Expense": NaN,
        "Other Gand A": NaN,
        "Gross Profit": NaN,
        "Cost Of Revenue": NaN,
        "Total Revenue": NaN,
        "Operating Revenue": NaN
    },
    "2024-03-31": {
        "Tax Effect Of Unusual Items": 0.0,
        "Tax Rate For Calcs": 0.25,
        "Normalized EBITDA": 375000000.0,
        "Net Income From Continuing Operation Net Minority Interest": 109000000.0,
        "Reconciled Depreciation": 147000000.0,
        "Reconciled Cost Of Revenue": 1178000000.0,
        "EBITDA": 375000000.0,
        "EBIT": 228000000.0,
        "Net Interest Income": -35000000.0,
        "Interest Expense": 60000000.0,
        "Interest Income": 25000000.0,
        "Normalized Income": 109000000.0,
        "Net Income From Continuing And Discontinued Operation": 109000000.0,
        "Total Expenses": 1532000000.0,
        "Total Operating Income As Reported": 203000000.0,
        "Diluted Average Shares": 1290362000.0,
        "Basic Average Shares": 1289530000.0,
        "Diluted EPS": 0.08,
        "Basic EPS": 0.08,
        "Diluted NI Availto Com Stockholders": 109000000.0,
        "Net Income Common Stockholders": 109000000.0,
        "Net Income": 109000000.0,
        "Minority Interests": -17000000.0,
        "Net Income Including Noncontrolling Interests": 126000000.0,
        "Net Income Continuous Operations": 126000000.0,
        "Tax Provision": 42000000.0,
        "Pretax Income": 168000000.0,
        "Other Income Expense": NaN,
        "Other Non Operating Income Expenses": NaN,
        "Earnings From Equity Interest": 0.0,
        "Net Non Operating Interest Income Expense": -35000000.0,
        "Interest Expense Non Operating": 60000000.0,
        "Interest Income Non Operating": 25000000.0,
        "Operating Income": 203000000.0,
        "Operating Expense": 354000000.0,
        "Other Operating Expenses": NaN,
        "Research And Development": 17000000.0,
        "Selling General And Administration": 337000000.0,
        "Selling And Marketing Expense": 273000000.0,
        "General And Administrative Expense": 64000000.0,
        "Other Gand A": 64000000.0,
        "Gross Profit": 557000000.0,
        "Cost Of Revenue": 1178000000.0,
        "Total Revenue": 1735000000.0,
        "Operating Revenue": 1735000000.0
    },
    "2024-06-30": {
        "Tax Effect Of Unusual Items": 0.0,
        "Tax Rate For Calcs": 0.269663,
        "Normalized EBITDA": 389000000.0,
        "Net Income From Continuing Operation Net Minority Interest": 115000000.0,
        "Reconciled Depreciation": 152000000.0,
        "Reconciled Cost Of Revenue": 1184000000.0,
        "EBITDA": 389000000.0,
        "EBIT": 237000000.0,
        "Net Interest Income": -33000000.0,
        "Interest Expense": 59000000.0,
        "Interest Income": 26000000.0,
        "Normalized Income": 115000000.0,
        "Net Income From Continuing And Discontinued Operation": 115000000.0,
        "Total Expenses": 1542000000.0,
        "Total Operating Income As Reported": 211000000.0,
        "Diluted Average Shares": 1290158000.0,
        "Basic Average Shares": 1289901000.0,
        "Diluted EPS": 0.09,
        "Basic EPS": 0.09,
        "Diluted NI Availto Com Stockholders": 115000000.0,
        "Net Income Common Stockholders": 115000000.0,
        "Net Income": 115000000.0,
        "Minority Interests": -15000000.0,
        "Net Income Including Noncontrolling Interests": 130000000.0,
        "Net Income Continuous Operations": 130000000.0,
        "Tax Provision": 48000000.0,
        "Pretax Income": 178000000.0,
        "Other Income Expense": 1000000.0,
        "Other Non Operating Income Expenses": 1000000.0,
        "Earnings From Equity Interest": 0.0,
        "Net Non Operating Interest Income Expense": -33000000.0,
        "Interest Expense Non Operating": 59000000.0,
        "Interest Income Non Operating": 26000000.0,
        "Operating Income": 210000000.0,
        "Operating Expense": 358000000.0,
        "Other Operating Expenses": NaN,
        "Research And Development": 14000000.0,
        "Selling General And Administration": 344000000.0,
        "Selling And Marketing Expense": 280000000.0,
        "General And Administrative Expense": 64000000.0,
        "Other Gand A": 64000000.0,
        "Gross Profit": 568000000.0,
        "Cost Of Revenue": 1184000000.0,
        "Total Revenue": 1752000000.0,
        "Operating Revenue": 1752000000.0
    },
    "2024-09-30": {
        "Tax Effect Of Unusual Items": 0.0,
        "Tax Rate For Calcs": 0.28,
        "Normalized EBITDA": 362000000.0,
        "Net Income From Continuing Operation Net Minority Interest": 113000000.0,
        "Reconciled Depreciation": 140000000.0,
        "Reconciled Cost Of Revenue": 1157000000.0,
        "EBITDA": 362000000.0,
        "EBIT": 222000000.0,
        "Net Interest Income": -39000000.0,
        "Interest Expense": 46000000.0,
        "Interest Income": 7000000.0,
        "Normalized Income": 113000000.0,
        "Net Income From Continuing And Discontinued Operation": 113000000.0,
        "Total Expenses": 1519000000.0,
        "Total Operating Income As Reported": 214000000.0,
        "Diluted Average Shares": 1290371000.0,
        "Basic Average Shares": 1290171000.0,
        "Diluted EPS": 0.09,
        "Basic EPS": 0.09,
        "Diluted NI Availto Com Stockholders": 113000000.0,
        "Net Income Common Stockholders": 113000000.0,
        "Net Income": 113000000.0,
        "Minority Interests": -14000000.0,
        "Net Income Including Noncontrolling Interests": 127000000.0,
        "Net Income Continuous Operations": 127000000.0,
        "Tax Provision": 49000000.0,
        "Pretax Income": 176000000.0,
        "Other Income Expense": -19000000.0,
        "Other Non Operating Income Expenses": -20000000.0,
        "Earnings From Equity Interest": 1000000.0,
        "Net Non Operating Interest Income Expense": -39000000.0,
        "Interest Expense Non Operating": 46000000.0,
        "Interest Income Non Operating": 7000000.0,
        "Operating Income": 234000000.0,
        "Operating Expense": 362000000.0,
        "Other Operating Expenses": NaN,
        "Research And Development": 19000000.0,
        "Selling General And Administration": 343000000.0,
        "Selling And Marketing Expense": 280000000.0,
        "General And Administrative Expense": 63000000.0,
        "Other Gand A": 63000000.0,
        "Gross Profit": 596000000.0,
        "Cost Of Revenue": 1157000000.0,
        "Total Revenue": 1753000000.0,
        "Operating Revenue": 1753000000.0
    },
    "2024-12-31": {
        "Tax Effect Of Unusual Items": 0.0,
        "Tax Rate For Calcs": 0.289474,
        "Normalized EBITDA": 251000000.0,
        "Net Income From Continuing Operation Net Minority Interest": 70000000.0,
        "Reconciled Depreciation": 157000000.0,
        "Reconciled Cost Of Revenue": 1066000000.0,
        "EBITDA": 251000000.0,
        "EBIT": 94000000.0,
        "Net Interest Income": -16000000.0,
        "Interest Expense": -20000000.0,
        "Interest Income": -19000000.0,
        "Normalized Income": 70000000.0,
        "Net Income From Continuing And Discontinued Operation": 70000000.0,
        "Total Expenses": 1470000000.0,
        "Total Operating Income As Reported": 147000000.0,
        "Diluted Average Shares": 1290330000.0,
        "Basic Average Shares": 1290260000.0,
        "Diluted EPS": 0.06,
        "Basic EPS": 0.06,
        "Diluted NI Availto Com Stockholders": 70000000.0,
        "Net Income Common Stockholders": 70000000.0,
        "Net Income": 70000000.0,
        "Minority Interests": -11000000.0,
        "Net Income Including Noncontrolling Interests": 81000000.0,
        "Net Income Continuous Operations": 81000000.0,
        "Tax Provision": 33000000.0,
        "Pretax Income": 114000000.0,
        "Other Income Expense": 3000000.0,
        "Other Non Operating Income Expenses": 21000000.0,
        "Earnings From Equity Interest": 0.0,
        "Net Non Operating Interest Income Expense": -16000000.0,
        "Interest Expense Non Operating": -20000000.0,
        "Interest Income Non Operating": -19000000.0,
        "Operating Income": 131000000.0,
        "Operating Expense": 404000000.0,
        "Other Operating Expenses": NaN,
        "Research And Development": 19000000.0,
        "Selling General And Administration": 347000000.0,
        "Selling And Marketing Expense": 96000000.0,
        "General And Administrative Expense": 251000000.0,
        "Other Gand A": -87000000.0,
        "Gross Profit": 535000000.0,
        "Cost Of Revenue": 1066000000.0,
        "Total Revenue": 1601000000.0,
        "Operating Revenue": 1601000000.0
    },
    "2025-03-31": {
        "Tax Effect Of Unusual Items": 0.0,
        "Tax Rate For Calcs": 0.28,
        "Normalized EBITDA": 361000000.0,
        "Net Income From Continuing Operation Net Minority Interest": 91000000.0,
        "Reconciled Depreciation": 151000000.0,
        "Reconciled Cost Of Revenue": 1207000000.0,
        "EBITDA": 361000000.0,
        "EBIT": 210000000.0,
        "Net Interest Income": -37000000.0,
        "Interest Expense": 62000000.0,
        "Interest Income": 25000000.0,
        "Normalized Income": 91000000.0,
        "Net Income From Continuing And Discontinued Operation": 91000000.0,
        "Total Expenses": 1582000000.0,
        "Total Operating Income As Reported": 185000000.0,
        "Diluted Average Shares": 1290944000.0,
        "Basic Average Shares": 1290452000.0,
        "Diluted EPS": 0.07,
        "Basic EPS": 0.07,
        "Diluted NI Availto Com Stockholders": 91000000.0,
        "Net Income Common Stockholders": 91000000.0,
        "Net Income": 91000000.0,
        "Minority Interests": -15000000.0,
        "Net Income Including Noncontrolling Interests": 106000000.0,
        "Net Income Continuous Operations": 106000000.0,
        "Tax Provision": 42000000.0,
        "Pretax Income": 148000000.0,
        "Other Income Expense": NaN,
        "Other Non Operating Income Expenses": NaN,
        "Earnings From Equity Interest": 0.0,
        "Net Non Operating Interest Income Expense": -37000000.0,
        "Interest Expense Non Operating": 62000000.0,
        "Interest Income Non Operating": 25000000.0,
        "Operating Income": 185000000.0,
        "Operating Expense": 375000000.0,
        "Other Operating Expenses": 12000000.0,
        "Research And Development": 18000000.0,
        "Selling General And Administration": 345000000.0,
        "Selling And Marketing Expense": 268000000.0,
        "General And Administrative Expense": 77000000.0,
        "Other Gand A": 77000000.0,
        "Gross Profit": 560000000.0,
        "Cost Of Revenue": 1207000000.0,
        "Total Revenue": 1767000000.0,
        "Operating Revenue": 1767000000.0
    },
    "2025-06-30": {
        "Tax Effect Of Unusual Items": 0.0,
        "Tax Rate For Calcs": 0.36,
        "Normalized EBITDA": 416000000.0,
        "Net Income From Continuing Operation Net Minority Interest": 93000000.0,
        "Reconciled Depreciation": 150000000.0,
        "Reconciled Cost Of Revenue": 1278000000.0,
        "EBITDA": 416000000.0,
        "EBIT": 266000000.0,
        "Net Interest Income": -13000000.0,
        "Interest Expense": 98000000.0,
        "Interest Income": 85000000.0,
        "Normalized Income": 93000000.0,
        "Net Income From Continuing And Discontinued Operation": 93000000.0,
        "Total Expenses": 1643000000.0,
        "Total Operating Income As Reported": 181000000.0,
        "Diluted Average Shares": 1292096000.0,
        "Basic Average Shares": 1290751000.0,
        "Diluted EPS": 0.07,
        "Basic EPS": 0.07,
        "Diluted NI Availto Com Stockholders": 93000000.0,
        "Net Income Common Stockholders": 93000000.0,
        "Net Income": 93000000.0,
        "Minority Interests": -15000000.0,
        "Net Income Including Noncontrolling Interests": 108000000.0,
        "Net Income Continuous Operations": 108000000.0,
        "Tax Provision": 60000000.0,
        "Pretax Income": 168000000.0,
        "Other Income Expense": -8000000.0,
        "Other Non Operating Income Expenses": -8000000.0,
        "Earnings From Equity Interest": 0.0,
        "Net Non Operating Interest Income Expense": -13000000.0,
        "Interest Expense Non Operating": 98000000.0,
        "Interest Income Non Operating": 85000000.0,
        "Operating Income": 189000000.0,
        "Operating Expense": 365000000.0,
        "Other Operating Expenses": NaN,
        "Research And Development": 19000000.0,
        "Selling General And Administration": 346000000.0,
        "Selling And Marketing Expense": 274000000.0,
        "General And Administrative Expense": 72000000.0,
        "Other Gand A": 72000000.0,
        "Gross Profit": 554000000.0,
        "Cost Of Revenue": 1278000000.0,
        "Total Revenue": 1832000000.0,
        "Operating Revenue": 1832000000.0
    }
}