{
    "2023-03-31": {
        "Tax Effect Of Unusual Items": 0.0,
        "Tax Rate For Calcs": 0.0,
        "Normalized EBITDA": -25879000.0,
        "Total Unusual Items": NaN,
        "Total Unusual Items Excluding Goodwill": NaN,
        "Net Income From Continuing Operation Net Minority Interest": -24561000.0,
        "Reconciled Depreciation": 643000.0,
        "EBITDA": -25879000.0,
        "EBIT": -26522000.0,
        "Net Interest Income": 1961000.0,
        "Interest Income": 1961000.0,
        "Normalized Income": -24561000.0,
        "Net Income From Continuing And Discontinued Operation": -24561000.0,
        "Total Expenses": 26522000.0,
        "Total Operating Income As Reported": -26522000.0,
        "Diluted Average Shares": 41264508.0,
        "Basic Average Shares": 41264508.0,
        "Diluted EPS": -0.6,
        "Basic EPS": -0.6,
        "Diluted NI Availto Com Stockholders": -24561000.0,
        "Net Income Common Stockholders": -24561000.0,
        "Net Income": -24561000.0,
        "Net Income Including Noncontrolling Interests": -24561000.0,
        "Net Income Continuous Operations": -24561000.0,
        "Pretax Income": -24561000.0,
        "Special Income Charges": NaN,
        "Net Non Operating Interest Income Expense": 1961000.0,
        "Total Other Finance Cost": NaN,
        "Interest Income Non Operating": 1961000.0,
        "Operating Income": -26522000.0,
        "Operating Expense": 26522000.0,
        "Other Operating Expenses": NaN,
        "Research And Development": 17357000.0,
        "Selling General And Administration": 9165000.0,
        "General And Administrative Expense": 9165000.0,
        "Other Gand A": 9165000.0,
        "Total Revenue": 0.0,
        "Operating Revenue": 0.0
    },
    "2022-12-31": {
        "Tax Effect Of Unusual Items": 0.0,
        "Tax Rate For Calcs": 0.0,
        "Normalized EBITDA": -24512000.0,
        "Total Unusual Items": 0.0,
        "Total Unusual Items Excluding Goodwill": 0.0,
        "Net Income From Continuing Operation Net Minority Interest": -23613000.0,
        "Reconciled Depreciation": 619000.0,
        "EBITDA": -24512000.0,
        "EBIT": -25131000.0,
        "Net Interest Income": 1518000.0,
        "Interest Income": NaN,
        "Normalized Income": -23613000.0,
        "Net Income From Continuing And Discontinued Operation": -23613000.0,
        "Total Expenses": 25131000.0,
        "Total Operating Income As Reported": -25131000.0,
        "Diluted Average Shares": 39811323.0,
        "Basic Average Shares": 39811323.0,
        "Diluted EPS": -0.59,
        "Basic EPS": -0.59,
        "Diluted NI Availto Com Stockholders": -23613000.0,
        "Net Income Common Stockholders": -23613000.0,
        "Net Income": -23613000.0,
        "Net Income Including Noncontrolling Interests": -23613000.0,
        "Net Income Continuous Operations": -23613000.0,
        "Pretax Income": -23613000.0,
        "Special Income Charges": 0.0,
        "Net Non Operating Interest Income Expense": 1518000.0,
        "Total Other Finance Cost": -1518000.0,
        "Interest Income Non Operating": NaN,
        "Operating Income": -25131000.0,
        "Operating Expense": 25131000.0,
        "Other Operating Expenses": 0.0,
        "Research And Development": 16193000.0,
        "Selling General And Administration": 8938000.0,
        "General And Administrative Expense": 8938000.0,
        "Other Gand A": 8938000.0,
        "Total Revenue": 0.0,
        "Operating Revenue": 0.0
    },
    "2022-09-30": {
        "Tax Effect Of Unusual Items": 0.0,
        "Tax Rate For Calcs": 0.0,
        "Normalized EBITDA": -23000000.0,
        "Total Unusual Items": 0.0,
        "Total Unusual Items Excluding Goodwill": 0.0,
        "Net Income From Continuing Operation Net Minority Interest": -21976000.0,
        "Reconciled Depreciation": 143000.0,
        "EBITDA": -23000000.0,
        "EBIT": -23143000.0,
        "Net Interest Income": 1167000.0,
        "Interest Income": NaN,
        "Normalized Income": -21976000.0,
        "Net Income From Continuing And Discontinued Operation": -21976000.0,
        "Total Expenses": 23143000.0,
        "Total Operating Income As Reported": -23143000.0,
        "Diluted Average Shares": 39748984.0,
        "Basic Average Shares": 39748984.0,
        "Diluted EPS": -0.55,
        "Basic EPS": -0.55,
        "Diluted NI Availto Com Stockholders": -21976000.0,
        "Net Income Common Stockholders": -21976000.0,
        "Net Income": -21976000.0,
        "Net Income Including Noncontrolling Interests": -21976000.0,
        "Net Income Continuous Operations": -21976000.0,
        "Pretax Income": -21976000.0,
        "Special Income Charges": 0.0,
        "Net Non Operating Interest Income Expense": 1167000.0,
        "Total Other Finance Cost": -1167000.0,
        "Interest Income Non Operating": NaN,
        "Operating Income": -23143000.0,
        "Operating Expense": 23143000.0,
        "Other Operating Expenses": NaN,
        "Research And Development": 15484000.0,
        "Selling General And Administration": 7659000.0,
        "General And Administrative Expense": 7659000.0,
        "Other Gand A": 7659000.0,
        "Total Revenue": 0.0,
        "Operating Revenue": 0.0
    },
    "2022-06-30": {
        "Tax Effect Of Unusual Items": 0.0,
        "Tax Rate For Calcs": 0.0,
        "Normalized EBITDA": -23076000.0,
        "Total Unusual Items": 0.0,
        "Total Unusual Items Excluding Goodwill": 0.0,
        "Net Income From Continuing Operation Net Minority Interest": -22636000.0,
        "Reconciled Depreciation": 55000.0,
        "EBITDA": -23076000.0,
        "EBIT": -23131000.0,
        "Net Interest Income": 495000.0,
        "Interest Income": NaN,
        "Normalized Income": -22636000.0,
        "Net Income From Continuing And Discontinued Operation": -22636000.0,
        "Total Expenses": 23131000.0,
        "Total Operating Income As Reported": -23131000.0,
        "Diluted Average Shares": 39594028.0,
        "Basic Average Shares": 39594028.0,
        "Diluted EPS": -0.57,
        "Basic EPS": -0.57,
        "Diluted NI Availto Com Stockholders": -22636000.0,
        "Net Income Common Stockholders": -22636000.0,
        "Net Income": -22636000.0,
        "Net Income Including Noncontrolling Interests": -22636000.0,
        "Net Income Continuous Operations": -22636000.0,
        "Pretax Income": -22636000.0,
        "Special Income Charges": 0.0,
        "Net Non Operating Interest Income Expense": 495000.0,
        "Total Other Finance Cost": -495000.0,
        "Interest Income Non Operating": NaN,
        "Operating Income": -23131000.0,
        "Operating Expense": 23131000.0,
        "Other Operating Expenses": NaN,
        "Research And Development": 15820000.0,
        "Selling General And Administration": 7311000.0,
        "General And Administrative Expense": 7311000.0,
        "Other Gand A": 7311000.0,
        "Total Revenue": 0.0,
        "Operating Revenue": 0.0
    },
    "2022-03-31": {
        "Diluted EPS": -0.6,
        "Total Revenue": 1,
        "Gross Profit": 1,
        "Operating Income": -24,
        "EBIT": -24,
        "Net Income": -24
    },
    "2021-12-31": {
        "Diluted EPS": 2.54,
        "Total Revenue": 2,
        "Gross Profit": 2,
        "Operating Income": -18,
        "EBIT": -18,
        "Net Income": -18
    },
    "2021-09-30": {
        "Diluted EPS": -1.3,
        "Total Revenue": 2,
        "Gross Profit": 2,
        "Operating Income": -34,
        "EBIT": -34,
        "Net Income": -34
    },
    "2021-06-30": {
        "Diluted EPS": -2.86,
        "Total Revenue": 2,
        "Gross Profit": 2,
        "Operating Income": -9,
        "EBIT": -9,
        "Net Income": -9
    },
    "2021-03-31": {
        "Diluted EPS": -2.11,
        "Total Revenue": 2,
        "Gross Profit": 2,
        "Operating Income": -5,
        "EBIT": -5,
        "Net Income": -6
    },
    "2020-12-31": {
        "Diluted EPS": 0.0,
        "Total Revenue": NaN,
        "Gross Profit": NaN,
        "Operating Income": NaN,
        "EBIT": NaN,
        "Net Income": NaN
    },
    "2020-09-30": {
        "Diluted EPS": -2.4,
        "Total Revenue": NaN,
        "Gross Profit": NaN,
        "Operating Income": -5,
        "EBIT": -5,
        "Net Income": -6
    },
    "2020-06-30": {
        "Diluted EPS": -2.45,
        "Total Revenue": NaN,
        "Gross Profit": NaN,
        "Operating Income": -5,
        "EBIT": -5,
        "Net Income": -5
    },
    "2023-06-30": {
        "Tax Effect Of Unusual Items": 0.0,
        "Tax Rate For Calcs": 0.0,
        "Normalized EBITDA": -28290000.0,
        "Total Unusual Items": NaN,
        "Total Unusual Items Excluding Goodwill": NaN,
        "Net Income From Continuing Operation Net Minority Interest": -26497000.0,
        "Reconciled Depreciation": 665000.0,
        "EBITDA": -28290000.0,
        "EBIT": -28955000.0,
        "Net Interest Income": 2458000.0,
        "Interest Income": 2458000.0,
        "Normalized Income": -26497000.0,
        "Net Income From Continuing And Discontinued Operation": -26497000.0,
        "Total Expenses": 28955000.0,
        "Total Operating Income As Reported": -28955000.0,
        "Diluted Average Shares": 44770820.0,
        "Basic Average Shares": 44770820.0,
        "Diluted EPS": -0.59,
        "Basic EPS": -0.59,
        "Diluted NI Availto Com Stockholders": -26497000.0,
        "Net Income Common Stockholders": -26497000.0,
        "Net Income": -26497000.0,
        "Net Income Including Noncontrolling Interests": -26497000.0,
        "Net Income Continuous Operations": -26497000.0,
        "Pretax Income": -26497000.0,
        "Special Income Charges": NaN,
        "Net Non Operating Interest Income Expense": 2458000.0,
        "Total Other Finance Cost": NaN,
        "Interest Income Non Operating": 2458000.0,
        "Operating Income": -28955000.0,
        "Operating Expense": 28955000.0,
        "Other Operating Expenses": NaN,
        "Research And Development": 19826000.0,
        "Selling General And Administration": 9129000.0,
        "General And Administrative Expense": 9129000.0,
        "Other Gand A": 9129000.0,
        "Total Revenue": 0.0,
        "Operating Revenue": 0.0
    },
    "2023-09-30": {
        "Tax Effect Of Unusual Items": 0.0,
        "Tax Rate For Calcs": 0.0,
        "Normalized EBITDA": -24512000.0,
        "Total Unusual Items": NaN,
        "Total Unusual Items Excluding Goodwill": NaN,
        "Net Income From Continuing Operation Net Minority Interest": -22041000.0,
        "Reconciled Depreciation": 763000.0,
        "EBITDA": -24512000.0,
        "EBIT": -25275000.0,
        "Net Interest Income": 3234000.0,
        "Interest Income": 3234000.0,
        "Normalized Income": -22041000.0,
        "Net Income From Continuing And Discontinued Operation": -22041000.0,
        "Total Expenses": 25275000.0,
        "Total Operating Income As Reported": -25275000.0,
        "Diluted Average Shares": 50030759.0,
        "Basic Average Shares": 50030759.0,
        "Diluted EPS": -0.44,
        "Basic EPS": -0.44,
        "Diluted NI Availto Com Stockholders": -22041000.0,
        "Net Income Common Stockholders": -22041000.0,
        "Net Income": -22041000.0,
        "Net Income Including Noncontrolling Interests": -22041000.0,
        "Net Income Continuous Operations": -22041000.0,
        "Pretax Income": -22041000.0,
        "Special Income Charges": NaN,
        "Net Non Operating Interest Income Expense": 3234000.0,
        "Total Other Finance Cost": NaN,
        "Interest Income Non Operating": 3234000.0,
        "Operating Income": -25275000.0,
        "Operating Expense": 25275000.0,
        "Other Operating Expenses": NaN,
        "Research And Development": 16668000.0,
        "Selling General And Administration": 8607000.0,
        "General And Administrative Expense": 8607000.0,
        "Other Gand A": 8607000.0,
        "Total Revenue": 0.0,
        "Operating Revenue": 0.0
    }
}