{
    "2023-03-31": {
        "Tax Effect Of Unusual Items": 42800.0,
        "Tax Rate For Calcs": 0.4,
        "Normalized EBITDA": -6976000.0,
        "Total Unusual Items": 107000.0,
        "Total Unusual Items Excluding Goodwill": 107000.0,
        "Net Income From Continuing Operation Net Minority Interest": -7238000.0,
        "Reconciled Depreciation": 340000.0,
        "Reconciled Cost Of Revenue": 913000.0,
        "EBIT": -7209000.0,
        "Net Interest Income": 67000.0,
        "Interest Expense": 24000.0,
        "Interest Income": 91000.0,
        "Normalized Income": -7302200.0,
        "Net Income From Continuing And Discontinued Operation": -7238000.0,
        "Total Expenses": 8649000.0,
        "Total Operating Income As Reported": -7407000.0,
        "Diluted Average Shares": 15605907.0,
        "Basic Average Shares": 15563321.0,
        "Diluted EPS": -0.75,
        "Basic EPS": -0.75,
        "Diluted NI Availto Com Stockholders": -7238000.0,
        "Net Income Common Stockholders": -7238000.0,
        "Net Income": -7238000.0,
        "Net Income Including Noncontrolling Interests": -7238000.0,
        "Net Income Continuous Operations": -7238000.0,
        "Tax Provision": 5000.0,
        "Pretax Income": -7233000.0,
        "Other Income Expense": 107000.0,
        "Gain On Sale Of Security": 107000.0,
        "Net Non Operating Interest Income Expense": 67000.0,
        "Interest Expense Non Operating": 24000.0,
        "Interest Income Non Operating": 91000.0,
        "Operating Income": -7407000.0,
        "Operating Expense": 7736000.0,
        "Other Operating Expenses": 2055000.0,
        "Depreciation Amortization Depletion Income Statement": 340000.0,
        "Depreciation And Amortization In Income Statement": 340000.0,
        "Research And Development": 933000.0,
        "Selling General And Administration": 4408000.0,
        "General And Administrative Expense": 4408000.0,
        "Salaries And Wages": 4408000.0,
        "Gross Profit": 329000.0,
        "Cost Of Revenue": 913000.0,
        "Total Revenue": 1242000.0,
        "Operating Revenue": 1242000.0
    },
    "2022-12-31": {
        "Tax Effect Of Unusual Items": 3475.035663,
        "Tax Rate For Calcs": 0.005706,
        "Normalized EBITDA": -6584000.0,
        "Total Unusual Items": 609000.0,
        "Total Unusual Items Excluding Goodwill": 609000.0,
        "Net Income From Continuing Operation Net Minority Interest": -6273000.0,
        "Reconciled Depreciation": 316000.0,
        "Reconciled Cost Of Revenue": 715000.0,
        "EBIT": -6291000.0,
        "Net Interest Income": 22000.0,
        "Interest Expense": 18000.0,
        "Interest Income": 40000.0,
        "Normalized Income": -6878524.964337,
        "Net Income From Continuing And Discontinued Operation": -6273000.0,
        "Total Expenses": 8006000.0,
        "Total Operating Income As Reported": -6939000.0,
        "Diluted Average Shares": 20197013.0,
        "Basic Average Shares": 20147209.0,
        "Diluted EPS": -0.311358,
        "Basic EPS": -0.311358,
        "Diluted NI Availto Com Stockholders": -6273000.0,
        "Net Income Common Stockholders": -6273000.0,
        "Net Income": -6273000.0,
        "Net Income Including Noncontrolling Interests": -6273000.0,
        "Net Income Continuous Operations": -6273000.0,
        "Tax Provision": -36000.0,
        "Pretax Income": -6309000.0,
        "Other Income Expense": 609000.0,
        "Gain On Sale Of Security": 609000.0,
        "Net Non Operating Interest Income Expense": 22000.0,
        "Interest Expense Non Operating": 18000.0,
        "Interest Income Non Operating": 40000.0,
        "Operating Income": -6939000.0,
        "Operating Expense": 7291000.0,
        "Other Operating Expenses": 2367000.0,
        "Depreciation Amortization Depletion Income Statement": 316000.0,
        "Depreciation And Amortization In Income Statement": 316000.0,
        "Research And Development": 230000.0,
        "Selling General And Administration": 4378000.0,
        "General And Administrative Expense": 4378000.0,
        "Salaries And Wages": 4378000.0,
        "Gross Profit": 352000.0,
        "Cost Of Revenue": 715000.0,
        "Total Revenue": 1067000.0,
        "Operating Revenue": 1067000.0
    },
    "2022-09-30": {
        "Tax Effect Of Unusual Items": 0.0,
        "Tax Rate For Calcs": 0.0,
        "Normalized EBITDA": -7754000.0,
        "Total Unusual Items": -927000.0,
        "Total Unusual Items Excluding Goodwill": -927000.0,
        "Net Income From Continuing Operation Net Minority Interest": -9024000.0,
        "Reconciled Depreciation": 333000.0,
        "Reconciled Cost Of Revenue": 819000.0,
        "EBIT": -9014000.0,
        "Net Interest Income": 24000.0,
        "Interest Expense": 10000.0,
        "Interest Income": 34000.0,
        "Normalized Income": -8097000.0,
        "Net Income From Continuing And Discontinued Operation": -9024000.0,
        "Total Expenses": 9049000.0,
        "Total Operating Income As Reported": -8121000.0,
        "Diluted Average Shares": 12032000.0,
        "Basic Average Shares": 12032000.0,
        "Diluted EPS": -0.75,
        "Basic EPS": -0.75,
        "Diluted NI Availto Com Stockholders": -9024000.0,
        "Net Income Common Stockholders": -9024000.0,
        "Net Income": -9024000.0,
        "Net Income Including Noncontrolling Interests": -9024000.0,
        "Net Income Continuous Operations": -9024000.0,
        "Tax Provision": 0.0,
        "Pretax Income": -9024000.0,
        "Other Income Expense": -927000.0,
        "Gain On Sale Of Security": -927000.0,
        "Net Non Operating Interest Income Expense": 24000.0,
        "Interest Expense Non Operating": 10000.0,
        "Interest Income Non Operating": 34000.0,
        "Operating Income": -8121000.0,
        "Operating Expense": 8230000.0,
        "Other Operating Expenses": 1783000.0,
        "Depreciation Amortization Depletion Income Statement": 333000.0,
        "Depreciation And Amortization In Income Statement": 333000.0,
        "Research And Development": 1033000.0,
        "Selling General And Administration": 5081000.0,
        "General And Administrative Expense": 5081000.0,
        "Salaries And Wages": 5081000.0,
        "Gross Profit": 109000.0,
        "Cost Of Revenue": 819000.0,
        "Total Revenue": 928000.0,
        "Operating Revenue": 928000.0
    },
    "2022-06-30": {
        "Tax Effect Of Unusual Items": 0.0,
        "Tax Rate For Calcs": 0.0,
        "Normalized EBITDA": -7957000.0,
        "Total Unusual Items": -952000.0,
        "Total Unusual Items Excluding Goodwill": -952000.0,
        "Net Income From Continuing Operation Net Minority Interest": -9244000.0,
        "Reconciled Depreciation": 334000.0,
        "Reconciled Cost Of Revenue": 1034000.0,
        "EBIT": -9243000.0,
        "Net Interest Income": 16000.0,
        "Interest Expense": 1000.0,
        "Interest Income": 17000.0,
        "Normalized Income": -8292000.0,
        "Net Income From Continuing And Discontinued Operation": -9244000.0,
        "Total Expenses": 9416000.0,
        "Total Operating Income As Reported": -8308000.0,
        "Diluted Average Shares": 11640987.0,
        "Basic Average Shares": 11567354.0,
        "Diluted EPS": -0.75,
        "Basic EPS": -0.75,
        "Diluted NI Availto Com Stockholders": -9244000.0,
        "Net Income Common Stockholders": -9244000.0,
        "Net Income": -9244000.0,
        "Net Income Including Noncontrolling Interests": -9244000.0,
        "Net Income Continuous Operations": -9244000.0,
        "Tax Provision": 0.0,
        "Pretax Income": -9244000.0,
        "Other Income Expense": -952000.0,
        "Gain On Sale Of Security": -952000.0,
        "Net Non Operating Interest Income Expense": 16000.0,
        "Interest Expense Non Operating": 1000.0,
        "Interest Income Non Operating": 17000.0,
        "Operating Income": -8308000.0,
        "Operating Expense": 8382000.0,
        "Other Operating Expenses": 2314000.0,
        "Depreciation Amortization Depletion Income Statement": 334000.0,
        "Depreciation And Amortization In Income Statement": 334000.0,
        "Research And Development": 958000.0,
        "Selling General And Administration": 4776000.0,
        "General And Administrative Expense": 4776000.0,
        "Salaries And Wages": 4776000.0,
        "Gross Profit": 74000.0,
        "Cost Of Revenue": 1034000.0,
        "Total Revenue": 1108000.0,
        "Operating Revenue": 1108000.0
    },
    "2022-03-31": {
        "Diluted EPS": -0.75,
        "Total Revenue": 1,
        "Gross Profit": 0,
        "Operating Income": -8,
        "EBIT": -8,
        "Net Income": -8
    },
    "2021-12-31": {
        "Diluted EPS": -2.25,
        "Total Revenue": 1,
        "Gross Profit": 0,
        "Operating Income": -9,
        "EBIT": -9,
        "Net Income": -10
    },
    "2021-09-30": {
        "Diluted EPS": -0.75,
        "Total Revenue": 1,
        "Gross Profit": 0,
        "Operating Income": -7,
        "EBIT": -7,
        "Net Income": -7
    },
    "2021-06-30": {
        "Diluted EPS": -0.75,
        "Total Revenue": 1,
        "Gross Profit": 0,
        "Operating Income": -7,
        "EBIT": -7,
        "Net Income": -7
    },
    "2021-03-31": {
        "Diluted EPS": 0.75,
        "Total Revenue": 1,
        "Gross Profit": 0,
        "Operating Income": -7,
        "EBIT": -7,
        "Net Income": -8
    },
    "2020-12-31": {
        "Diluted EPS": -1.48,
        "Total Revenue": 1,
        "Gross Profit": 0,
        "Operating Income": -7,
        "EBIT": -7,
        "Net Income": -7
    },
    "2020-09-30": {
        "Diluted EPS": -0.01,
        "Total Revenue": 0,
        "Gross Profit": 0,
        "Operating Income": -7,
        "EBIT": -6,
        "Net Income": -7
    },
    "2020-06-30": {
        "Diluted EPS": -0.75,
        "Total Revenue": 0,
        "Gross Profit": 0,
        "Operating Income": -6,
        "EBIT": -6,
        "Net Income": -6
    },
    "2020-03-31": {
        "Diluted EPS": -0.01,
        "Total Revenue": 0,
        "Gross Profit": 0,
        "Operating Income": -6,
        "EBIT": -6,
        "Net Income": -6
    },
    "2019-12-31": {
        "Diluted EPS": 0.0,
        "Total Revenue": NaN,
        "Gross Profit": NaN,
        "Operating Income": NaN,
        "EBIT": NaN,
        "Net Income": NaN
    },
    "2019-09-30": {
        "Diluted EPS": -0.01,
        "Total Revenue": 0,
        "Gross Profit": 0,
        "Operating Income": -7,
        "EBIT": -7,
        "Net Income": -8
    },
    "2018-12-31": {
        "Diluted EPS": 0.0,
        "Total Revenue": NaN,
        "Gross Profit": NaN,
        "Operating Income": NaN,
        "EBIT": NaN,
        "Net Income": NaN
    },
    "2023-06-30": {
        "Tax Effect Of Unusual Items": -449.558469,
        "Tax Rate For Calcs": 0.004014,
        "Normalized EBITDA": -6914000.0,
        "Total Unusual Items": -112000.0,
        "Total Unusual Items Excluding Goodwill": -112000.0,
        "Net Income From Continuing Operation Net Minority Interest": -7443000.0,
        "Reconciled Depreciation": 403000.0,
        "Reconciled Cost Of Revenue": 1145000.0,
        "EBIT": -7429000.0,
        "Net Interest Income": 8000.0,
        "Interest Expense": 45000.0,
        "Interest Income": 53000.0,
        "Normalized Income": -7331449.558469,
        "Net Income From Continuing And Discontinued Operation": -7443000.0,
        "Total Expenses": 8831000.0,
        "Total Operating Income As Reported": -7369000.0,
        "Diluted Average Shares": 17267967.0,
        "Basic Average Shares": 17231531.0,
        "Diluted EPS": -0.75,
        "Basic EPS": -0.75,
        "Diluted NI Availto Com Stockholders": -7443000.0,
        "Net Income Common Stockholders": -7443000.0,
        "Net Income": -7443000.0,
        "Net Income Including Noncontrolling Interests": -7443000.0,
        "Net Income Continuous Operations": -7443000.0,
        "Tax Provision": -30000.0,
        "Pretax Income": -7474000.0,
        "Other Income Expense": -112000.0,
        "Gain On Sale Of Security": -112000.0,
        "Net Non Operating Interest Income Expense": 8000.0,
        "Interest Expense Non Operating": 45000.0,
        "Interest Income Non Operating": 53000.0,
        "Operating Income": -7368000.0,
        "Operating Expense": 7686000.0,
        "Other Operating Expenses": 2462000.0,
        "Depreciation Amortization Depletion Income Statement": 403000.0,
        "Depreciation And Amortization In Income Statement": 403000.0,
        "Research And Development": 853000.0,
        "Selling General And Administration": 3968000.0,
        "General And Administrative Expense": 3968000.0,
        "Salaries And Wages": 3968000.0,
        "Gross Profit": 318000.0,
        "Cost Of Revenue": 1145000.0,
        "Total Revenue": 1463000.0,
        "Operating Revenue": 1463000.0
    }
}