{
    "2024-03-31": {
        "Tax Effect Of Unusual Items": -1021.02,
        "Tax Rate For Calcs": 0.21,
        "Normalized EBITDA": 2683029.0,
        "Total Unusual Items": -4862.0,
        "Total Unusual Items Excluding Goodwill": -4862.0,
        "Net Income From Continuing Operation Net Minority Interest": 2171109.0,
        "Reconciled Depreciation": 501788.0,
        "Reconciled Cost Of Revenue": 3060701.0,
        "EBITDA": 2678167.0,
        "EBIT": 2176379.0,
        "Net Interest Income": -930.0,
        "Interest Expense": 20565.0,
        "Interest Income": 19635.0,
        "Normalized Income": 2174949.98,
        "Net Income From Continuing And Discontinued Operation": 2171109.0,
        "Total Expenses": 3752556.0,
        "Total Operating Income As Reported": 2141973.0,
        "Diluted Average Shares": 12673172.0,
        "Basic Average Shares": 12513374.0,
        "Diluted EPS": 0.17,
        "Basic EPS": 0.17,
        "Diluted NI Availto Com Stockholders": 2171109.0,
        "Net Income Common Stockholders": 2171109.0,
        "Net Income": 2171109.0,
        "Minority Interests": 15295.0,
        "Net Income Including Noncontrolling Interests": 2155814.0,
        "Net Income Continuous Operations": 2155814.0,
        "Pretax Income": 2155814.0,
        "Other Income Expense": 10362.0,
        "Other Non Operating Income Expenses": 13357.0,
        "Special Income Charges": -4409.0,
        "Gain On Sale Of Ppe": -4409.0,
        "Earnings From Equity Interest": 1867.0,
        "Gain On Sale Of Security": -453.0,
        "Net Non Operating Interest Income Expense": -930.0,
        "Interest Expense Non Operating": 20565.0,
        "Interest Income Non Operating": 19635.0,
        "Operating Income": 2146382.0,
        "Operating Expense": 691855.0,
        "Other Operating Expenses": 376948.0,
        "Selling General And Administration": 314907.0,
        "General And Administrative Expense": 314907.0,
        "Other Gand A": 314907.0,
        "Gross Profit": 2838237.0,
        "Cost Of Revenue": 3060701.0,
        "Total Revenue": 5898938.0,
        "Operating Revenue": 5898938.0
    },
    "2023-12-31": {
        "Tax Effect Of Unusual Items": 2472.54,
        "Tax Rate For Calcs": 0.21,
        "Normalized EBITDA": 741069.0,
        "Total Unusual Items": 11774.0,
        "Total Unusual Items Excluding Goodwill": 11774.0,
        "Net Income From Continuing Operation Net Minority Interest": 348675.0,
        "Reconciled Depreciation": 432182.0,
        "Reconciled Cost Of Revenue": 2577479.0,
        "EBITDA": 752843.0,
        "EBIT": 320661.0,
        "Net Interest Income": 33035.0,
        "Interest Expense": -8797.0,
        "Interest Income": 24238.0,
        "Normalized Income": 339373.54,
        "Net Income From Continuing And Discontinued Operation": 348675.0,
        "Total Expenses": 3494304.0,
        "Total Operating Income As Reported": 295899.0,
        "Diluted Average Shares": NaN,
        "Basic Average Shares": NaN,
        "Diluted EPS": NaN,
        "Basic EPS": NaN,
        "Diluted NI Availto Com Stockholders": 348675.0,
        "Net Income Common Stockholders": 348675.0,
        "Net Income": 348675.0,
        "Minority Interests": 19217.0,
        "Net Income Including Noncontrolling Interests": 329458.0,
        "Net Income Continuous Operations": 329458.0,
        "Pretax Income": 329458.0,
        "Other Income Expense": 13326.0,
        "Other Non Operating Income Expenses": 0.0,
        "Special Income Charges": 12802.0,
        "Gain On Sale Of Ppe": 12802.0,
        "Earnings From Equity Interest": 1552.0,
        "Gain On Sale Of Security": -1028.0,
        "Net Non Operating Interest Income Expense": 33035.0,
        "Interest Expense Non Operating": -8797.0,
        "Interest Income Non Operating": 24238.0,
        "Operating Income": 283097.0,
        "Operating Expense": 916825.0,
        "Other Operating Expenses": 679073.0,
        "Selling General And Administration": 237752.0,
        "General And Administrative Expense": 237752.0,
        "Other Gand A": 237752.0,
        "Gross Profit": 1199922.0,
        "Cost Of Revenue": 2577479.0,
        "Total Revenue": 3777401.0,
        "Operating Revenue": 3777401.0
    },
    "2023-09-30": {
        "Tax Effect Of Unusual Items": NaN,
        "Tax Rate For Calcs": NaN,
        "Normalized EBITDA": NaN,
        "Total Unusual Items": NaN,
        "Total Unusual Items Excluding Goodwill": NaN,
        "Net Income From Continuing Operation Net Minority Interest": NaN,
        "Reconciled Depreciation": NaN,
        "Reconciled Cost Of Revenue": NaN,
        "EBITDA": NaN,
        "EBIT": NaN,
        "Net Interest Income": NaN,
        "Interest Expense": NaN,
        "Interest Income": NaN,
        "Normalized Income": NaN,
        "Net Income From Continuing And Discontinued Operation": NaN,
        "Total Expenses": NaN,
        "Total Operating Income As Reported": NaN,
        "Diluted Average Shares": 12263318.0,
        "Basic Average Shares": 12256523.0,
        "Diluted EPS": 0.03,
        "Basic EPS": 0.03,
        "Diluted NI Availto Com Stockholders": NaN,
        "Net Income Common Stockholders": NaN,
        "Net Income": NaN,
        "Minority Interests": NaN,
        "Net Income Including Noncontrolling Interests": NaN,
        "Net Income Continuous Operations": NaN,
        "Pretax Income": NaN,
        "Other Income Expense": NaN,
        "Other Non Operating Income Expenses": NaN,
        "Special Income Charges": NaN,
        "Gain On Sale Of Ppe": NaN,
        "Earnings From Equity Interest": NaN,
        "Gain On Sale Of Security": -1543.0,
        "Net Non Operating Interest Income Expense": NaN,
        "Interest Expense Non Operating": NaN,
        "Interest Income Non Operating": NaN,
        "Operating Income": NaN,
        "Operating Expense": NaN,
        "Other Operating Expenses": NaN,
        "Selling General And Administration": NaN,
        "General And Administrative Expense": NaN,
        "Other Gand A": NaN,
        "Gross Profit": NaN,
        "Cost Of Revenue": NaN,
        "Total Revenue": NaN,
        "Operating Revenue": NaN
    },
    "2023-06-30": {
        "Tax Effect Of Unusual Items": NaN,
        "Tax Rate For Calcs": NaN,
        "Normalized EBITDA": NaN,
        "Total Unusual Items": NaN,
        "Total Unusual Items Excluding Goodwill": NaN,
        "Net Income From Continuing Operation Net Minority Interest": NaN,
        "Reconciled Depreciation": NaN,
        "Reconciled Cost Of Revenue": NaN,
        "EBITDA": NaN,
        "EBIT": NaN,
        "Net Interest Income": NaN,
        "Interest Expense": NaN,
        "Interest Income": NaN,
        "Normalized Income": NaN,
        "Net Income From Continuing And Discontinued Operation": NaN,
        "Total Expenses": NaN,
        "Total Operating Income As Reported": NaN,
        "Diluted Average Shares": 12259438.0,
        "Basic Average Shares": 12256523.0,
        "Diluted EPS": 0.03,
        "Basic EPS": 0.03,
        "Diluted NI Availto Com Stockholders": NaN,
        "Net Income Common Stockholders": NaN,
        "Net Income": NaN,
        "Minority Interests": NaN,
        "Net Income Including Noncontrolling Interests": NaN,
        "Net Income Continuous Operations": NaN,
        "Pretax Income": NaN,
        "Other Income Expense": NaN,
        "Other Non Operating Income Expenses": NaN,
        "Special Income Charges": NaN,
        "Gain On Sale Of Ppe": NaN,
        "Earnings From Equity Interest": NaN,
        "Gain On Sale Of Security": -2880.0,
        "Net Non Operating Interest Income Expense": NaN,
        "Interest Expense Non Operating": NaN,
        "Interest Income Non Operating": NaN,
        "Operating Income": NaN,
        "Operating Expense": NaN,
        "Other Operating Expenses": NaN,
        "Selling General And Administration": NaN,
        "General And Administrative Expense": NaN,
        "Other Gand A": NaN,
        "Gross Profit": NaN,
        "Cost Of Revenue": NaN,
        "Total Revenue": NaN,
        "Operating Revenue": NaN
    },
    "2023-03-31": {
        "Tax Effect Of Unusual Items": NaN,
        "Tax Rate For Calcs": NaN,
        "Normalized EBITDA": NaN,
        "Total Unusual Items": NaN,
        "Total Unusual Items Excluding Goodwill": NaN,
        "Net Income From Continuing Operation Net Minority Interest": NaN,
        "Reconciled Depreciation": NaN,
        "Reconciled Cost Of Revenue": NaN,
        "EBITDA": NaN,
        "EBIT": NaN,
        "Net Interest Income": NaN,
        "Interest Expense": NaN,
        "Interest Income": NaN,
        "Normalized Income": NaN,
        "Net Income From Continuing And Discontinued Operation": NaN,
        "Total Expenses": NaN,
        "Total Operating Income As Reported": NaN,
        "Diluted Average Shares": NaN,
        "Basic Average Shares": NaN,
        "Diluted EPS": NaN,
        "Basic EPS": NaN,
        "Diluted NI Availto Com Stockholders": NaN,
        "Net Income Common Stockholders": NaN,
        "Net Income": NaN,
        "Minority Interests": NaN,
        "Net Income Including Noncontrolling Interests": NaN,
        "Net Income Continuous Operations": NaN,
        "Pretax Income": NaN,
        "Other Income Expense": NaN,
        "Other Non Operating Income Expenses": 20724.0,
        "Special Income Charges": NaN,
        "Gain On Sale Of Ppe": NaN,
        "Earnings From Equity Interest": NaN,
        "Gain On Sale Of Security": NaN,
        "Net Non Operating Interest Income Expense": NaN,
        "Interest Expense Non Operating": NaN,
        "Interest Income Non Operating": NaN,
        "Operating Income": NaN,
        "Operating Expense": NaN,
        "Other Operating Expenses": NaN,
        "Selling General And Administration": NaN,
        "General And Administrative Expense": NaN,
        "Other Gand A": NaN,
        "Gross Profit": NaN,
        "Cost Of Revenue": NaN,
        "Total Revenue": NaN,
        "Operating Revenue": NaN
    },
    "2022-09-30": {
        "Tax Effect Of Unusual Items": NaN,
        "Tax Rate For Calcs": NaN,
        "Normalized EBITDA": NaN,
        "Total Unusual Items": NaN,
        "Total Unusual Items Excluding Goodwill": NaN,
        "Net Income From Continuing Operation Net Minority Interest": NaN,
        "Reconciled Depreciation": NaN,
        "Reconciled Cost Of Revenue": NaN,
        "EBITDA": NaN,
        "EBIT": NaN,
        "Net Interest Income": NaN,
        "Interest Expense": NaN,
        "Interest Income": NaN,
        "Normalized Income": NaN,
        "Net Income From Continuing And Discontinued Operation": NaN,
        "Total Expenses": NaN,
        "Total Operating Income As Reported": NaN,
        "Diluted Average Shares": 12032901.0,
        "Basic Average Shares": 12032901.0,
        "Diluted EPS": -0.16,
        "Basic EPS": -0.16,
        "Diluted NI Availto Com Stockholders": NaN,
        "Net Income Common Stockholders": NaN,
        "Net Income": NaN,
        "Minority Interests": NaN,
        "Net Income Including Noncontrolling Interests": NaN,
        "Net Income Continuous Operations": NaN,
        "Pretax Income": NaN,
        "Other Income Expense": NaN,
        "Other Non Operating Income Expenses": NaN,
        "Special Income Charges": NaN,
        "Gain On Sale Of Ppe": NaN,
        "Earnings From Equity Interest": NaN,
        "Gain On Sale Of Security": NaN,
        "Net Non Operating Interest Income Expense": NaN,
        "Interest Expense Non Operating": NaN,
        "Interest Income Non Operating": NaN,
        "Operating Income": NaN,
        "Operating Expense": NaN,
        "Other Operating Expenses": NaN,
        "Selling General And Administration": NaN,
        "General And Administrative Expense": NaN,
        "Other Gand A": NaN,
        "Gross Profit": NaN,
        "Cost Of Revenue": NaN,
        "Total Revenue": NaN,
        "Operating Revenue": NaN
    },
    "2024-06-30": {
        "Tax Effect Of Unusual Items": 3956.4,
        "Tax Rate For Calcs": 0.21,
        "Normalized EBITDA": 2597614.0,
        "Total Unusual Items": 18840.0,
        "Total Unusual Items Excluding Goodwill": 18840.0,
        "Net Income From Continuing Operation Net Minority Interest": 2157873.0,
        "Reconciled Depreciation": 455930.0,
        "Reconciled Cost Of Revenue": 3051957.0,
        "EBITDA": 2616454.0,
        "EBIT": 2160524.0,
        "Net Interest Income": 13004.0,
        "Interest Expense": 25602.0,
        "Interest Income": 38606.0,
        "Normalized Income": 2142989.4,
        "Net Income From Continuing And Discontinued Operation": 2157873.0,
        "Total Expenses": 4026764.0,
        "Total Operating Income As Reported": 2095596.0,
        "Diluted Average Shares": 13043026.0,
        "Basic Average Shares": 12836205.0,
        "Diluted EPS": 0.17,
        "Basic EPS": 0.17,
        "Diluted NI Availto Com Stockholders": 2157873.0,
        "Net Income Common Stockholders": 2157873.0,
        "Net Income": 2157873.0,
        "Minority Interests": 22951.0,
        "Net Income Including Noncontrolling Interests": 2134922.0,
        "Net Income Continuous Operations": 2134922.0,
        "Pretax Income": 2134922.0,
        "Other Income Expense": 23300.0,
        "Other Non Operating Income Expenses": 6049.0,
        "Special Income Charges": -3022.0,
        "Gain On Sale Of Ppe": -3022.0,
        "Earnings From Equity Interest": -1589.0,
        "Gain On Sale Of Security": 21862.0,
        "Net Non Operating Interest Income Expense": 13004.0,
        "Interest Expense Non Operating": 25602.0,
        "Interest Income Non Operating": 38606.0,
        "Operating Income": 2098618.0,
        "Operating Expense": 974807.0,
        "Other Operating Expenses": 710369.0,
        "Selling General And Administration": 264438.0,
        "General And Administrative Expense": 264438.0,
        "Other Gand A": 264438.0,
        "Gross Profit": 3073425.0,
        "Cost Of Revenue": 3051957.0,
        "Total Revenue": 6125382.0,
        "Operating Revenue": 6125382.0
    },
    "2024-09-30": {
        "Tax Effect Of Unusual Items": 1260.0,
        "Tax Rate For Calcs": 0.21,
        "Normalized EBITDA": 2506150.0,
        "Total Unusual Items": 6000.0,
        "Total Unusual Items Excluding Goodwill": 6000.0,
        "Net Income From Continuing Operation Net Minority Interest": 2004280.0,
        "Reconciled Depreciation": 485514.0,
        "Reconciled Cost Of Revenue": 3155931.0,
        "EBITDA": 2512150.0,
        "EBIT": 2026636.0,
        "Net Interest Income": 130673.0,
        "Interest Expense": 37128.0,
        "Interest Income": 167801.0,
        "Normalized Income": 1999540.0,
        "Net Income From Continuing And Discontinued Operation": 2004280.0,
        "Total Expenses": 4301753.0,
        "Total Operating Income As Reported": 1439534.0,
        "Diluted Average Shares": 13259638.0,
        "Basic Average Shares": 13111073.0,
        "Diluted EPS": 0.15,
        "Basic EPS": 0.15,
        "Diluted NI Availto Com Stockholders": 2004280.0,
        "Net Income Common Stockholders": 2004280.0,
        "Net Income": 2004280.0,
        "Minority Interests": 14772.0,
        "Net Income Including Noncontrolling Interests": 1989508.0,
        "Net Income Continuous Operations": 1989508.0,
        "Pretax Income": 1989508.0,
        "Other Income Expense": 7301.0,
        "Other Non Operating Income Expenses": NaN,
        "Special Income Charges": 6000.0,
        "Gain On Sale Of Ppe": 6000.0,
        "Earnings From Equity Interest": 1301.0,
        "Gain On Sale Of Security": NaN,
        "Net Non Operating Interest Income Expense": 130673.0,
        "Interest Expense Non Operating": 37128.0,
        "Interest Income Non Operating": 167801.0,
        "Operating Income": 1851534.0,
        "Operating Expense": 1145822.0,
        "Other Operating Expenses": 860427.0,
        "Selling General And Administration": 285395.0,
        "General And Administrative Expense": 285395.0,
        "Other Gand A": 285395.0,
        "Gross Profit": 2997356.0,
        "Cost Of Revenue": 3155931.0,
        "Total Revenue": 6153287.0,
        "Operating Revenue": 6153287.0
    },
    "2024-12-31": {
        "Tax Effect Of Unusual Items": 0.0,
        "Tax Rate For Calcs": 0.21,
        "Normalized EBITDA": 2983289.0,
        "Total Unusual Items": 0.0,
        "Total Unusual Items Excluding Goodwill": 0.0,
        "Net Income From Continuing Operation Net Minority Interest": 2503423.0,
        "Reconciled Depreciation": 510156.0,
        "Reconciled Cost Of Revenue": 3546291.0,
        "EBITDA": 2983289.0,
        "EBIT": 2473133.0,
        "Net Interest Income": 141613.0,
        "Interest Expense": 0.0,
        "Interest Income": 141613.0,
        "Normalized Income": 2503423.0,
        "Net Income From Continuing And Discontinued Operation": 2503423.0,
        "Total Expenses": 5257334.0,
        "Total Operating Income As Reported": 2748432.0,
        "Diluted Average Shares": NaN,
        "Basic Average Shares": NaN,
        "Diluted EPS": NaN,
        "Basic EPS": NaN,
        "Diluted NI Availto Com Stockholders": 2503423.0,
        "Net Income Common Stockholders": 2503423.0,
        "Net Income": 2503423.0,
        "Minority Interests": 30290.0,
        "Net Income Including Noncontrolling Interests": 2473133.0,
        "Net Income Continuous Operations": 2473133.0,
        "Pretax Income": 2473133.0,
        "Other Income Expense": 1088.0,
        "Other Non Operating Income Expenses": 0.0,
        "Special Income Charges": 0.0,
        "Gain On Sale Of Ppe": 0.0,
        "Earnings From Equity Interest": 1088.0,
        "Gain On Sale Of Security": 0.0,
        "Net Non Operating Interest Income Expense": 141613.0,
        "Interest Expense Non Operating": 0.0,
        "Interest Income Non Operating": 141613.0,
        "Operating Income": 2330432.0,
        "Operating Expense": 1711043.0,
        "Other Operating Expenses": 1380506.0,
        "Selling General And Administration": 330537.0,
        "General And Administrative Expense": 330537.0,
        "Other Gand A": 330537.0,
        "Gross Profit": 4041475.0,
        "Cost Of Revenue": 3546291.0,
        "Total Revenue": 7587766.0,
        "Operating Revenue": 7587766.0
    }
}