{
    "2023-03-31": {
        "Tax Effect Of Unusual Items": NaN,
        "Tax Rate For Calcs": NaN,
        "Normalized EBITDA": NaN,
        "Total Unusual Items": NaN,
        "Total Unusual Items Excluding Goodwill": NaN,
        "Net Income From Continuing Operation Net Minority Interest": NaN,
        "Reconciled Depreciation": NaN,
        "Reconciled Cost Of Revenue": NaN,
        "EBITDA": NaN,
        "EBIT": NaN,
        "Net Interest Income": NaN,
        "Interest Expense": NaN,
        "Interest Income": NaN,
        "Normalized Income": NaN,
        "Net Income From Continuing And Discontinued Operation": NaN,
        "Total Expenses": NaN,
        "Total Operating Income As Reported": NaN,
        "Diluted Average Shares": NaN,
        "Basic Average Shares": NaN,
        "Diluted EPS": NaN,
        "Basic EPS": NaN,
        "Diluted NI Availto Com Stockholders": NaN,
        "Net Income Common Stockholders": NaN,
        "Net Income": NaN,
        "Net Income Including Noncontrolling Interests": NaN,
        "Net Income Continuous Operations": NaN,
        "Tax Provision": NaN,
        "Pretax Income": NaN,
        "Other Income Expense": NaN,
        "Gain On Sale Of Security": NaN,
        "Net Non Operating Interest Income Expense": NaN,
        "Total Other Finance Cost": -197808.0,
        "Interest Expense Non Operating": NaN,
        "Interest Income Non Operating": NaN,
        "Operating Income": NaN,
        "Operating Expense": NaN,
        "Other Operating Expenses": NaN,
        "Research And Development": NaN,
        "Selling General And Administration": NaN,
        "Selling And Marketing Expense": NaN,
        "General And Administrative Expense": NaN,
        "Other Gand A": NaN,
        "Gross Profit": NaN,
        "Cost Of Revenue": NaN,
        "Total Revenue": NaN,
        "Operating Revenue": NaN
    },
    "2022-12-31": {
        "Tax Effect Of Unusual Items": 0.0,
        "Tax Rate For Calcs": 0.0,
        "Normalized EBITDA": -7140552.0,
        "Total Unusual Items": -731586.0,
        "Total Unusual Items Excluding Goodwill": -731586.0,
        "Net Income From Continuing Operation Net Minority Interest": -8026286.0,
        "Reconciled Depreciation": 148274.0,
        "Reconciled Cost Of Revenue": NaN,
        "EBITDA": -7872138.0,
        "EBIT": -8020412.0,
        "Net Interest Income": 403937.0,
        "Interest Expense": 5874.0,
        "Interest Income": 298558.0,
        "Normalized Income": -7294700.0,
        "Net Income From Continuing And Discontinued Operation": -8026286.0,
        "Total Expenses": 7698637.0,
        "Total Operating Income As Reported": -7698637.0,
        "Diluted Average Shares": NaN,
        "Basic Average Shares": NaN,
        "Diluted EPS": NaN,
        "Basic EPS": NaN,
        "Diluted NI Availto Com Stockholders": -8026286.0,
        "Net Income Common Stockholders": -8026286.0,
        "Net Income": -8026286.0,
        "Net Income Including Noncontrolling Interests": -8026286.0,
        "Net Income Continuous Operations": -8026286.0,
        "Tax Provision": 0.0,
        "Pretax Income": -8026286.0,
        "Other Income Expense": -731586.0,
        "Gain On Sale Of Security": -731586.0,
        "Net Non Operating Interest Income Expense": 403937.0,
        "Total Other Finance Cost": -111253.0,
        "Interest Expense Non Operating": 5874.0,
        "Interest Income Non Operating": 298558.0,
        "Operating Income": -7698637.0,
        "Operating Expense": 7698637.0,
        "Other Operating Expenses": -3685092.0,
        "Research And Development": 8335859.0,
        "Selling General And Administration": 2521545.0,
        "Selling And Marketing Expense": NaN,
        "General And Administrative Expense": 2521545.0,
        "Other Gand A": -7183601.0,
        "Gross Profit": NaN,
        "Cost Of Revenue": NaN,
        "Total Revenue": 0.0,
        "Operating Revenue": 0.0
    },
    "2022-09-30": {
        "Tax Effect Of Unusual Items": NaN,
        "Tax Rate For Calcs": NaN,
        "Normalized EBITDA": NaN,
        "Total Unusual Items": NaN,
        "Total Unusual Items Excluding Goodwill": NaN,
        "Net Income From Continuing Operation Net Minority Interest": NaN,
        "Reconciled Depreciation": NaN,
        "Reconciled Cost Of Revenue": 0.0,
        "EBITDA": NaN,
        "EBIT": NaN,
        "Net Interest Income": NaN,
        "Interest Expense": NaN,
        "Interest Income": NaN,
        "Normalized Income": NaN,
        "Net Income From Continuing And Discontinued Operation": NaN,
        "Total Expenses": NaN,
        "Total Operating Income As Reported": NaN,
        "Diluted Average Shares": 44203763.0,
        "Basic Average Shares": 44203763.0,
        "Diluted EPS": -0.18,
        "Basic EPS": -0.18,
        "Diluted NI Availto Com Stockholders": NaN,
        "Net Income Common Stockholders": NaN,
        "Net Income": NaN,
        "Net Income Including Noncontrolling Interests": NaN,
        "Net Income Continuous Operations": NaN,
        "Tax Provision": NaN,
        "Pretax Income": NaN,
        "Other Income Expense": NaN,
        "Gain On Sale Of Security": NaN,
        "Net Non Operating Interest Income Expense": NaN,
        "Total Other Finance Cost": NaN,
        "Interest Expense Non Operating": NaN,
        "Interest Income Non Operating": NaN,
        "Operating Income": NaN,
        "Operating Expense": NaN,
        "Other Operating Expenses": NaN,
        "Research And Development": NaN,
        "Selling General And Administration": NaN,
        "Selling And Marketing Expense": NaN,
        "General And Administrative Expense": NaN,
        "Other Gand A": NaN,
        "Gross Profit": 0.0,
        "Cost Of Revenue": 0.0,
        "Total Revenue": NaN,
        "Operating Revenue": NaN
    },
    "2022-06-30": {
        "Tax Effect Of Unusual Items": 0.0,
        "Tax Rate For Calcs": 0.0,
        "Normalized EBITDA": -942711.0,
        "Total Unusual Items": 1563580.0,
        "Total Unusual Items Excluding Goodwill": 1563580.0,
        "Net Income From Continuing Operation Net Minority Interest": 465376.0,
        "Reconciled Depreciation": 147549.0,
        "EBITDA": 620869.0,
        "EBIT": 473320.0,
        "Net Interest Income": -11544.0,
        "Interest Expense": 7945.0,
        "Interest Income": 82401.0,
        "Normalized Income": -1098204.0,
        "Net Income From Continuing And Discontinued Operation": 465376.0,
        "Total Expenses": 1086661.0,
        "Total Operating Income As Reported": -1086661.0,
        "Diluted Average Shares": 44203763.0,
        "Basic Average Shares": 44203763.0,
        "Diluted EPS": 0.01,
        "Basic EPS": 0.01,
        "Diluted NI Availto Com Stockholders": 465376.0,
        "Net Income Common Stockholders": 465376.0,
        "Net Income": 465376.0,
        "Net Income Including Noncontrolling Interests": 465376.0,
        "Net Income Continuous Operations": 465376.0,
        "Tax Provision": 0.0,
        "Pretax Income": 465375.0,
        "Other Income Expense": 1563580.0,
        "Gain On Sale Of Security": 1563580.0,
        "Net Non Operating Interest Income Expense": -11544.0,
        "Total Other Finance Cost": 86000.0,
        "Interest Expense Non Operating": 7945.0,
        "Interest Income Non Operating": 82401.0,
        "Operating Income": -1086661.0,
        "Operating Expense": 1086661.0,
        "Other Operating Expenses": -14441262.0,
        "Research And Development": 11180958.0,
        "Selling General And Administration": 4346965.0,
        "Selling And Marketing Expense": NaN,
        "General And Administrative Expense": 4346965.0,
        "Other Gand A": 4346965.0,
        "Total Revenue": 0.0,
        "Operating Revenue": 0.0
    },
    "2022-03-31": {
        "Diluted EPS": -0.36,
        "Total Revenue": NaN,
        "Gross Profit": NaN,
        "Operating Income": -17,
        "EBIT": -17,
        "Net Income": -16
    },
    "2021-12-31": {
        "Diluted EPS": -0.37,
        "Total Revenue": NaN,
        "Gross Profit": NaN,
        "Operating Income": -15,
        "EBIT": -15,
        "Net Income": -15
    },
    "2021-09-30": {
        "Diluted EPS": -0.32,
        "Total Revenue": NaN,
        "Gross Profit": NaN,
        "Operating Income": -15,
        "EBIT": -15,
        "Net Income": -14
    },
    "2021-06-30": {
        "Diluted EPS": -0.4,
        "Total Revenue": NaN,
        "Gross Profit": NaN,
        "Operating Income": -17,
        "EBIT": -17,
        "Net Income": -18
    },
    "2021-03-31": {
        "Diluted EPS": -0.22,
        "Total Revenue": NaN,
        "Gross Profit": NaN,
        "Operating Income": -10,
        "EBIT": -9,
        "Net Income": -7
    },
    "2020-12-31": {
        "Diluted EPS": -0.38,
        "Total Revenue": NaN,
        "Gross Profit": NaN,
        "Operating Income": -10,
        "EBIT": -10,
        "Net Income": -11
    },
    "2020-09-30": {
        "Diluted EPS": -0.29,
        "Total Revenue": NaN,
        "Gross Profit": NaN,
        "Operating Income": -7,
        "EBIT": -7,
        "Net Income": -8
    },
    "2020-06-30": {
        "Diluted EPS": -0.42,
        "Total Revenue": NaN,
        "Gross Profit": NaN,
        "Operating Income": -11,
        "EBIT": -10,
        "Net Income": -11
    },
    "2020-03-31": {
        "Diluted EPS": -0.35,
        "Total Revenue": NaN,
        "Gross Profit": NaN,
        "Operating Income": -11,
        "EBIT": -11,
        "Net Income": -9
    },
    "2019-12-31": {
        "Diluted EPS": -0.58,
        "Total Revenue": NaN,
        "Gross Profit": NaN,
        "Operating Income": -15,
        "EBIT": -15,
        "Net Income": -15
    },
    "2019-09-30": {
        "Diluted EPS": -0.62,
        "Total Revenue": NaN,
        "Gross Profit": NaN,
        "Operating Income": -18,
        "EBIT": -17,
        "Net Income": -16
    },
    "2019-06-30": {
        "Diluted EPS": -0.66,
        "Total Revenue": NaN,
        "Gross Profit": NaN,
        "Operating Income": -18,
        "EBIT": -18,
        "Net Income": -17
    },
    "2019-03-31": {
        "Diluted EPS": -0.43,
        "Total Revenue": NaN,
        "Gross Profit": NaN,
        "Operating Income": -12,
        "EBIT": -12,
        "Net Income": -11
    },
    "2018-12-31": {
        "Diluted EPS": -0.45,
        "Total Revenue": NaN,
        "Gross Profit": NaN,
        "Operating Income": -15,
        "EBIT": -15,
        "Net Income": -12
    },
    "2018-09-30": {
        "Diluted EPS": -0.35,
        "Total Revenue": NaN,
        "Gross Profit": NaN,
        "Operating Income": -10,
        "EBIT": -10,
        "Net Income": -8
    },
    "2018-06-30": {
        "Diluted EPS": -0.12,
        "Total Revenue": NaN,
        "Gross Profit": NaN,
        "Operating Income": -10,
        "EBIT": -10,
        "Net Income": -3
    },
    "2018-03-31": {
        "Diluted EPS": -0.49,
        "Total Revenue": NaN,
        "Gross Profit": NaN,
        "Operating Income": -10,
        "EBIT": -10,
        "Net Income": -13
    },
    "2017-09-30": {
        "Diluted EPS": -169.24,
        "Total Revenue": NaN,
        "Gross Profit": NaN,
        "Operating Income": -4,
        "EBIT": -4,
        "Net Income": -5
    },
    "2017-06-30": {
        "Diluted EPS": -182.58,
        "Total Revenue": NaN,
        "Gross Profit": NaN,
        "Operating Income": -4,
        "EBIT": -4,
        "Net Income": -5
    },
    "2016-12-31": {
        "Diluted EPS": 0.0,
        "Total Revenue": NaN,
        "Gross Profit": NaN,
        "Operating Income": NaN,
        "EBIT": NaN,
        "Net Income": NaN
    },
    "2023-06-30": {
        "Tax Effect Of Unusual Items": NaN,
        "Tax Rate For Calcs": NaN,
        "Normalized EBITDA": NaN,
        "Total Unusual Items": NaN,
        "Total Unusual Items Excluding Goodwill": NaN,
        "Net Income From Continuing Operation Net Minority Interest": NaN,
        "Reconciled Depreciation": NaN,
        "Reconciled Cost Of Revenue": NaN,
        "EBITDA": NaN,
        "EBIT": NaN,
        "Net Interest Income": NaN,
        "Interest Expense": NaN,
        "Interest Income": NaN,
        "Normalized Income": NaN,
        "Net Income From Continuing And Discontinued Operation": NaN,
        "Total Expenses": NaN,
        "Total Operating Income As Reported": NaN,
        "Diluted Average Shares": 56985734.0,
        "Basic Average Shares": 56985734.0,
        "Diluted EPS": -0.14,
        "Basic EPS": -0.14,
        "Diluted NI Availto Com Stockholders": NaN,
        "Net Income Common Stockholders": NaN,
        "Net Income": NaN,
        "Net Income Including Noncontrolling Interests": NaN,
        "Net Income Continuous Operations": NaN,
        "Tax Provision": NaN,
        "Pretax Income": NaN,
        "Other Income Expense": NaN,
        "Gain On Sale Of Security": NaN,
        "Net Non Operating Interest Income Expense": NaN,
        "Total Other Finance Cost": 195567.0,
        "Interest Expense Non Operating": NaN,
        "Interest Income Non Operating": NaN,
        "Operating Income": NaN,
        "Operating Expense": NaN,
        "Other Operating Expenses": NaN,
        "Research And Development": NaN,
        "Selling General And Administration": NaN,
        "Selling And Marketing Expense": NaN,
        "General And Administrative Expense": NaN,
        "Other Gand A": NaN,
        "Gross Profit": NaN,
        "Cost Of Revenue": NaN,
        "Total Revenue": NaN,
        "Operating Revenue": NaN
    },
    "2023-09-30": {
        "Tax Effect Of Unusual Items": NaN,
        "Tax Rate For Calcs": NaN,
        "Normalized EBITDA": NaN,
        "Total Unusual Items": NaN,
        "Total Unusual Items Excluding Goodwill": NaN,
        "Net Income From Continuing Operation Net Minority Interest": NaN,
        "Reconciled Depreciation": NaN,
        "Reconciled Cost Of Revenue": NaN,
        "EBITDA": NaN,
        "EBIT": NaN,
        "Net Interest Income": NaN,
        "Interest Expense": NaN,
        "Interest Income": NaN,
        "Normalized Income": NaN,
        "Net Income From Continuing And Discontinued Operation": NaN,
        "Total Expenses": NaN,
        "Total Operating Income As Reported": NaN,
        "Diluted Average Shares": 58883272.0,
        "Basic Average Shares": 58883272.0,
        "Diluted EPS": -0.13,
        "Basic EPS": -0.13,
        "Diluted NI Availto Com Stockholders": NaN,
        "Net Income Common Stockholders": NaN,
        "Net Income": NaN,
        "Net Income Including Noncontrolling Interests": NaN,
        "Net Income Continuous Operations": NaN,
        "Tax Provision": NaN,
        "Pretax Income": NaN,
        "Other Income Expense": NaN,
        "Gain On Sale Of Security": NaN,
        "Net Non Operating Interest Income Expense": NaN,
        "Total Other Finance Cost": -221577.0,
        "Interest Expense Non Operating": NaN,
        "Interest Income Non Operating": NaN,
        "Operating Income": NaN,
        "Operating Expense": NaN,
        "Other Operating Expenses": NaN,
        "Research And Development": NaN,
        "Selling General And Administration": NaN,
        "Selling And Marketing Expense": NaN,
        "General And Administrative Expense": NaN,
        "Other Gand A": NaN,
        "Gross Profit": NaN,
        "Cost Of Revenue": NaN,
        "Total Revenue": NaN,
        "Operating Revenue": NaN
    },
    "2023-12-31": {
        "Tax Effect Of Unusual Items": NaN,
        "Tax Rate For Calcs": NaN,
        "Normalized EBITDA": NaN,
        "Total Unusual Items": NaN,
        "Total Unusual Items Excluding Goodwill": NaN,
        "Net Income From Continuing Operation Net Minority Interest": NaN,
        "Reconciled Depreciation": NaN,
        "Reconciled Cost Of Revenue": NaN,
        "EBITDA": NaN,
        "EBIT": NaN,
        "Net Interest Income": NaN,
        "Interest Expense": NaN,
        "Interest Income": NaN,
        "Normalized Income": NaN,
        "Net Income From Continuing And Discontinued Operation": NaN,
        "Total Expenses": NaN,
        "Total Operating Income As Reported": NaN,
        "Diluted Average Shares": NaN,
        "Basic Average Shares": NaN,
        "Diluted EPS": NaN,
        "Basic EPS": NaN,
        "Diluted NI Availto Com Stockholders": NaN,
        "Net Income Common Stockholders": NaN,
        "Net Income": NaN,
        "Net Income Including Noncontrolling Interests": NaN,
        "Net Income Continuous Operations": NaN,
        "Tax Provision": NaN,
        "Pretax Income": NaN,
        "Other Income Expense": NaN,
        "Gain On Sale Of Security": NaN,
        "Net Non Operating Interest Income Expense": NaN,
        "Total Other Finance Cost": -89422.0,
        "Interest Expense Non Operating": NaN,
        "Interest Income Non Operating": NaN,
        "Operating Income": NaN,
        "Operating Expense": NaN,
        "Other Operating Expenses": NaN,
        "Research And Development": NaN,
        "Selling General And Administration": NaN,
        "Selling And Marketing Expense": NaN,
        "General And Administrative Expense": NaN,
        "Other Gand A": NaN,
        "Salaries And Wages": NaN,
        "Gross Profit": NaN,
        "Cost Of Revenue": NaN,
        "Total Revenue": NaN,
        "Operating Revenue": NaN
    },
    "2024-03-31": {
        "Tax Effect Of Unusual Items": NaN,
        "Tax Rate For Calcs": NaN,
        "Normalized EBITDA": NaN,
        "Total Unusual Items": NaN,
        "Total Unusual Items Excluding Goodwill": NaN,
        "Net Income From Continuing Operation Net Minority Interest": NaN,
        "Reconciled Depreciation": NaN,
        "Reconciled Cost Of Revenue": NaN,
        "EBITDA": NaN,
        "EBIT": NaN,
        "Net Interest Income": NaN,
        "Interest Expense": NaN,
        "Interest Income": NaN,
        "Normalized Income": NaN,
        "Net Income From Continuing And Discontinued Operation": NaN,
        "Total Expenses": NaN,
        "Total Operating Income As Reported": NaN,
        "Diluted Average Shares": NaN,
        "Basic Average Shares": NaN,
        "Diluted EPS": NaN,
        "Basic EPS": NaN,
        "Diluted NI Availto Com Stockholders": NaN,
        "Net Income Common Stockholders": NaN,
        "Net Income": NaN,
        "Net Income Including Noncontrolling Interests": NaN,
        "Net Income Continuous Operations": NaN,
        "Tax Provision": NaN,
        "Pretax Income": NaN,
        "Other Income Expense": NaN,
        "Gain On Sale Of Security": NaN,
        "Net Non Operating Interest Income Expense": NaN,
        "Total Other Finance Cost": -103285.0,
        "Interest Expense Non Operating": NaN,
        "Interest Income Non Operating": NaN,
        "Operating Income": NaN,
        "Operating Expense": NaN,
        "Other Operating Expenses": NaN,
        "Research And Development": NaN,
        "Selling General And Administration": NaN,
        "Selling And Marketing Expense": NaN,
        "General And Administrative Expense": NaN,
        "Other Gand A": NaN,
        "Salaries And Wages": NaN,
        "Gross Profit": NaN,
        "Cost Of Revenue": NaN,
        "Total Revenue": NaN,
        "Operating Revenue": NaN
    },
    "2024-06-30": {
        "Tax Effect Of Unusual Items": NaN,
        "Tax Rate For Calcs": NaN,
        "Normalized EBITDA": NaN,
        "Total Unusual Items": NaN,
        "Total Unusual Items Excluding Goodwill": NaN,
        "Net Income From Continuing Operation Net Minority Interest": NaN,
        "Reconciled Depreciation": NaN,
        "Reconciled Cost Of Revenue": NaN,
        "EBITDA": NaN,
        "EBIT": NaN,
        "Net Interest Income": NaN,
        "Interest Expense": NaN,
        "Interest Income": NaN,
        "Normalized Income": NaN,
        "Net Income From Continuing And Discontinued Operation": NaN,
        "Total Expenses": NaN,
        "Total Operating Income As Reported": NaN,
        "Diluted Average Shares": 58883272.0,
        "Basic Average Shares": 58883272.0,
        "Diluted EPS": -0.24,
        "Basic EPS": -0.24,
        "Diluted NI Availto Com Stockholders": NaN,
        "Net Income Common Stockholders": NaN,
        "Net Income": NaN,
        "Net Income Including Noncontrolling Interests": NaN,
        "Net Income Continuous Operations": NaN,
        "Tax Provision": NaN,
        "Pretax Income": NaN,
        "Other Income Expense": NaN,
        "Gain On Sale Of Security": NaN,
        "Net Non Operating Interest Income Expense": NaN,
        "Total Other Finance Cost": NaN,
        "Interest Expense Non Operating": NaN,
        "Interest Income Non Operating": NaN,
        "Operating Income": NaN,
        "Operating Expense": NaN,
        "Other Operating Expenses": NaN,
        "Research And Development": NaN,
        "Selling General And Administration": NaN,
        "Selling And Marketing Expense": NaN,
        "General And Administrative Expense": NaN,
        "Other Gand A": NaN,
        "Salaries And Wages": 2000000.0,
        "Gross Profit": NaN,
        "Cost Of Revenue": NaN,
        "Total Revenue": NaN,
        "Operating Revenue": NaN
    },
    "2024-09-30": {
        "Tax Effect Of Unusual Items": -598015.32,
        "Tax Rate For Calcs": 0.21,
        "Normalized EBITDA": -14480268.0,
        "Total Unusual Items": -2847692.0,
        "Total Unusual Items Excluding Goodwill": -2847692.0,
        "Net Income From Continuing Operation Net Minority Interest": -17449654.0,
        "Reconciled Depreciation": 111445.0,
        "Reconciled Cost Of Revenue": -72555.0,
        "EBITDA": -17327960.0,
        "EBIT": -17439405.0,
        "Net Interest Income": 763294.0,
        "Interest Expense": 5032.0,
        "Interest Income": 768326.0,
        "Normalized Income": -15199977.32,
        "Net Income From Continuing And Discontinued Operation": -17449654.0,
        "Total Expenses": 15483858.0,
        "Total Operating Income As Reported": -15360039.0,
        "Diluted Average Shares": 58883272.0,
        "Basic Average Shares": 58883272.0,
        "Diluted EPS": -0.3,
        "Basic EPS": -0.3,
        "Diluted NI Availto Com Stockholders": -17449654.0,
        "Net Income Common Stockholders": -17449654.0,
        "Net Income": -17449654.0,
        "Net Income Including Noncontrolling Interests": -17449654.0,
        "Net Income Continuous Operations": -17449654.0,
        "Tax Provision": 5217.0,
        "Pretax Income": -17444437.0,
        "Other Income Expense": -2847692.0,
        "Gain On Sale Of Security": -2847692.0,
        "Net Non Operating Interest Income Expense": 763294.0,
        "Total Other Finance Cost": NaN,
        "Interest Expense Non Operating": 5032.0,
        "Interest Income Non Operating": 768326.0,
        "Operating Income": -15360039.0,
        "Operating Expense": 15556413.0,
        "Other Operating Expenses": -100519.0,
        "Research And Development": 11140152.0,
        "Selling General And Administration": 4516780.0,
        "Selling And Marketing Expense": 1707748.0,
        "General And Administrative Expense": 2809032.0,
        "Other Gand A": 2809032.0,
        "Salaries And Wages": NaN,
        "Gross Profit": 196374.0,
        "Cost Of Revenue": -72555.0,
        "Total Revenue": 123819.0,
        "Operating Revenue": 123819.0
    },
    "2024-12-31": {
        "Tax Effect Of Unusual Items": 0.0,
        "Tax Rate For Calcs": 0.0,
        "Normalized EBITDA": -8978396.0,
        "Total Unusual Items": 3982140.0,
        "Total Unusual Items Excluding Goodwill": 3982140.0,
        "Net Income From Continuing Operation Net Minority Interest": -5111772.0,
        "Reconciled Depreciation": 110737.0,
        "Reconciled Cost Of Revenue": 2820920.0,
        "EBITDA": -4996256.0,
        "EBIT": -5106993.0,
        "Net Interest Income": 669559.0,
        "Interest Expense": 4779.0,
        "Interest Income": 674338.0,
        "Normalized Income": -9093912.0,
        "Net Income From Continuing And Discontinued Operation": -5111772.0,
        "Total Expenses": 9763048.0,
        "Total Operating Income As Reported": -9763472.0,
        "Diluted Average Shares": NaN,
        "Basic Average Shares": NaN,
        "Diluted EPS": NaN,
        "Basic EPS": NaN,
        "Diluted NI Availto Com Stockholders": -5111772.0,
        "Net Income Common Stockholders": -5111772.0,
        "Net Income": -5111772.0,
        "Net Income Including Noncontrolling Interests": -5111772.0,
        "Net Income Continuous Operations": -5111772.0,
        "Tax Provision": 0.0,
        "Pretax Income": -5111772.0,
        "Other Income Expense": 3982140.0,
        "Gain On Sale Of Security": 3982140.0,
        "Net Non Operating Interest Income Expense": 669559.0,
        "Total Other Finance Cost": 0.0,
        "Interest Expense Non Operating": 4779.0,
        "Interest Income Non Operating": 674338.0,
        "Operating Income": -9763471.0,
        "Operating Expense": 6942128.0,
        "Other Operating Expenses": -5133777.0,
        "Research And Development": 6905065.0,
        "Selling General And Administration": 4715343.0,
        "Selling And Marketing Expense": -955617.0,
        "General And Administrative Expense": 5670960.0,
        "Other Gand A": -4366455.0,
        "Salaries And Wages": NaN,
        "Gross Profit": -2821343.0,
        "Cost Of Revenue": 2820920.0,
        "Total Revenue": -423.0,
        "Operating Revenue": -423.0
    },
    "2025-03-31": {
        "Tax Effect Of Unusual Items": 0.0,
        "Tax Rate For Calcs": 0.0,
        "Normalized EBITDA": -6287309.0,
        "Total Unusual Items": -1908829.0,
        "Total Unusual Items Excluding Goodwill": -1908829.0,
        "Net Income From Continuing Operation Net Minority Interest": -8314027.0,
        "Reconciled Depreciation": 113801.0,
        "Reconciled Cost Of Revenue": 9291.0,
        "EBITDA": -8196138.0,
        "EBIT": -8309939.0,
        "Net Interest Income": 6599942.0,
        "Interest Expense": 4086.0,
        "Interest Income": 493764.0,
        "Normalized Income": -6405198.0,
        "Net Income From Continuing And Discontinued Operation": -8314027.0,
        "Total Expenses": 13005138.0,
        "Total Operating Income As Reported": -13005139.0,
        "Diluted Average Shares": 63312911.0,
        "Basic Average Shares": 63312911.0,
        "Diluted EPS": -0.13,
        "Basic EPS": -0.13,
        "Diluted NI Availto Com Stockholders": -8314027.0,
        "Net Income Common Stockholders": -8314027.0,
        "Net Income": -8314027.0,
        "Net Income Including Noncontrolling Interests": -8314025.0,
        "Net Income Continuous Operations": -8314025.0,
        "Tax Provision": 0.0,
        "Pretax Income": -8314025.0,
        "Other Income Expense": -1908829.0,
        "Gain On Sale Of Security": -1908829.0,
        "Net Non Operating Interest Income Expense": 6599942.0,
        "Total Other Finance Cost": -6110264.0,
        "Interest Expense Non Operating": 4086.0,
        "Interest Income Non Operating": 493764.0,
        "Operating Income": -13005138.0,
        "Operating Expense": 12995847.0,
        "Other Operating Expenses": -541072.0,
        "Research And Development": 7016336.0,
        "Selling General And Administration": 6520583.0,
        "Selling And Marketing Expense": 1457978.0,
        "General And Administrative Expense": 5062605.0,
        "Other Gand A": 5062605.0,
        "Salaries And Wages": NaN,
        "Gross Profit": -9291.0,
        "Cost Of Revenue": 9291.0,
        "Total Revenue": 0.0,
        "Operating Revenue": 0.0
    },
    "2025-06-30": {
        "Tax Effect Of Unusual Items": 0.0,
        "Tax Rate For Calcs": 0.0,
        "Normalized EBITDA": -11335100.0,
        "Total Unusual Items": -2869983.0,
        "Total Unusual Items Excluding Goodwill": -2869983.0,
        "Net Income From Continuing Operation Net Minority Interest": -14416271.0,
        "Reconciled Depreciation": 115000.0,
        "Reconciled Cost Of Revenue": 2399583.0,
        "EBITDA": -14205083.0,
        "EBIT": -14320083.0,
        "Net Interest Income": 1371700.0,
        "Interest Expense": 3355.0,
        "Interest Income": 522221.0,
        "Normalized Income": -11546288.0,
        "Net Income From Continuing And Discontinued Operation": -14416271.0,
        "Total Expenses": 12864587.0,
        "Total Operating Income As Reported": -12917988.0,
        "Diluted Average Shares": 67747130.0,
        "Basic Average Shares": 67747130.0,
        "Diluted EPS": -0.21,
        "Basic EPS": -0.21,
        "Diluted NI Availto Com Stockholders": -14416271.0,
        "Net Income Common Stockholders": -14416271.0,
        "Net Income": -14416271.0,
        "Net Income Including Noncontrolling Interests": -14323438.0,
        "Net Income Continuous Operations": -14323438.0,
        "Tax Provision": 0.0,
        "Pretax Income": -14323438.0,
        "Other Income Expense": -2869983.0,
        "Gain On Sale Of Security": -2869983.0,
        "Net Non Operating Interest Income Expense": 1371700.0,
        "Total Other Finance Cost": -852834.0,
        "Interest Expense Non Operating": 3355.0,
        "Interest Income Non Operating": 522221.0,
        "Operating Income": -12825155.0,
        "Operating Expense": 10465004.0,
        "Other Operating Expenses": -937938.0,
        "Research And Development": 7202942.0,
        "Selling General And Administration": 4200000.0,
        "Selling And Marketing Expense": 500000.0,
        "General And Administrative Expense": 3700000.0,
        "Other Gand A": 1600000.0,
        "Salaries And Wages": 2100000.0,
        "Gross Profit": -2360151.0,
        "Cost Of Revenue": 2399583.0,
        "Total Revenue": 39432.0,
        "Operating Revenue": 39432.0
    },
    "2025-09-30": {
        "Tax Effect Of Unusual Items": -4436.67,
        "Tax Rate For Calcs": 0.21,
        "Normalized EBITDA": -12113529.0,
        "Total Unusual Items": -21127.0,
        "Total Unusual Items Excluding Goodwill": -21127.0,
        "Net Income From Continuing Operation Net Minority Interest": -12261089.0,
        "Reconciled Depreciation": 99793.0,
        "Reconciled Cost Of Revenue": 333.0,
        "EBITDA": -12134656.0,
        "EBIT": -12234449.0,
        "Net Interest Income": -2750676.0,
        "Interest Expense": 14359.0,
        "Interest Income": 438134.0,
        "Normalized Income": -12244398.67,
        "Net Income From Continuing And Discontinued Operation": -12261089.0,
        "Total Expenses": 9500835.0,
        "Total Operating Income As Reported": -9477004.0,
        "Diluted Average Shares": 67747130.0,
        "Basic Average Shares": 67747130.0,
        "Diluted EPS": -0.18,
        "Basic EPS": -0.18,
        "Diluted NI Availto Com Stockholders": -12261089.0,
        "Net Income Common Stockholders": -12261089.0,
        "Net Income": -12261089.0,
        "Net Income Including Noncontrolling Interests": -12261090.0,
        "Net Income Continuous Operations": -12261090.0,
        "Tax Provision": 12282.0,
        "Pretax Income": -12248808.0,
        "Other Income Expense": -21127.0,
        "Gain On Sale Of Security": -21127.0,
        "Net Non Operating Interest Income Expense": -2750676.0,
        "Total Other Finance Cost": 3174451.0,
        "Interest Expense Non Operating": 14359.0,
        "Interest Income Non Operating": 438134.0,
        "Operating Income": -9477005.0,
        "Operating Expense": 9500502.0,
        "Other Operating Expenses": -528696.0,
        "Research And Development": 6240825.0,
        "Selling General And Administration": 3788373.0,
        "Selling And Marketing Expense": 1169529.0,
        "General And Administrative Expense": 2618844.0,
        "Other Gand A": 2618844.0,
        "Salaries And Wages": NaN,
        "Gross Profit": 23497.0,
        "Cost Of Revenue": 333.0,
        "Total Revenue": 23830.0,
        "Operating Revenue": 23830.0
    }
}