{
    "2023-03-31": {
        "Tax Effect Of Unusual Items": NaN,
        "Tax Rate For Calcs": NaN,
        "Normalized EBITDA": NaN,
        "Net Income From Continuing Operation Net Minority Interest": NaN,
        "Reconciled Depreciation": NaN,
        "EBITDA": NaN,
        "EBIT": NaN,
        "Net Interest Income": NaN,
        "Interest Income": NaN,
        "Normalized Income": NaN,
        "Net Income From Continuing And Discontinued Operation": NaN,
        "Total Expenses": NaN,
        "Total Operating Income As Reported": NaN,
        "Diluted Average Shares": NaN,
        "Basic Average Shares": NaN,
        "Diluted EPS": NaN,
        "Basic EPS": NaN,
        "Diluted NI Availto Com Stockholders": NaN,
        "Net Income Common Stockholders": NaN,
        "Net Income": NaN,
        "Net Income Including Noncontrolling Interests": NaN,
        "Net Income Continuous Operations": NaN,
        "Tax Provision": NaN,
        "Pretax Income": NaN,
        "Other Income Expense": -20000.0,
        "Other Non Operating Income Expenses": -20000.0,
        "Net Non Operating Interest Income Expense": NaN,
        "Interest Income Non Operating": NaN,
        "Operating Income": NaN,
        "Operating Expense": NaN,
        "Research And Development": NaN,
        "Selling General And Administration": NaN,
        "General And Administrative Expense": NaN,
        "Other Gand A": NaN,
        "Total Revenue": NaN,
        "Operating Revenue": NaN
    },
    "2022-12-31": {
        "Tax Effect Of Unusual Items": NaN,
        "Tax Rate For Calcs": NaN,
        "Normalized EBITDA": NaN,
        "Net Income From Continuing Operation Net Minority Interest": NaN,
        "Reconciled Depreciation": NaN,
        "EBITDA": NaN,
        "EBIT": NaN,
        "Net Interest Income": NaN,
        "Interest Income": NaN,
        "Normalized Income": NaN,
        "Net Income From Continuing And Discontinued Operation": NaN,
        "Total Expenses": NaN,
        "Total Operating Income As Reported": NaN,
        "Diluted Average Shares": NaN,
        "Basic Average Shares": NaN,
        "Diluted EPS": NaN,
        "Basic EPS": NaN,
        "Diluted NI Availto Com Stockholders": NaN,
        "Net Income Common Stockholders": NaN,
        "Net Income": NaN,
        "Net Income Including Noncontrolling Interests": NaN,
        "Net Income Continuous Operations": NaN,
        "Tax Provision": NaN,
        "Pretax Income": NaN,
        "Other Income Expense": -58000.0,
        "Other Non Operating Income Expenses": -58000.0,
        "Net Non Operating Interest Income Expense": NaN,
        "Interest Income Non Operating": NaN,
        "Operating Income": NaN,
        "Operating Expense": NaN,
        "Research And Development": NaN,
        "Selling General And Administration": NaN,
        "General And Administrative Expense": NaN,
        "Other Gand A": NaN,
        "Total Revenue": NaN,
        "Operating Revenue": NaN
    },
    "2022-09-30": {
        "Tax Effect Of Unusual Items": 0.0,
        "Tax Rate For Calcs": 0.0,
        "Normalized EBITDA": -59003000.0,
        "Net Income From Continuing Operation Net Minority Interest": -58037000.0,
        "Reconciled Depreciation": 1509000.0,
        "EBITDA": -59003000.0,
        "EBIT": -60512000.0,
        "Net Interest Income": 2475000.0,
        "Interest Income": 2475000.0,
        "Normalized Income": -58037000.0,
        "Net Income From Continuing And Discontinued Operation": -58037000.0,
        "Total Expenses": 60843000.0,
        "Total Operating Income As Reported": -60512000.0,
        "Diluted Average Shares": 44034652.0,
        "Basic Average Shares": 44034652.0,
        "Diluted EPS": -1.32,
        "Basic EPS": -1.32,
        "Diluted NI Availto Com Stockholders": -58037000.0,
        "Net Income Common Stockholders": -58037000.0,
        "Net Income": -58037000.0,
        "Net Income Including Noncontrolling Interests": -58037000.0,
        "Net Income Continuous Operations": -58037000.0,
        "Tax Provision": NaN,
        "Pretax Income": -58037000.0,
        "Other Income Expense": NaN,
        "Other Non Operating Income Expenses": NaN,
        "Net Non Operating Interest Income Expense": 2475000.0,
        "Interest Income Non Operating": 2475000.0,
        "Operating Income": -60512000.0,
        "Operating Expense": 60843000.0,
        "Research And Development": 48179000.0,
        "Selling General And Administration": 12664000.0,
        "General And Administrative Expense": 12664000.0,
        "Other Gand A": 12664000.0,
        "Total Revenue": 331000.0,
        "Operating Revenue": 331000.0
    },
    "2022-06-30": {
        "Tax Effect Of Unusual Items": 0.0,
        "Tax Rate For Calcs": 0.0,
        "Normalized EBITDA": -57780000.0,
        "Net Income From Continuing Operation Net Minority Interest": -58595000.0,
        "Reconciled Depreciation": 1444000.0,
        "EBITDA": -57780000.0,
        "EBIT": -59224000.0,
        "Net Interest Income": NaN,
        "Interest Income": NaN,
        "Normalized Income": -58595000.0,
        "Net Income From Continuing And Discontinued Operation": -58595000.0,
        "Total Expenses": 59590000.0,
        "Total Operating Income As Reported": -59224000.0,
        "Diluted Average Shares": 43919092.0,
        "Basic Average Shares": 43919092.0,
        "Diluted EPS": -1.33,
        "Basic EPS": -1.33,
        "Diluted NI Availto Com Stockholders": -58595000.0,
        "Net Income Common Stockholders": -58595000.0,
        "Net Income": -58595000.0,
        "Net Income Including Noncontrolling Interests": -58595000.0,
        "Net Income Continuous Operations": -58595000.0,
        "Tax Provision": NaN,
        "Pretax Income": -58595000.0,
        "Other Income Expense": 629000.0,
        "Other Non Operating Income Expenses": 629000.0,
        "Net Non Operating Interest Income Expense": NaN,
        "Interest Income Non Operating": NaN,
        "Operating Income": -59224000.0,
        "Operating Expense": 59590000.0,
        "Research And Development": 47218000.0,
        "Selling General And Administration": 12372000.0,
        "General And Administrative Expense": 12372000.0,
        "Other Gand A": 12372000.0,
        "Total Revenue": 366000.0,
        "Operating Revenue": 366000.0
    },
    "2023-06-30": {
        "Tax Effect Of Unusual Items": NaN,
        "Tax Rate For Calcs": NaN,
        "Normalized EBITDA": NaN,
        "Net Income From Continuing Operation Net Minority Interest": NaN,
        "Reconciled Depreciation": NaN,
        "EBITDA": NaN,
        "EBIT": NaN,
        "Net Interest Income": NaN,
        "Interest Income": NaN,
        "Normalized Income": NaN,
        "Net Income From Continuing And Discontinued Operation": NaN,
        "Total Expenses": NaN,
        "Total Operating Income As Reported": NaN,
        "Diluted Average Shares": 45122900.0,
        "Basic Average Shares": 45122900.0,
        "Diluted EPS": -1.43,
        "Basic EPS": -1.43,
        "Diluted NI Availto Com Stockholders": NaN,
        "Net Income Common Stockholders": NaN,
        "Net Income": NaN,
        "Net Income Including Noncontrolling Interests": NaN,
        "Net Income Continuous Operations": NaN,
        "Tax Provision": NaN,
        "Pretax Income": NaN,
        "Other Income Expense": NaN,
        "Other Non Operating Income Expenses": NaN,
        "Net Non Operating Interest Income Expense": NaN,
        "Interest Income Non Operating": NaN,
        "Operating Income": NaN,
        "Operating Expense": NaN,
        "Research And Development": NaN,
        "Selling General And Administration": NaN,
        "General And Administrative Expense": NaN,
        "Other Gand A": NaN,
        "Total Revenue": NaN,
        "Operating Revenue": NaN
    },
    "2022-03-31": {
        "Diluted EPS": -1.53,
        "Total Revenue": NaN,
        "Gross Profit": NaN,
        "Operating Income": -52,
        "EBIT": -51,
        "Net Income": -52
    },
    "2021-12-31": {
        "Diluted EPS": -1.5,
        "Total Revenue": NaN,
        "Gross Profit": NaN,
        "Operating Income": -51,
        "EBIT": -49,
        "Net Income": -51
    },
    "2021-09-30": {
        "Diluted EPS": -1.32,
        "Total Revenue": NaN,
        "Gross Profit": NaN,
        "Operating Income": -44,
        "EBIT": -43,
        "Net Income": -44
    },
    "2021-06-30": {
        "Diluted EPS": -1.16,
        "Total Revenue": NaN,
        "Gross Profit": NaN,
        "Operating Income": -39,
        "EBIT": -37,
        "Net Income": -39
    },
    "2021-03-31": {
        "Diluted EPS": -0.95,
        "Total Revenue": NaN,
        "Gross Profit": NaN,
        "Operating Income": -32,
        "EBIT": -31,
        "Net Income": -32
    },
    "2020-12-31": {
        "Diluted EPS": -0.79,
        "Total Revenue": NaN,
        "Gross Profit": NaN,
        "Operating Income": -25,
        "EBIT": -24,
        "Net Income": -25
    },
    "2020-09-30": {
        "Diluted EPS": -0.66,
        "Total Revenue": NaN,
        "Gross Profit": NaN,
        "Operating Income": -21,
        "EBIT": -20,
        "Net Income": -20
    },
    "2020-06-30": {
        "Diluted EPS": -0.62,
        "Total Revenue": NaN,
        "Gross Profit": NaN,
        "Operating Income": -19,
        "EBIT": -19,
        "Net Income": -19
    },
    "2020-03-31": {
        "Diluted EPS": -0.58,
        "Total Revenue": NaN,
        "Gross Profit": NaN,
        "Operating Income": -19,
        "EBIT": -19,
        "Net Income": -18
    },
    "2019-12-31": {
        "Diluted EPS": 33.55,
        "Total Revenue": NaN,
        "Gross Profit": NaN,
        "Operating Income": -16,
        "EBIT": -16,
        "Net Income": -15
    },
    "2019-09-30": {
        "Diluted EPS": -2.41,
        "Total Revenue": NaN,
        "Gross Profit": NaN,
        "Operating Income": -11,
        "EBIT": -11,
        "Net Income": -10
    },
    "2019-06-30": {
        "Diluted EPS": -19.08,
        "Total Revenue": NaN,
        "Gross Profit": NaN,
        "Operating Income": -11,
        "EBIT": -10,
        "Net Income": -11
    },
    "2019-03-31": {
        "Diluted EPS": -16.86,
        "Total Revenue": NaN,
        "Gross Profit": NaN,
        "Operating Income": -7,
        "EBIT": -7,
        "Net Income": -7
    },
    "2018-12-31": {
        "Diluted EPS": 0.0,
        "Total Revenue": NaN,
        "Gross Profit": NaN,
        "Operating Income": NaN,
        "EBIT": NaN,
        "Net Income": NaN
    },
    "2018-09-30": {
        "Diluted EPS": -14.88,
        "Total Revenue": NaN,
        "Gross Profit": NaN,
        "Operating Income": -7,
        "EBIT": -7,
        "Net Income": -7
    },
    "2017-12-31": {
        "Diluted EPS": 0.0,
        "Total Revenue": NaN,
        "Gross Profit": NaN,
        "Operating Income": NaN,
        "EBIT": NaN,
        "Net Income": NaN
    },
    "2023-09-30": {
        "Tax Effect Of Unusual Items": NaN,
        "Tax Rate For Calcs": NaN,
        "Normalized EBITDA": NaN,
        "Total Unusual Items": NaN,
        "Total Unusual Items Excluding Goodwill": NaN,
        "Net Income From Continuing Operation Net Minority Interest": NaN,
        "Reconciled Depreciation": NaN,
        "EBITDA": NaN,
        "EBIT": NaN,
        "Net Interest Income": NaN,
        "Interest Income": NaN,
        "Normalized Income": NaN,
        "Net Income From Continuing And Discontinued Operation": NaN,
        "Total Expenses": NaN,
        "Total Operating Income As Reported": NaN,
        "Diluted Average Shares": 59580402.0,
        "Basic Average Shares": 59580402.0,
        "Diluted EPS": -1.04,
        "Basic EPS": -1.04,
        "Diluted NI Availto Com Stockholders": NaN,
        "Net Income Common Stockholders": NaN,
        "Net Income": NaN,
        "Net Income Including Noncontrolling Interests": NaN,
        "Net Income Continuous Operations": NaN,
        "Tax Provision": NaN,
        "Pretax Income": NaN,
        "Other Income Expense": NaN,
        "Other Non Operating Income Expenses": NaN,
        "Special Income Charges": NaN,
        "Impairment Of Capital Assets": NaN,
        "Net Non Operating Interest Income Expense": NaN,
        "Interest Income Non Operating": NaN,
        "Operating Income": NaN,
        "Operating Expense": NaN,
        "Research And Development": NaN,
        "Selling General And Administration": NaN,
        "General And Administrative Expense": NaN,
        "Other Gand A": NaN,
        "Total Revenue": NaN,
        "Operating Revenue": NaN
    },
    "2023-12-31": {
        "Tax Effect Of Unusual Items": NaN,
        "Tax Rate For Calcs": NaN,
        "Normalized EBITDA": NaN,
        "Total Unusual Items": NaN,
        "Total Unusual Items Excluding Goodwill": NaN,
        "Net Income From Continuing Operation Net Minority Interest": NaN,
        "Reconciled Depreciation": NaN,
        "EBITDA": NaN,
        "EBIT": NaN,
        "Net Interest Income": NaN,
        "Interest Income": NaN,
        "Normalized Income": NaN,
        "Net Income From Continuing And Discontinued Operation": NaN,
        "Total Expenses": NaN,
        "Total Operating Income As Reported": NaN,
        "Diluted Average Shares": NaN,
        "Basic Average Shares": NaN,
        "Diluted EPS": NaN,
        "Basic EPS": NaN,
        "Diluted NI Availto Com Stockholders": NaN,
        "Net Income Common Stockholders": NaN,
        "Net Income": NaN,
        "Net Income Including Noncontrolling Interests": NaN,
        "Net Income Continuous Operations": NaN,
        "Tax Provision": 242000.0,
        "Pretax Income": NaN,
        "Other Income Expense": 0.0,
        "Other Non Operating Income Expenses": 0.0,
        "Special Income Charges": NaN,
        "Impairment Of Capital Assets": NaN,
        "Net Non Operating Interest Income Expense": NaN,
        "Interest Income Non Operating": NaN,
        "Operating Income": NaN,
        "Operating Expense": NaN,
        "Research And Development": NaN,
        "Selling General And Administration": NaN,
        "General And Administrative Expense": NaN,
        "Other Gand A": NaN,
        "Total Revenue": NaN,
        "Operating Revenue": NaN
    },
    "2024-03-31": {
        "Tax Effect Of Unusual Items": NaN,
        "Tax Rate For Calcs": NaN,
        "Normalized EBITDA": NaN,
        "Total Unusual Items": 0.0,
        "Total Unusual Items Excluding Goodwill": 0.0,
        "Net Income From Continuing Operation Net Minority Interest": NaN,
        "Reconciled Depreciation": NaN,
        "EBITDA": NaN,
        "EBIT": NaN,
        "Net Interest Income": NaN,
        "Interest Income": NaN,
        "Normalized Income": NaN,
        "Net Income From Continuing And Discontinued Operation": NaN,
        "Total Expenses": NaN,
        "Total Operating Income As Reported": NaN,
        "Diluted Average Shares": 60114409.0,
        "Basic Average Shares": 60114409.0,
        "Diluted EPS": -0.83,
        "Basic EPS": -0.83,
        "Diluted NI Availto Com Stockholders": NaN,
        "Net Income Common Stockholders": NaN,
        "Net Income": NaN,
        "Net Income Including Noncontrolling Interests": NaN,
        "Net Income Continuous Operations": NaN,
        "Tax Provision": 0.0,
        "Pretax Income": NaN,
        "Other Income Expense": NaN,
        "Other Non Operating Income Expenses": NaN,
        "Special Income Charges": 0.0,
        "Impairment Of Capital Assets": 0.0,
        "Net Non Operating Interest Income Expense": NaN,
        "Interest Income Non Operating": NaN,
        "Operating Income": NaN,
        "Operating Expense": NaN,
        "Research And Development": NaN,
        "Selling General And Administration": NaN,
        "General And Administrative Expense": NaN,
        "Other Gand A": NaN,
        "Total Revenue": NaN,
        "Operating Revenue": NaN
    },
    "2024-06-30": {
        "Tax Effect Of Unusual Items": 0.0,
        "Tax Rate For Calcs": 0.0,
        "Normalized EBITDA": -49081000.0,
        "Total Unusual Items": NaN,
        "Total Unusual Items Excluding Goodwill": NaN,
        "Net Income From Continuing Operation Net Minority Interest": -47902000.0,
        "Reconciled Depreciation": 2276000.0,
        "EBITDA": -49081000.0,
        "EBIT": -51357000.0,
        "Net Interest Income": 3455000.0,
        "Interest Income": 3455000.0,
        "Normalized Income": -47902000.0,
        "Net Income From Continuing And Discontinued Operation": -47902000.0,
        "Total Expenses": 52611000.0,
        "Total Operating Income As Reported": -51357000.0,
        "Diluted Average Shares": 60434161.0,
        "Basic Average Shares": 60434161.0,
        "Diluted EPS": -0.79,
        "Basic EPS": -0.79,
        "Diluted NI Availto Com Stockholders": -47902000.0,
        "Net Income Common Stockholders": -47902000.0,
        "Net Income": -47902000.0,
        "Net Income Including Noncontrolling Interests": -47902000.0,
        "Net Income Continuous Operations": -47902000.0,
        "Tax Provision": 0.0,
        "Pretax Income": -47902000.0,
        "Other Income Expense": NaN,
        "Other Non Operating Income Expenses": NaN,
        "Special Income Charges": NaN,
        "Impairment Of Capital Assets": NaN,
        "Net Non Operating Interest Income Expense": 3455000.0,
        "Interest Income Non Operating": 3455000.0,
        "Operating Income": -51357000.0,
        "Operating Expense": 52611000.0,
        "Research And Development": 41962000.0,
        "Selling General And Administration": 10649000.0,
        "General And Administrative Expense": 10649000.0,
        "Other Gand A": 10649000.0,
        "Total Revenue": 1254000.0,
        "Operating Revenue": 1254000.0
    },
    "2024-09-30": {
        "Tax Effect Of Unusual Items": 0.0,
        "Tax Rate For Calcs": 0.0,
        "Normalized EBITDA": -62080000.0,
        "Total Unusual Items": NaN,
        "Total Unusual Items Excluding Goodwill": NaN,
        "Net Income From Continuing Operation Net Minority Interest": -61430000.0,
        "Reconciled Depreciation": 2307000.0,
        "EBITDA": -62080000.0,
        "EBIT": -64387000.0,
        "Net Interest Income": 2957000.0,
        "Interest Income": 2957000.0,
        "Normalized Income": -61430000.0,
        "Net Income From Continuing And Discontinued Operation": -61430000.0,
        "Total Expenses": 64903000.0,
        "Total Operating Income As Reported": -64387000.0,
        "Diluted Average Shares": 60657797.0,
        "Basic Average Shares": 60657797.0,
        "Diluted EPS": -1.01,
        "Basic EPS": -1.01,
        "Diluted NI Availto Com Stockholders": -61430000.0,
        "Net Income Common Stockholders": -61430000.0,
        "Net Income": -61430000.0,
        "Net Income Including Noncontrolling Interests": -61430000.0,
        "Net Income Continuous Operations": -61430000.0,
        "Tax Provision": 0.0,
        "Pretax Income": -61430000.0,
        "Other Income Expense": NaN,
        "Other Non Operating Income Expenses": NaN,
        "Special Income Charges": NaN,
        "Impairment Of Capital Assets": NaN,
        "Net Non Operating Interest Income Expense": 2957000.0,
        "Interest Income Non Operating": 2957000.0,
        "Operating Income": -64387000.0,
        "Operating Expense": 64903000.0,
        "Research And Development": 46142000.0,
        "Selling General And Administration": 18761000.0,
        "General And Administrative Expense": 18761000.0,
        "Other Gand A": 18761000.0,
        "Total Revenue": 516000.0,
        "Operating Revenue": 516000.0
    },
    "2024-12-31": {
        "Tax Effect Of Unusual Items": 0.0,
        "Tax Rate For Calcs": 0.0,
        "Normalized EBITDA": -36627000.0,
        "Total Unusual Items": NaN,
        "Total Unusual Items Excluding Goodwill": NaN,
        "Net Income From Continuing Operation Net Minority Interest": -36647000.0,
        "Reconciled Depreciation": 2353000.0,
        "EBITDA": -36627000.0,
        "EBIT": -38980000.0,
        "Net Interest Income": 2333000.0,
        "Interest Income": 2333000.0,
        "Normalized Income": -36647000.0,
        "Net Income From Continuing And Discontinued Operation": -36647000.0,
        "Total Expenses": 39392000.0,
        "Total Operating Income As Reported": -38980000.0,
        "Diluted Average Shares": NaN,
        "Basic Average Shares": NaN,
        "Diluted EPS": NaN,
        "Basic EPS": NaN,
        "Diluted NI Availto Com Stockholders": -36647000.0,
        "Net Income Common Stockholders": -36647000.0,
        "Net Income": -36647000.0,
        "Net Income Including Noncontrolling Interests": -36647000.0,
        "Net Income Continuous Operations": -36647000.0,
        "Tax Provision": 0.0,
        "Pretax Income": -36647000.0,
        "Other Income Expense": NaN,
        "Other Non Operating Income Expenses": NaN,
        "Special Income Charges": NaN,
        "Impairment Of Capital Assets": NaN,
        "Net Non Operating Interest Income Expense": 2333000.0,
        "Interest Income Non Operating": 2333000.0,
        "Operating Income": -38980000.0,
        "Operating Expense": 39392000.0,
        "Research And Development": 28935000.0,
        "Selling General And Administration": 10457000.0,
        "General And Administrative Expense": 10457000.0,
        "Other Gand A": 10457000.0,
        "Total Revenue": 412000.0,
        "Operating Revenue": 412000.0
    },
    "2025-03-31": {
        "Tax Effect Of Unusual Items": 0.0,
        "Tax Rate For Calcs": 0.0,
        "Normalized EBITDA": -8726000.0,
        "Total Unusual Items": -21889000.0,
        "Total Unusual Items Excluding Goodwill": -21889000.0,
        "Net Income From Continuing Operation Net Minority Interest": -52892000.0,
        "Reconciled Depreciation": 2272000.0,
        "EBITDA": -30615000.0,
        "EBIT": -32887000.0,
        "Net Interest Income": 1884000.0,
        "Interest Income": 1884000.0,
        "Normalized Income": -31003000.0,
        "Net Income From Continuing And Discontinued Operation": -52892000.0,
        "Total Expenses": 33386000.0,
        "Total Operating Income As Reported": -54776000.0,
        "Diluted Average Shares": 61162762.0,
        "Basic Average Shares": 61162762.0,
        "Diluted EPS": -0.86,
        "Basic EPS": -0.86,
        "Diluted NI Availto Com Stockholders": -52892000.0,
        "Net Income Common Stockholders": -52892000.0,
        "Net Income": -52892000.0,
        "Net Income Including Noncontrolling Interests": -52892000.0,
        "Net Income Continuous Operations": -52892000.0,
        "Tax Provision": NaN,
        "Pretax Income": -52892000.0,
        "Other Income Expense": -21889000.0,
        "Other Non Operating Income Expenses": NaN,
        "Special Income Charges": -21889000.0,
        "Impairment Of Capital Assets": 21889000.0,
        "Net Non Operating Interest Income Expense": 1884000.0,
        "Interest Income Non Operating": 1884000.0,
        "Operating Income": -32887000.0,
        "Operating Expense": 33386000.0,
        "Research And Development": 22337000.0,
        "Selling General And Administration": 11049000.0,
        "General And Administrative Expense": 11049000.0,
        "Other Gand A": 11049000.0,
        "Total Revenue": 499000.0,
        "Operating Revenue": 499000.0
    },
    "2025-06-30": {
        "Tax Effect Of Unusual Items": -6702570.0,
        "Tax Rate For Calcs": 0.21,
        "Normalized EBITDA": 160537000.0,
        "Total Unusual Items": -31917000.0,
        "Total Unusual Items Excluding Goodwill": -31917000.0,
        "Net Income From Continuing Operation Net Minority Interest": 97584000.0,
        "Reconciled Depreciation": 441000.0,
        "EBITDA": 128620000.0,
        "EBIT": 128179000.0,
        "Net Interest Income": 1322000.0,
        "Interest Income": 1322000.0,
        "Normalized Income": 122798430.0,
        "Net Income From Continuing And Discontinued Operation": 97584000.0,
        "Total Expenses": 15444000.0,
        "Total Operating Income As Reported": 96262000.0,
        "Diluted Average Shares": NaN,
        "Basic Average Shares": NaN,
        "Diluted EPS": NaN,
        "Basic EPS": NaN,
        "Diluted NI Availto Com Stockholders": 97584000.0,
        "Net Income Common Stockholders": 97584000.0,
        "Net Income": 97584000.0,
        "Net Income Including Noncontrolling Interests": 97584000.0,
        "Net Income Continuous Operations": 97584000.0,
        "Tax Provision": NaN,
        "Pretax Income": 97584000.0,
        "Other Income Expense": -31917000.0,
        "Other Non Operating Income Expenses": NaN,
        "Special Income Charges": -31917000.0,
        "Impairment Of Capital Assets": 31917000.0,
        "Net Non Operating Interest Income Expense": 1322000.0,
        "Interest Income Non Operating": 1322000.0,
        "Operating Income": 128179000.0,
        "Operating Expense": 15444000.0,
        "Research And Development": 5863000.0,
        "Selling General And Administration": 9581000.0,
        "General And Administrative Expense": 9581000.0,
        "Other Gand A": 9581000.0,
        "Total Revenue": 143623000.0,
        "Operating Revenue": 143623000.0
    }
}