{
    "2023-03-31": {
        "Tax Effect Of Unusual Items": NaN,
        "Tax Rate For Calcs": NaN,
        "Normalized EBITDA": NaN,
        "Total Unusual Items": NaN,
        "Total Unusual Items Excluding Goodwill": NaN,
        "Net Income From Continuing Operation Net Minority Interest": NaN,
        "Reconciled Depreciation": NaN,
        "Reconciled Cost Of Revenue": NaN,
        "EBITDA": NaN,
        "EBIT": NaN,
        "Net Interest Income": NaN,
        "Interest Expense": NaN,
        "Interest Income": NaN,
        "Normalized Income": NaN,
        "Net Income From Continuing And Discontinued Operation": NaN,
        "Total Expenses": NaN,
        "Total Operating Income As Reported": NaN,
        "Diluted Average Shares": 202000000.0,
        "Basic Average Shares": 200000000.0,
        "Diluted EPS": 0.11,
        "Basic EPS": 0.12,
        "Diluted NI Availto Com Stockholders": NaN,
        "Net Income Common Stockholders": NaN,
        "Net Income": NaN,
        "Minority Interests": NaN,
        "Net Income Including Noncontrolling Interests": NaN,
        "Net Income Continuous Operations": NaN,
        "Tax Provision": NaN,
        "Pretax Income": NaN,
        "Other Income Expense": NaN,
        "Other Non Operating Income Expenses": NaN,
        "Special Income Charges": NaN,
        "Gain On Sale Of Business": NaN,
        "Other Special Charges": NaN,
        "Restructuring And Mergern Acquisition": 0.0,
        "Gain On Sale Of Security": -26000000.0,
        "Net Non Operating Interest Income Expense": NaN,
        "Interest Expense Non Operating": NaN,
        "Interest Income Non Operating": NaN,
        "Operating Income": NaN,
        "Operating Expense": NaN,
        "Research And Development": NaN,
        "Selling General And Administration": NaN,
        "Gross Profit": NaN,
        "Cost Of Revenue": NaN,
        "Total Revenue": NaN,
        "Operating Revenue": NaN
    },
    "2022-12-31": {
        "Tax Effect Of Unusual Items": NaN,
        "Tax Rate For Calcs": NaN,
        "Normalized EBITDA": NaN,
        "Total Unusual Items": NaN,
        "Total Unusual Items Excluding Goodwill": NaN,
        "Net Income From Continuing Operation Net Minority Interest": NaN,
        "Reconciled Depreciation": NaN,
        "Reconciled Cost Of Revenue": NaN,
        "EBITDA": NaN,
        "EBIT": NaN,
        "Net Interest Income": NaN,
        "Interest Expense": NaN,
        "Interest Income": NaN,
        "Normalized Income": NaN,
        "Net Income From Continuing And Discontinued Operation": NaN,
        "Total Expenses": NaN,
        "Total Operating Income As Reported": NaN,
        "Diluted Average Shares": NaN,
        "Basic Average Shares": NaN,
        "Diluted EPS": NaN,
        "Basic EPS": NaN,
        "Diluted NI Availto Com Stockholders": NaN,
        "Net Income Common Stockholders": NaN,
        "Net Income": NaN,
        "Minority Interests": NaN,
        "Net Income Including Noncontrolling Interests": NaN,
        "Net Income Discontinuous Operations": 0.0,
        "Net Income Continuous Operations": NaN,
        "Tax Provision": NaN,
        "Pretax Income": NaN,
        "Other Income Expense": NaN,
        "Other Non Operating Income Expenses": NaN,
        "Special Income Charges": NaN,
        "Gain On Sale Of Business": 0.0,
        "Other Special Charges": -270000000.0,
        "Restructuring And Mergern Acquisition": NaN,
        "Gain On Sale Of Security": NaN,
        "Net Non Operating Interest Income Expense": NaN,
        "Interest Expense Non Operating": NaN,
        "Interest Income Non Operating": NaN,
        "Operating Income": NaN,
        "Operating Expense": NaN,
        "Other Operating Expenses": 265000000.0,
        "Research And Development": NaN,
        "Selling General And Administration": NaN,
        "Gross Profit": NaN,
        "Cost Of Revenue": NaN,
        "Total Revenue": NaN,
        "Operating Revenue": NaN
    },
    "2022-09-30": {
        "Tax Effect Of Unusual Items": NaN,
        "Tax Rate For Calcs": NaN,
        "Normalized EBITDA": NaN,
        "Total Unusual Items": NaN,
        "Total Unusual Items Excluding Goodwill": NaN,
        "Net Income From Continuing Operation Net Minority Interest": NaN,
        "Reconciled Depreciation": NaN,
        "Reconciled Cost Of Revenue": NaN,
        "EBITDA": NaN,
        "EBIT": NaN,
        "Net Interest Income": NaN,
        "Interest Expense": NaN,
        "Interest Income": NaN,
        "Normalized Income": NaN,
        "Net Income From Continuing And Discontinued Operation": NaN,
        "Total Expenses": NaN,
        "Total Operating Income As Reported": NaN,
        "Diluted Average Shares": 203105000.0,
        "Basic Average Shares": 201593000.0,
        "Diluted EPS": 1.3,
        "Basic EPS": 1.31,
        "Diluted NI Availto Com Stockholders": NaN,
        "Net Income Common Stockholders": NaN,
        "Net Income": NaN,
        "Minority Interests": NaN,
        "Net Income Including Noncontrolling Interests": NaN,
        "Net Income Discontinuous Operations": 0.0,
        "Net Income Continuous Operations": NaN,
        "Tax Provision": NaN,
        "Pretax Income": NaN,
        "Other Income Expense": NaN,
        "Other Non Operating Income Expenses": NaN,
        "Special Income Charges": NaN,
        "Gain On Sale Of Business": 278000000.0,
        "Other Special Charges": 133000000.0,
        "Restructuring And Mergern Acquisition": NaN,
        "Gain On Sale Of Security": NaN,
        "Net Non Operating Interest Income Expense": NaN,
        "Interest Expense Non Operating": NaN,
        "Interest Income Non Operating": NaN,
        "Operating Income": NaN,
        "Operating Expense": NaN,
        "Other Operating Expenses": 8000000.0,
        "Research And Development": NaN,
        "Selling General And Administration": NaN,
        "Gross Profit": NaN,
        "Cost Of Revenue": NaN,
        "Total Revenue": NaN,
        "Operating Revenue": NaN
    },
    "2022-06-30": {
        "Tax Effect Of Unusual Items": 7600000.0,
        "Tax Rate For Calcs": 0.4,
        "Normalized EBITDA": 251000000.0,
        "Total Unusual Items": 19000000.0,
        "Total Unusual Items Excluding Goodwill": 19000000.0,
        "Net Income From Continuing Operation Net Minority Interest": -4000000.0,
        "Reconciled Depreciation": 170000000.0,
        "Reconciled Cost Of Revenue": 537000000.0,
        "EBITDA": 270000000.0,
        "EBIT": 100000000.0,
        "Net Interest Income": -75000000.0,
        "Interest Expense": 78000000.0,
        "Interest Income": 3000000.0,
        "Normalized Income": -15400000.0,
        "Net Income From Continuing And Discontinued Operation": -4000000.0,
        "Total Expenses": 943000000.0,
        "Total Operating Income As Reported": 228000000.0,
        "Diluted Average Shares": 202696000.0,
        "Basic Average Shares": 202696000.0,
        "Diluted EPS": -0.02,
        "Basic EPS": -0.02,
        "Diluted NI Availto Com Stockholders": -4000000.0,
        "Net Income Common Stockholders": -4000000.0,
        "Net Income": -4000000.0,
        "Minority Interests": -38000000.0,
        "Net Income Including Noncontrolling Interests": 34000000.0,
        "Net Income Discontinuous Operations": 0.0,
        "Net Income Continuous Operations": 34000000.0,
        "Tax Provision": -11000000.0,
        "Pretax Income": 22000000.0,
        "Other Income Expense": 19000000.0,
        "Other Non Operating Income Expenses": NaN,
        "Special Income Charges": 0.0,
        "Gain On Sale Of Business": NaN,
        "Other Special Charges": NaN,
        "Gain On Sale Of Security": 19000000.0,
        "Net Non Operating Interest Income Expense": -75000000.0,
        "Interest Expense Non Operating": 78000000.0,
        "Interest Income Non Operating": 3000000.0,
        "Operating Income": 78000000.0,
        "Operating Expense": 406000000.0,
        "Other Operating Expenses": 151000000.0,
        "Research And Development": 60000000.0,
        "Selling General And Administration": 195000000.0,
        "Gross Profit": 484000000.0,
        "Cost Of Revenue": 537000000.0,
        "Total Revenue": 1021000000.0,
        "Operating Revenue": 1021000000.0
    },
    "2023-06-30": {
        "Tax Effect Of Unusual Items": NaN,
        "Tax Rate For Calcs": NaN,
        "Normalized EBITDA": NaN,
        "Total Unusual Items": NaN,
        "Total Unusual Items Excluding Goodwill": NaN,
        "Net Income From Continuing Operation Net Minority Interest": NaN,
        "Reconciled Depreciation": NaN,
        "Reconciled Cost Of Revenue": NaN,
        "EBITDA": NaN,
        "EBIT": NaN,
        "Net Interest Income": NaN,
        "Interest Expense": NaN,
        "Interest Income": NaN,
        "Normalized Income": NaN,
        "Net Income From Continuing And Discontinued Operation": NaN,
        "Total Expenses": NaN,
        "Total Operating Income As Reported": NaN,
        "Diluted Average Shares": 203000000.0,
        "Basic Average Shares": 200000000.0,
        "Diluted EPS": 0.23,
        "Basic EPS": 0.23,
        "Diluted NI Availto Com Stockholders": NaN,
        "Net Income Common Stockholders": NaN,
        "Net Income": NaN,
        "Minority Interests": NaN,
        "Net Income Including Noncontrolling Interests": NaN,
        "Net Income Discontinuous Operations": NaN,
        "Net Income Continuous Operations": NaN,
        "Tax Provision": NaN,
        "Pretax Income": NaN,
        "Other Income Expense": NaN,
        "Other Non Operating Income Expenses": NaN,
        "Special Income Charges": NaN,
        "Gain On Sale Of Business": NaN,
        "Other Special Charges": NaN,
        "Restructuring And Mergern Acquisition": NaN,
        "Gain On Sale Of Security": NaN,
        "Net Non Operating Interest Income Expense": NaN,
        "Interest Expense Non Operating": NaN,
        "Interest Income Non Operating": NaN,
        "Operating Income": NaN,
        "Operating Expense": NaN,
        "Other Operating Expenses": NaN,
        "Research And Development": NaN,
        "Selling General And Administration": NaN,
        "Gross Profit": NaN,
        "Cost Of Revenue": NaN,
        "Total Revenue": NaN,
        "Operating Revenue": NaN
    },
    "2022-03-31": {
        "Diluted EPS": 0.39,
        "Total Revenue": NaN,
        "Gross Profit": 501,
        "Operating Income": 251,
        "EBIT": 423,
        "Net Income": 79
    },
    "2021-12-31": {
        "Diluted EPS": 0.09,
        "Total Revenue": NaN,
        "Gross Profit": 473,
        "Operating Income": 186,
        "EBIT": 372,
        "Net Income": 19
    },
    "2021-09-30": {
        "Diluted EPS": 0.31,
        "Total Revenue": 984,
        "Gross Profit": 469,
        "Operating Income": 211,
        "EBIT": 400,
        "Net Income": 65
    },
    "2021-06-30": {
        "Diluted EPS": 1.49,
        "Total Revenue": NaN,
        "Gross Profit": 515,
        "Operating Income": 246,
        "EBIT": 440,
        "Net Income": 306
    },
    "2021-03-31": {
        "Diluted EPS": 0.44,
        "Total Revenue": NaN,
        "Gross Profit": 501,
        "Operating Income": 260,
        "EBIT": 452,
        "Net Income": 92
    },
    "2020-12-31": {
        "Diluted EPS": -1.19,
        "Total Revenue": 885,
        "Gross Profit": 341,
        "Operating Income": 100,
        "EBIT": -206,
        "Net Income": -242
    },
    "2020-09-30": {
        "Diluted EPS": -0.62,
        "Total Revenue": 816,
        "Gross Profit": 315,
        "Operating Income": 81,
        "EBIT": 286,
        "Net Income": -128
    },
    "2020-06-30": {
        "Diluted EPS": -1.37,
        "Total Revenue": 600,
        "Gross Profit": 172,
        "Operating Income": -71,
        "EBIT": 124,
        "Net Income": -280
    },
    "2020-03-31": {
        "Diluted EPS": -1.21,
        "Total Revenue": 814,
        "Gross Profit": 307,
        "Operating Income": -218,
        "EBIT": 275,
        "Net Income": -248
    },
    "2019-12-31": {
        "Diluted EPS": -0.82,
        "Total Revenue": 499,
        "Gross Profit": 327,
        "Operating Income": -78,
        "EBIT": 70,
        "Net Income": -168
    },
    "2019-09-30": {
        "Diluted EPS": 0.51,
        "Total Revenue": NaN,
        "Gross Profit": 441,
        "Operating Income": 154,
        "EBIT": 386,
        "Net Income": 104
    },
    "2019-06-30": {
        "Diluted EPS": 0.02,
        "Total Revenue": NaN,
        "Gross Profit": 479,
        "Operating Income": 224,
        "EBIT": 454,
        "Net Income": 5
    },
    "2019-03-31": {
        "Diluted EPS": 0.2,
        "Total Revenue": NaN,
        "Gross Profit": 449,
        "Operating Income": 178,
        "EBIT": 410,
        "Net Income": 40
    },
    "2018-12-31": {
        "Diluted EPS": -0.49,
        "Total Revenue": NaN,
        "Gross Profit": 470,
        "Operating Income": 41,
        "EBIT": 288,
        "Net Income": -102
    },
    "2018-09-30": {
        "Diluted EPS": 0.11,
        "Total Revenue": NaN,
        "Gross Profit": 462,
        "Operating Income": 200,
        "EBIT": 436,
        "Net Income": 22
    },
    "2018-06-30": {
        "Diluted EPS": 0.79,
        "Total Revenue": NaN,
        "Gross Profit": 472,
        "Operating Income": 209,
        "EBIT": 441,
        "Net Income": 161
    },
    "2018-03-31": {
        "Diluted EPS": -0.51,
        "Total Revenue": NaN,
        "Gross Profit": 486,
        "Operating Income": 197,
        "EBIT": 426,
        "Net Income": -103
    },
    "2017-12-31": {
        "Diluted EPS": 0.39,
        "Total Revenue": NaN,
        "Gross Profit": 482,
        "Operating Income": 194,
        "EBIT": 450,
        "Net Income": 80
    },
    "2017-09-30": {
        "Diluted EPS": -3.95,
        "Total Revenue": NaN,
        "Gross Profit": 446,
        "Operating Income": -556,
        "EBIT": -293,
        "Net Income": -804
    },
    "2017-06-30": {
        "Diluted EPS": -1.43,
        "Total Revenue": NaN,
        "Gross Profit": 464,
        "Operating Income": 192,
        "EBIT": 445,
        "Net Income": -290
    },
    "2017-03-31": {
        "Diluted EPS": -0.27,
        "Total Revenue": NaN,
        "Gross Profit": 414,
        "Operating Income": 119,
        "EBIT": 381,
        "Net Income": -55
    },
    "2016-12-31": {
        "Diluted EPS": 1.16,
        "Total Revenue": NaN,
        "Gross Profit": 500,
        "Operating Income": 138,
        "EBIT": 386,
        "Net Income": 233
    },
    "2016-09-30": {
        "Diluted EPS": -0.01,
        "Total Revenue": NaN,
        "Gross Profit": 504,
        "Operating Income": 164,
        "EBIT": 417,
        "Net Income": -2
    },
    "2016-06-30": {
        "Diluted EPS": 0.36,
        "Total Revenue": NaN,
        "Gross Profit": 503,
        "Operating Income": 171,
        "EBIT": 431,
        "Net Income": 73
    },
    "2016-03-31": {
        "Diluted EPS": -0.46,
        "Total Revenue": NaN,
        "Gross Profit": 511,
        "Operating Income": 188,
        "EBIT": 444,
        "Net Income": -93
    },
    "2015-12-31": {
        "Diluted EPS": 0.39,
        "Total Revenue": NaN,
        "Gross Profit": 511,
        "Operating Income": 132,
        "EBIT": 397,
        "Net Income": 74
    },
    "2015-09-30": {
        "Diluted EPS": 0.04,
        "Total Revenue": NaN,
        "Gross Profit": 454,
        "Operating Income": 130,
        "EBIT": 388,
        "Net Income": 7
    },
    "2015-06-30": {
        "Diluted EPS": -0.59,
        "Total Revenue": NaN,
        "Gross Profit": 480,
        "Operating Income": 116,
        "EBIT": 361,
        "Net Income": -117
    },
    "2015-03-31": {
        "Diluted EPS": -0.23,
        "Total Revenue": 848,
        "Gross Profit": 306,
        "Operating Income": 163,
        "EBIT": 322,
        "Net Income": -39
    },
    "2014-12-31": {
        "Diluted EPS": -0.87,
        "Total Revenue": 951,
        "Gross Profit": 951,
        "Operating Income": 951,
        "EBIT": NaN,
        "Net Income": -151
    },
    "2014-09-30": {
        "Diluted EPS": 0.44,
        "Total Revenue": 938,
        "Gross Profit": 319,
        "Operating Income": 184,
        "EBIT": 184,
        "Net Income": 76
    },
    "2014-06-30": {
        "Diluted EPS": 0.32,
        "Total Revenue": 945,
        "Gross Profit": 304,
        "Operating Income": 171,
        "EBIT": 171,
        "Net Income": 55
    },
    "2014-03-31": {
        "Diluted EPS": 0.59,
        "Total Revenue": NaN,
        "Gross Profit": NaN,
        "Operating Income": NaN,
        "EBIT": NaN,
        "Net Income": 103
    },
    "2013-12-31": {
        "Diluted EPS": 0.0,
        "Total Revenue": NaN,
        "Gross Profit": NaN,
        "Operating Income": NaN,
        "EBIT": NaN,
        "Net Income": NaN
    },
    "2023-09-30": {
        "Tax Effect Of Unusual Items": NaN,
        "Tax Rate For Calcs": NaN,
        "Normalized EBITDA": NaN,
        "Total Unusual Items": NaN,
        "Total Unusual Items Excluding Goodwill": NaN,
        "Net Income From Continuing Operation Net Minority Interest": NaN,
        "Reconciled Depreciation": NaN,
        "Reconciled Cost Of Revenue": NaN,
        "EBITDA": NaN,
        "EBIT": NaN,
        "Net Interest Income": NaN,
        "Interest Expense": NaN,
        "Interest Income": NaN,
        "Normalized Income": NaN,
        "Net Income From Continuing And Discontinued Operation": NaN,
        "Total Expenses": NaN,
        "Total Operating Income As Reported": NaN,
        "Diluted Average Shares": NaN,
        "Basic Average Shares": NaN,
        "Diluted EPS": NaN,
        "Basic EPS": NaN,
        "Diluted NI Availto Com Stockholders": NaN,
        "Net Income Common Stockholders": NaN,
        "Net Income": NaN,
        "Minority Interests": NaN,
        "Net Income Including Noncontrolling Interests": NaN,
        "Net Income Discontinuous Operations": 46000000.0,
        "Net Income Continuous Operations": NaN,
        "Tax Provision": NaN,
        "Pretax Income": NaN,
        "Other Income Expense": NaN,
        "Other Non Operating Income Expenses": NaN,
        "Special Income Charges": NaN,
        "Gain On Sale Of Business": 0.0,
        "Other Special Charges": NaN,
        "Restructuring And Mergern Acquisition": 0.0,
        "Gain On Sale Of Security": NaN,
        "Net Non Operating Interest Income Expense": NaN,
        "Interest Expense Non Operating": NaN,
        "Interest Income Non Operating": NaN,
        "Operating Income": NaN,
        "Operating Expense": NaN,
        "Other Operating Expenses": NaN,
        "Research And Development": NaN,
        "Selling General And Administration": NaN,
        "Gross Profit": NaN,
        "Cost Of Revenue": NaN,
        "Total Revenue": NaN,
        "Operating Revenue": NaN
    },
    "2023-12-31": {
        "Tax Effect Of Unusual Items": NaN,
        "Tax Rate For Calcs": NaN,
        "Normalized EBITDA": NaN,
        "Total Unusual Items": NaN,
        "Total Unusual Items Excluding Goodwill": NaN,
        "Net Income From Continuing Operation Net Minority Interest": NaN,
        "Reconciled Depreciation": NaN,
        "Reconciled Cost Of Revenue": NaN,
        "EBITDA": NaN,
        "EBIT": NaN,
        "Net Interest Income": NaN,
        "Interest Expense": NaN,
        "Interest Income": 9000000.0,
        "Normalized Income": NaN,
        "Net Income From Continuing And Discontinued Operation": NaN,
        "Total Expenses": NaN,
        "Total Operating Income As Reported": NaN,
        "Diluted Average Shares": NaN,
        "Basic Average Shares": NaN,
        "Diluted EPS": NaN,
        "Basic EPS": NaN,
        "Diluted NI Availto Com Stockholders": NaN,
        "Net Income Common Stockholders": NaN,
        "Net Income": NaN,
        "Minority Interests": NaN,
        "Net Income Including Noncontrolling Interests": NaN,
        "Net Income Discontinuous Operations": NaN,
        "Net Income Continuous Operations": NaN,
        "Tax Provision": NaN,
        "Pretax Income": NaN,
        "Other Income Expense": NaN,
        "Other Non Operating Income Expenses": NaN,
        "Special Income Charges": -38000000.0,
        "Gain On Sale Of Business": 0.0,
        "Other Special Charges": 1000000.0,
        "Restructuring And Mergern Acquisition": NaN,
        "Gain On Sale Of Security": -72000000.0,
        "Net Non Operating Interest Income Expense": NaN,
        "Interest Expense Non Operating": NaN,
        "Interest Income Non Operating": 9000000.0,
        "Operating Income": NaN,
        "Operating Expense": NaN,
        "Other Operating Expenses": NaN,
        "Research And Development": NaN,
        "Selling General And Administration": NaN,
        "Gross Profit": NaN,
        "Cost Of Revenue": NaN,
        "Total Revenue": NaN,
        "Operating Revenue": NaN
    },
    "2024-03-31": {
        "Tax Effect Of Unusual Items": 3624277.456647,
        "Tax Rate For Calcs": 0.32948,
        "Normalized EBITDA": 314000000.0,
        "Total Unusual Items": 11000000.0,
        "Total Unusual Items Excluding Goodwill": 11000000.0,
        "Net Income From Continuing Operation Net Minority Interest": 69000000.0,
        "Reconciled Depreciation": 99000000.0,
        "Reconciled Cost Of Revenue": 330000000.0,
        "EBITDA": 325000000.0,
        "EBIT": 226000000.0,
        "Net Interest Income": -53000000.0,
        "Interest Expense": 53000000.0,
        "Interest Income": 6000000.0,
        "Normalized Income": 61624277.456647,
        "Net Income From Continuing And Discontinued Operation": 82000000.0,
        "Total Expenses": 443000000.0,
        "Total Operating Income As Reported": 219000000.0,
        "Diluted Average Shares": 203000000.0,
        "Basic Average Shares": 200000000.0,
        "Diluted EPS": 0.4,
        "Basic EPS": 0.41,
        "Diluted NI Availto Com Stockholders": 82000000.0,
        "Net Income Common Stockholders": 82000000.0,
        "Net Income": 82000000.0,
        "Minority Interests": -47000000.0,
        "Net Income Including Noncontrolling Interests": 129000000.0,
        "Net Income Discontinuous Operations": 13000000.0,
        "Net Income Continuous Operations": 116000000.0,
        "Tax Provision": 57000000.0,
        "Pretax Income": 173000000.0,
        "Other Income Expense": 7000000.0,
        "Other Non Operating Income Expenses": -4000000.0,
        "Special Income Charges": -18000000.0,
        "Gain On Sale Of Business": NaN,
        "Other Special Charges": NaN,
        "Restructuring And Mergern Acquisition": 18000000.0,
        "Gain On Sale Of Security": 11000000.0,
        "Net Non Operating Interest Income Expense": -53000000.0,
        "Interest Expense Non Operating": 53000000.0,
        "Interest Income Non Operating": 6000000.0,
        "Operating Income": 218000000.0,
        "Operating Expense": 113000000.0,
        "Other Operating Expenses": NaN,
        "Research And Development": 11000000.0,
        "Selling General And Administration": 102000000.0,
        "Gross Profit": 331000000.0,
        "Cost Of Revenue": 330000000.0,
        "Total Revenue": 661000000.0,
        "Operating Revenue": 661000000.0
    },
    "2024-06-30": {
        "Tax Effect Of Unusual Items": -5460000.0,
        "Tax Rate For Calcs": 0.21,
        "Normalized EBITDA": 516000000.0,
        "Total Unusual Items": -26000000.0,
        "Total Unusual Items Excluding Goodwill": -26000000.0,
        "Net Income From Continuing Operation Net Minority Interest": 42000000.0,
        "Reconciled Depreciation": 256000000.0,
        "Reconciled Cost Of Revenue": 541000000.0,
        "EBITDA": 490000000.0,
        "EBIT": 234000000.0,
        "Net Interest Income": -73000000.0,
        "Interest Expense": 78000000.0,
        "Interest Income": 5000000.0,
        "Normalized Income": 62540000.0,
        "Net Income From Continuing And Discontinued Operation": 42000000.0,
        "Total Expenses": 793000000.0,
        "Total Operating Income As Reported": 230000000.0,
        "Diluted Average Shares": 203000000.0,
        "Basic Average Shares": 201000000.0,
        "Diluted EPS": 0.2,
        "Basic EPS": 0.21,
        "Diluted NI Availto Com Stockholders": 42000000.0,
        "Net Income Common Stockholders": 42000000.0,
        "Net Income": 42000000.0,
        "Minority Interests": -43000000.0,
        "Net Income Including Noncontrolling Interests": 85000000.0,
        "Net Income Discontinuous Operations": NaN,
        "Net Income Continuous Operations": 85000000.0,
        "Tax Provision": 71000000.0,
        "Pretax Income": 156000000.0,
        "Other Income Expense": -27000000.0,
        "Other Non Operating Income Expenses": -1000000.0,
        "Special Income Charges": -26000000.0,
        "Gain On Sale Of Business": NaN,
        "Other Special Charges": NaN,
        "Restructuring And Mergern Acquisition": 26000000.0,
        "Gain On Sale Of Security": NaN,
        "Net Non Operating Interest Income Expense": -73000000.0,
        "Interest Expense Non Operating": 78000000.0,
        "Interest Income Non Operating": 5000000.0,
        "Operating Income": 257000000.0,
        "Operating Expense": 252000000.0,
        "Other Operating Expenses": NaN,
        "Research And Development": 53000000.0,
        "Selling General And Administration": 199000000.0,
        "Gross Profit": 509000000.0,
        "Cost Of Revenue": 541000000.0,
        "Total Revenue": 1050000000.0,
        "Operating Revenue": 1050000000.0
    },
    "2024-09-30": {
        "Tax Effect Of Unusual Items": -16170000.0,
        "Tax Rate For Calcs": 0.21,
        "Normalized EBITDA": 148000000.0,
        "Total Unusual Items": -77000000.0,
        "Total Unusual Items Excluding Goodwill": -77000000.0,
        "Net Income From Continuing Operation Net Minority Interest": -81000000.0,
        "Reconciled Depreciation": -54000000.0,
        "Reconciled Cost Of Revenue": 324000000.0,
        "EBITDA": 71000000.0,
        "EBIT": 71000000.0,
        "Net Interest Income": -54000000.0,
        "Interest Expense": 56000000.0,
        "Interest Income": 2000000.0,
        "Normalized Income": -20170000.0,
        "Net Income From Continuing And Discontinued Operation": 7000000.0,
        "Total Expenses": 439000000.0,
        "Total Operating Income As Reported": 110000000.0,
        "Diluted Average Shares": 202000000.0,
        "Basic Average Shares": 202000000.0,
        "Diluted EPS": 0.04,
        "Basic EPS": 0.04,
        "Diluted NI Availto Com Stockholders": 7000000.0,
        "Net Income Common Stockholders": 7000000.0,
        "Net Income": 7000000.0,
        "Minority Interests": -35000000.0,
        "Net Income Including Noncontrolling Interests": 42000000.0,
        "Net Income Discontinuous Operations": 88000000.0,
        "Net Income Continuous Operations": -46000000.0,
        "Tax Provision": 61000000.0,
        "Pretax Income": 15000000.0,
        "Other Income Expense": -79000000.0,
        "Other Non Operating Income Expenses": -2000000.0,
        "Special Income Charges": -38000000.0,
        "Gain On Sale Of Business": NaN,
        "Other Special Charges": NaN,
        "Restructuring And Mergern Acquisition": 38000000.0,
        "Gain On Sale Of Security": -39000000.0,
        "Net Non Operating Interest Income Expense": -54000000.0,
        "Interest Expense Non Operating": 56000000.0,
        "Interest Income Non Operating": 2000000.0,
        "Operating Income": 147000000.0,
        "Operating Expense": 115000000.0,
        "Other Operating Expenses": 2000000.0,
        "Research And Development": 12000000.0,
        "Selling General And Administration": 101000000.0,
        "Gross Profit": 262000000.0,
        "Cost Of Revenue": 324000000.0,
        "Total Revenue": 586000000.0,
        "Operating Revenue": 586000000.0
    },
    "2024-12-31": {
        "Tax Effect Of Unusual Items": 15750000.0,
        "Tax Rate For Calcs": 0.21,
        "Normalized EBITDA": 280000000.0,
        "Total Unusual Items": 75000000.0,
        "Total Unusual Items Excluding Goodwill": 75000000.0,
        "Net Income From Continuing Operation Net Minority Interest": 81000000.0,
        "Reconciled Depreciation": 101000000.0,
        "Reconciled Cost Of Revenue": 366000000.0,
        "EBITDA": 355000000.0,
        "EBIT": 254000000.0,
        "Net Interest Income": -46000000.0,
        "Interest Expense": 48000000.0,
        "Interest Income": 2000000.0,
        "Normalized Income": 21750000.0,
        "Net Income From Continuing And Discontinued Operation": 218000000.0,
        "Total Expenses": 472000000.0,
        "Total Operating Income As Reported": 179000000.0,
        "Diluted Average Shares": 204000000.0,
        "Basic Average Shares": 202000000.0,
        "Diluted EPS": 1.07,
        "Basic EPS": 1.08,
        "Diluted NI Availto Com Stockholders": 218000000.0,
        "Net Income Common Stockholders": 218000000.0,
        "Net Income": 218000000.0,
        "Minority Interests": -35000000.0,
        "Net Income Including Noncontrolling Interests": 254000000.0,
        "Net Income Discontinuous Operations": 137000000.0,
        "Net Income Continuous Operations": 117000000.0,
        "Tax Provision": 89000000.0,
        "Pretax Income": 206000000.0,
        "Other Income Expense": 73000000.0,
        "Other Non Operating Income Expenses": -2000000.0,
        "Special Income Charges": 0.0,
        "Gain On Sale Of Business": NaN,
        "Other Special Charges": NaN,
        "Restructuring And Mergern Acquisition": 0.0,
        "Gain On Sale Of Security": 75000000.0,
        "Net Non Operating Interest Income Expense": -46000000.0,
        "Interest Expense Non Operating": 48000000.0,
        "Interest Income Non Operating": 2000000.0,
        "Operating Income": 180000000.0,
        "Operating Expense": 106000000.0,
        "Other Operating Expenses": 2000000.0,
        "Research And Development": 11000000.0,
        "Selling General And Administration": 93000000.0,
        "Gross Profit": 286000000.0,
        "Cost Of Revenue": 366000000.0,
        "Total Revenue": 652000000.0,
        "Operating Revenue": 652000000.0
    },
    "2025-03-31": {
        "Tax Effect Of Unusual Items": -6930000.0,
        "Tax Rate For Calcs": 0.21,
        "Normalized EBITDA": 237000000.0,
        "Total Unusual Items": -33000000.0,
        "Total Unusual Items Excluding Goodwill": -33000000.0,
        "Net Income From Continuing Operation Net Minority Interest": -25000000.0,
        "Reconciled Depreciation": 102000000.0,
        "Reconciled Cost Of Revenue": 327000000.0,
        "EBITDA": 204000000.0,
        "EBIT": 102000000.0,
        "Net Interest Income": -46000000.0,
        "Interest Expense": 46000000.0,
        "Interest Income": NaN,
        "Normalized Income": 1070000.0,
        "Net Income From Continuing And Discontinued Operation": 27000000.0,
        "Total Expenses": 445000000.0,
        "Total Operating Income As Reported": 138000000.0,
        "Diluted Average Shares": 202000000.0,
        "Basic Average Shares": 202000000.0,
        "Diluted EPS": 0.13,
        "Basic EPS": 0.13,
        "Diluted NI Availto Com Stockholders": 27000000.0,
        "Net Income Common Stockholders": 27000000.0,
        "Net Income": 27000000.0,
        "Minority Interests": -33000000.0,
        "Net Income Including Noncontrolling Interests": 60000000.0,
        "Net Income Discontinuous Operations": 52000000.0,
        "Net Income Continuous Operations": 8000000.0,
        "Tax Provision": 48000000.0,
        "Pretax Income": 56000000.0,
        "Other Income Expense": -37000000.0,
        "Other Non Operating Income Expenses": -4000000.0,
        "Special Income Charges": NaN,
        "Gain On Sale Of Business": NaN,
        "Other Special Charges": NaN,
        "Restructuring And Mergern Acquisition": NaN,
        "Gain On Sale Of Security": -33000000.0,
        "Net Non Operating Interest Income Expense": -46000000.0,
        "Interest Expense Non Operating": 46000000.0,
        "Interest Income Non Operating": NaN,
        "Operating Income": 138000000.0,
        "Operating Expense": 118000000.0,
        "Other Operating Expenses": 3000000.0,
        "Research And Development": 11000000.0,
        "Selling General And Administration": 104000000.0,
        "Gross Profit": 256000000.0,
        "Cost Of Revenue": 327000000.0,
        "Total Revenue": 583000000.0,
        "Operating Revenue": 583000000.0
    }
}