{
    "2023-03-31": {
        "Tax Effect Of Unusual Items": NaN,
        "Tax Rate For Calcs": NaN,
        "Normalized EBITDA": NaN,
        "Total Unusual Items": NaN,
        "Total Unusual Items Excluding Goodwill": NaN,
        "Net Income From Continuing Operation Net Minority Interest": NaN,
        "Reconciled Depreciation": NaN,
        "Reconciled Cost Of Revenue": NaN,
        "EBITDA": NaN,
        "EBIT": NaN,
        "Net Interest Income": NaN,
        "Interest Expense": NaN,
        "Normalized Income": NaN,
        "Net Income From Continuing And Discontinued Operation": NaN,
        "Total Expenses": NaN,
        "Total Operating Income As Reported": NaN,
        "Diluted Average Shares": NaN,
        "Basic Average Shares": NaN,
        "Diluted EPS": NaN,
        "Basic EPS": NaN,
        "Diluted NI Availto Com Stockholders": NaN,
        "Net Income Common Stockholders": NaN,
        "Net Income": NaN,
        "Minority Interests": NaN,
        "Net Income Including Noncontrolling Interests": NaN,
        "Net Income Continuous Operations": NaN,
        "Tax Provision": NaN,
        "Pretax Income": NaN,
        "Other Income Expense": NaN,
        "Other Non Operating Income Expenses": NaN,
        "Special Income Charges": NaN,
        "Other Special Charges": -4625000.0,
        "Impairment Of Capital Assets": NaN,
        "Earnings From Equity Interest": NaN,
        "Gain On Sale Of Security": NaN,
        "Net Non Operating Interest Income Expense": NaN,
        "Interest Expense Non Operating": NaN,
        "Operating Income": NaN,
        "Operating Expense": NaN,
        "Other Operating Expenses": NaN,
        "Depreciation Amortization Depletion Income Statement": NaN,
        "Depreciation And Amortization In Income Statement": NaN,
        "Selling General And Administration": NaN,
        "General And Administrative Expense": 402801000.0,
        "Other Gand A": 402801000.0,
        "Gross Profit": NaN,
        "Cost Of Revenue": NaN,
        "Total Revenue": NaN,
        "Operating Revenue": NaN
    },
    "2022-12-31": {
        "Tax Effect Of Unusual Items": NaN,
        "Tax Rate For Calcs": NaN,
        "Normalized EBITDA": NaN,
        "Total Unusual Items": NaN,
        "Total Unusual Items Excluding Goodwill": NaN,
        "Net Income From Continuing Operation Net Minority Interest": NaN,
        "Reconciled Depreciation": NaN,
        "Reconciled Cost Of Revenue": NaN,
        "EBITDA": NaN,
        "EBIT": NaN,
        "Net Interest Income": NaN,
        "Interest Expense": NaN,
        "Normalized Income": NaN,
        "Net Income From Continuing And Discontinued Operation": NaN,
        "Total Expenses": NaN,
        "Total Operating Income As Reported": NaN,
        "Diluted Average Shares": NaN,
        "Basic Average Shares": NaN,
        "Diluted EPS": NaN,
        "Basic EPS": NaN,
        "Diluted NI Availto Com Stockholders": NaN,
        "Net Income Common Stockholders": NaN,
        "Net Income": NaN,
        "Minority Interests": NaN,
        "Net Income Including Noncontrolling Interests": NaN,
        "Net Income Continuous Operations": NaN,
        "Tax Provision": NaN,
        "Pretax Income": NaN,
        "Other Income Expense": NaN,
        "Other Non Operating Income Expenses": NaN,
        "Special Income Charges": NaN,
        "Other Special Charges": -15119000.0,
        "Impairment Of Capital Assets": NaN,
        "Earnings From Equity Interest": NaN,
        "Gain On Sale Of Security": NaN,
        "Net Non Operating Interest Income Expense": NaN,
        "Interest Expense Non Operating": NaN,
        "Operating Income": NaN,
        "Operating Expense": NaN,
        "Other Operating Expenses": NaN,
        "Depreciation Amortization Depletion Income Statement": NaN,
        "Depreciation And Amortization In Income Statement": NaN,
        "Selling General And Administration": NaN,
        "General And Administrative Expense": NaN,
        "Other Gand A": NaN,
        "Gross Profit": NaN,
        "Cost Of Revenue": NaN,
        "Total Revenue": NaN,
        "Operating Revenue": NaN
    },
    "2022-09-30": {
        "Tax Effect Of Unusual Items": NaN,
        "Tax Rate For Calcs": NaN,
        "Normalized EBITDA": NaN,
        "Total Unusual Items": NaN,
        "Total Unusual Items Excluding Goodwill": NaN,
        "Net Income From Continuing Operation Net Minority Interest": NaN,
        "Reconciled Depreciation": NaN,
        "Reconciled Cost Of Revenue": NaN,
        "EBITDA": NaN,
        "EBIT": NaN,
        "Net Interest Income": NaN,
        "Interest Expense": 87890000.0,
        "Normalized Income": NaN,
        "Net Income From Continuing And Discontinued Operation": NaN,
        "Total Expenses": NaN,
        "Total Operating Income As Reported": NaN,
        "Diluted Average Shares": NaN,
        "Basic Average Shares": NaN,
        "Diluted EPS": NaN,
        "Basic EPS": NaN,
        "Diluted NI Availto Com Stockholders": NaN,
        "Net Income Common Stockholders": NaN,
        "Net Income": NaN,
        "Minority Interests": NaN,
        "Net Income Including Noncontrolling Interests": NaN,
        "Net Income Continuous Operations": NaN,
        "Tax Provision": NaN,
        "Pretax Income": NaN,
        "Other Income Expense": NaN,
        "Other Non Operating Income Expenses": NaN,
        "Special Income Charges": NaN,
        "Other Special Charges": NaN,
        "Impairment Of Capital Assets": NaN,
        "Earnings From Equity Interest": NaN,
        "Gain On Sale Of Security": NaN,
        "Net Non Operating Interest Income Expense": NaN,
        "Interest Expense Non Operating": 87890000.0,
        "Operating Income": NaN,
        "Operating Expense": NaN,
        "Other Operating Expenses": NaN,
        "Depreciation Amortization Depletion Income Statement": NaN,
        "Depreciation And Amortization In Income Statement": NaN,
        "Selling General And Administration": NaN,
        "General And Administrative Expense": NaN,
        "Other Gand A": NaN,
        "Gross Profit": NaN,
        "Cost Of Revenue": NaN,
        "Total Revenue": NaN,
        "Operating Revenue": NaN
    },
    "2022-06-30": {
        "Tax Effect Of Unusual Items": 1842540.0,
        "Tax Rate For Calcs": 0.105,
        "Normalized EBITDA": 191698000.0,
        "Total Unusual Items": 17548000.0,
        "Total Unusual Items Excluding Goodwill": 17548000.0,
        "Net Income From Continuing Operation Net Minority Interest": 14401000.0,
        "Reconciled Depreciation": 110788000.0,
        "Reconciled Cost Of Revenue": 365382000.0,
        "EBITDA": 209246000.0,
        "EBIT": 98458000.0,
        "Net Interest Income": -81494000.0,
        "Interest Expense": 81494000.0,
        "Normalized Income": -1304460.0,
        "Net Income From Continuing And Discontinued Operation": 14401000.0,
        "Total Expenses": 870891000.0,
        "Total Operating Income As Reported": 82869000.0,
        "Diluted Average Shares": 149131000.0,
        "Basic Average Shares": 148050000.0,
        "Diluted EPS": 0.1,
        "Basic EPS": 0.1,
        "Diluted NI Availto Com Stockholders": 14401000.0,
        "Net Income Common Stockholders": 14401000.0,
        "Net Income": 14401000.0,
        "Minority Interests": -781000.0,
        "Net Income Including Noncontrolling Interests": 15182000.0,
        "Net Income Continuous Operations": 15182000.0,
        "Tax Provision": 1782000.0,
        "Pretax Income": 16964000.0,
        "Other Income Expense": 15344000.0,
        "Other Non Operating Income Expenses": -2175000.0,
        "Special Income Charges": 7958000.0,
        "Other Special Charges": -8203000.0,
        "Impairment Of Capital Assets": 245000.0,
        "Earnings From Equity Interest": -29000.0,
        "Gain On Sale Of Security": 9590000.0,
        "Net Non Operating Interest Income Expense": -81494000.0,
        "Total Other Finance Cost": NaN,
        "Interest Expense Non Operating": 81494000.0,
        "Operating Income": 83114000.0,
        "Operating Expense": 505509000.0,
        "Other Operating Expenses": 15664000.0,
        "Depreciation Amortization Depletion Income Statement": 110788000.0,
        "Depreciation And Amortization In Income Statement": 110788000.0,
        "Selling General And Administration": 379057000.0,
        "General And Administrative Expense": NaN,
        "Other Gand A": NaN,
        "Gross Profit": 588623000.0,
        "Cost Of Revenue": 365382000.0,
        "Total Revenue": 954005000.0,
        "Operating Revenue": 954005000.0
    },
    "2022-03-31": {
        "Diluted EPS": -0.33,
        "Total Revenue": 843,
        "Gross Profit": 513,
        "Operating Income": 12,
        "EBIT": 128,
        "Net Income": -49
    },
    "2021-12-31": {
        "Diluted EPS": 0.76,
        "Total Revenue": NaN,
        "Gross Profit": 676,
        "Operating Income": 123,
        "EBIT": 250,
        "Net Income": 112
    },
    "2021-09-30": {
        "Diluted EPS": 0.02,
        "Total Revenue": 928,
        "Gross Profit": 602,
        "Operating Income": 80,
        "EBIT": 190,
        "Net Income": 3
    },
    "2021-06-30": {
        "Diluted EPS": -0.22,
        "Total Revenue": 862,
        "Gross Profit": 541,
        "Operating Income": 28,
        "EBIT": 158,
        "Net Income": -32
    },
    "2021-03-31": {
        "Diluted EPS": -1.65,
        "Total Revenue": 707,
        "Gross Profit": 414,
        "Operating Income": -76,
        "EBIT": 33,
        "Net Income": -242
    },
    "2020-12-31": {
        "Diluted EPS": 0.05,
        "Total Revenue": 936,
        "Gross Profit": 607,
        "Operating Income": 113,
        "EBIT": 218,
        "Net Income": 3
    },
    "2020-09-30": {
        "Diluted EPS": -0.22,
        "Total Revenue": 744,
        "Gross Profit": 474,
        "Operating Income": 39,
        "EBIT": 141,
        "Net Income": -32
    },
    "2020-06-30": {
        "Diluted EPS": -1.35,
        "Total Revenue": 488,
        "Gross Profit": 244,
        "Operating Income": -159,
        "EBIT": -55,
        "Net Income": -197
    },
    "2020-03-31": {
        "Diluted EPS": -11.6,
        "Total Revenue": 781,
        "Gross Profit": 487,
        "Operating Income": NaN,
        "EBIT": NaN,
        "Net Income": NaN
    },
    "2019-12-31": {
        "Diluted EPS": 0.71,
        "Total Revenue": NaN,
        "Gross Profit": 692,
        "Operating Income": 165,
        "EBIT": 261,
        "Net Income": 61
    },
    "2019-09-30": {
        "Diluted EPS": 0.08,
        "Total Revenue": 948,
        "Gross Profit": 632,
        "Operating Income": 141,
        "EBIT": 237,
        "Net Income": 12
    },
    "2019-06-30": {
        "Diluted EPS": 78.03,
        "Total Revenue": 913,
        "Gross Profit": 616,
        "Operating Income": 182,
        "EBIT": 256,
        "Net Income": NaN
    },
    "2019-03-31": {
        "Diluted EPS": -1.34,
        "Total Revenue": 796,
        "Gross Profit": 513,
        "Operating Income": 19,
        "EBIT": 58,
        "Net Income": -114
    },
    "2018-12-31": {
        "Diluted EPS": 2.53,
        "Total Revenue": 429,
        "Gross Profit": 432,
        "Operating Income": 261,
        "EBIT": 298,
        "Net Income": 215
    },
    "2018-09-30": {
        "Diluted EPS": 0.82,
        "Total Revenue": 920,
        "Gross Profit": 652,
        "Operating Income": 187,
        "EBIT": 230,
        "Net Income": 70
    },
    "2018-06-30": {
        "Diluted EPS": -0.82,
        "Total Revenue": 892,
        "Gross Profit": 628,
        "Operating Income": 181,
        "EBIT": 160,
        "Net Income": -70
    },
    "2018-03-31": {
        "Diluted EPS": -4.89,
        "Total Revenue": NaN,
        "Gross Profit": 767,
        "Operating Income": 61,
        "EBIT": 226,
        "Net Income": -417
    },
    "2017-12-31": {
        "Diluted EPS": 4.92,
        "Total Revenue": -870,
        "Gross Profit": -117,
        "Operating Income": 53,
        "EBIT": -111,
        "Net Income": 417
    },
    "2017-09-30": {
        "Diluted EPS": -2.94,
        "Total Revenue": NaN,
        "Gross Profit": 913,
        "Operating Income": 226,
        "EBIT": 390,
        "Net Income": -250
    },
    "2017-06-30": {
        "Diluted EPS": -2.08,
        "Total Revenue": NaN,
        "Gross Profit": 973,
        "Operating Income": 308,
        "EBIT": 470,
        "Net Income": -176
    },
    "2017-03-31": {
        "Diluted EPS": -4.58,
        "Total Revenue": NaN,
        "Gross Profit": 758,
        "Operating Income": 114,
        "EBIT": 274,
        "Net Income": -388
    },
    "2016-12-31": {
        "Diluted EPS": 1.19,
        "Total Revenue": NaN,
        "Gross Profit": NaN,
        "Operating Income": 526,
        "EBIT": 704,
        "Net Income": 100
    },
    "2016-09-30": {
        "Diluted EPS": -0.41,
        "Total Revenue": NaN,
        "Gross Profit": 975,
        "Operating Income": 299,
        "EBIT": 475,
        "Net Income": -35
    },
    "2016-06-30": {
        "Diluted EPS": -3.3,
        "Total Revenue": NaN,
        "Gross Profit": NaN,
        "Operating Income": 253,
        "EBIT": 432,
        "Net Income": -279
    },
    "2016-03-31": {
        "Diluted EPS": -1.05,
        "Total Revenue": NaN,
        "Gross Profit": 795,
        "Operating Income": 421,
        "EBIT": 593,
        "Net Income": -88
    },
    "2015-12-31": {
        "Diluted EPS": -1.1,
        "Total Revenue": NaN,
        "Gross Profit": NaN,
        "Operating Income": 377,
        "EBIT": 562,
        "Net Income": -93
    },
    "2015-09-30": {
        "Diluted EPS": -2.63,
        "Total Revenue": NaN,
        "Gross Profit": 952,
        "Operating Income": 267,
        "EBIT": 449,
        "Net Income": -222
    },
    "2015-06-30": {
        "Diluted EPS": -0.65,
        "Total Revenue": NaN,
        "Gross Profit": 985,
        "Operating Income": 412,
        "EBIT": 596,
        "Net Income": -54
    },
    "2015-03-31": {
        "Diluted EPS": -4.58,
        "Total Revenue": NaN,
        "Gross Profit": 767,
        "Operating Income": 93,
        "EBIT": 279,
        "Net Income": -385
    },
    "2014-12-31": {
        "Diluted EPS": -0.81,
        "Total Revenue": NaN,
        "Gross Profit": NaN,
        "Operating Income": 348,
        "EBIT": 549,
        "Net Income": -68
    },
    "2014-09-30": {
        "Diluted EPS": -1.37,
        "Total Revenue": NaN,
        "Gross Profit": 982,
        "Operating Income": 347,
        "EBIT": 540,
        "Net Income": -115
    },
    "2014-06-30": {
        "Diluted EPS": -2.22,
        "Total Revenue": NaN,
        "Gross Profit": 985,
        "Operating Income": 304,
        "EBIT": 504,
        "Net Income": -187
    },
    "2014-03-31": {
        "Diluted EPS": -5.06,
        "Total Revenue": NaN,
        "Gross Profit": 745,
        "Operating Income": 83,
        "EBIT": 289,
        "Net Income": -424
    },
    "2013-12-31": {
        "Diluted EPS": -3.71,
        "Total Revenue": NaN,
        "Gross Profit": NaN,
        "Operating Income": 333,
        "EBIT": 555,
        "Net Income": -312
    },
    "2013-09-30": {
        "Diluted EPS": -1.22,
        "Total Revenue": NaN,
        "Gross Profit": 939,
        "Operating Income": 267,
        "EBIT": 475,
        "Net Income": -102
    },
    "2013-06-30": {
        "Diluted EPS": 0.09,
        "Total Revenue": NaN,
        "Gross Profit": 988,
        "Operating Income": 320,
        "EBIT": 531,
        "Net Income": 7
    },
    "2013-03-31": {
        "Diluted EPS": -2.47,
        "Total Revenue": NaN,
        "Gross Profit": 748,
        "Operating Income": 81,
        "EBIT": 295,
        "Net Income": -203
    },
    "2012-12-31": {
        "Diluted EPS": -2.31,
        "Total Revenue": NaN,
        "Gross Profit": NaN,
        "Operating Income": 311,
        "EBIT": 540,
        "Net Income": -191
    },
    "2012-09-30": {
        "Diluted EPS": -0.61,
        "Total Revenue": NaN,
        "Gross Profit": 970,
        "Operating Income": 332,
        "EBIT": 554,
        "Net Income": -51
    },
    "2012-06-30": {
        "Diluted EPS": -0.48,
        "Total Revenue": NaN,
        "Gross Profit": 998,
        "Operating Income": 346,
        "EBIT": 567,
        "Net Income": -39
    },
    "2012-03-31": {
        "Diluted EPS": -1.83,
        "Total Revenue": NaN,
        "Gross Profit": 746,
        "Operating Income": 81,
        "EBIT": 302,
        "Net Income": -144
    },
    "2011-12-31": {
        "Diluted EPS": -0.52,
        "Total Revenue": NaN,
        "Gross Profit": NaN,
        "Operating Income": 330,
        "EBIT": 567,
        "Net Income": -43
    },
    "2011-09-30": {
        "Diluted EPS": -0.91,
        "Total Revenue": NaN,
        "Gross Profit": 929,
        "Operating Income": 269,
        "EBIT": 510,
        "Net Income": -74
    },
    "2011-06-30": {
        "Diluted EPS": -0.65,
        "Total Revenue": NaN,
        "Gross Profit": 974,
        "Operating Income": 311,
        "EBIT": 544,
        "Net Income": -53
    },
    "2011-03-31": {
        "Diluted EPS": -1.62,
        "Total Revenue": NaN,
        "Gross Profit": 737,
        "Operating Income": 145,
        "EBIT": 385,
        "Net Income": -132
    },
    "2010-12-31": {
        "Diluted EPS": -0.8,
        "Total Revenue": NaN,
        "Gross Profit": NaN,
        "Operating Income": 301,
        "EBIT": 539,
        "Net Income": -69
    },
    "2010-09-30": {
        "Diluted EPS": -1.91,
        "Total Revenue": NaN,
        "Gross Profit": 898,
        "Operating Income": 221,
        "EBIT": 460,
        "Net Income": -155
    },
    "2010-06-30": {
        "Diluted EPS": -1.06,
        "Total Revenue": NaN,
        "Gross Profit": 889,
        "Operating Income": 267,
        "EBIT": 505,
        "Net Income": -86
    },
    "2010-03-31": {
        "Diluted EPS": -2.17,
        "Total Revenue": NaN,
        "Gross Profit": 666,
        "Operating Income": 75,
        "EBIT": 309,
        "Net Income": -175
    },
    "2009-12-31": {
        "Diluted EPS": 1.79,
        "Total Revenue": NaN,
        "Gross Profit": 871,
        "Operating Income": 62,
        "EBIT": 306,
        "Net Income": 147
    },
    "2009-09-30": {
        "Diluted EPS": -1.12,
        "Total Revenue": NaN,
        "Gross Profit": 761,
        "Operating Income": 156,
        "EBIT": 402,
        "Net Income": -90
    },
    "2009-06-30": {
        "Diluted EPS": -45.23,
        "Total Revenue": NaN,
        "Gross Profit": 801,
        "Operating Income": NaN,
        "EBIT": NaN,
        "Net Income": NaN
    },
    "2009-03-31": {
        "Diluted EPS": -5.15,
        "Total Revenue": NaN,
        "Gross Profit": 590,
        "Operating Income": -14,
        "EBIT": 223,
        "Net Income": -418
    },
    "2023-06-30": {
        "Tax Effect Of Unusual Items": NaN,
        "Tax Rate For Calcs": NaN,
        "Normalized EBITDA": NaN,
        "Total Unusual Items": NaN,
        "Total Unusual Items Excluding Goodwill": NaN,
        "Net Income From Continuing Operation Net Minority Interest": NaN,
        "Reconciled Depreciation": NaN,
        "Reconciled Cost Of Revenue": NaN,
        "EBITDA": NaN,
        "EBIT": NaN,
        "Net Interest Income": NaN,
        "Interest Expense": NaN,
        "Normalized Income": NaN,
        "Net Income From Continuing And Discontinued Operation": NaN,
        "Total Expenses": NaN,
        "Total Operating Income As Reported": NaN,
        "Diluted Average Shares": NaN,
        "Basic Average Shares": NaN,
        "Diluted EPS": NaN,
        "Basic EPS": NaN,
        "Diluted NI Availto Com Stockholders": NaN,
        "Net Income Common Stockholders": NaN,
        "Net Income": NaN,
        "Minority Interests": NaN,
        "Net Income Including Noncontrolling Interests": NaN,
        "Net Income Continuous Operations": NaN,
        "Tax Provision": NaN,
        "Pretax Income": NaN,
        "Other Income Expense": NaN,
        "Other Non Operating Income Expenses": NaN,
        "Special Income Charges": NaN,
        "Other Special Charges": -22902000.0,
        "Impairment Of Capital Assets": NaN,
        "Earnings From Equity Interest": NaN,
        "Gain On Sale Of Security": NaN,
        "Net Non Operating Interest Income Expense": NaN,
        "Interest Expense Non Operating": NaN,
        "Operating Income": NaN,
        "Operating Expense": NaN,
        "Other Operating Expenses": NaN,
        "Depreciation Amortization Depletion Income Statement": NaN,
        "Depreciation And Amortization In Income Statement": NaN,
        "Selling General And Administration": NaN,
        "General And Administrative Expense": NaN,
        "Other Gand A": NaN,
        "Gross Profit": NaN,
        "Cost Of Revenue": NaN,
        "Total Revenue": NaN,
        "Operating Revenue": NaN
    },
    "2023-09-30": {
        "Tax Effect Of Unusual Items": NaN,
        "Tax Rate For Calcs": NaN,
        "Normalized EBITDA": NaN,
        "Total Unusual Items": NaN,
        "Total Unusual Items Excluding Goodwill": NaN,
        "Net Income From Continuing Operation Net Minority Interest": NaN,
        "Reconciled Depreciation": NaN,
        "Reconciled Cost Of Revenue": NaN,
        "EBITDA": NaN,
        "EBIT": NaN,
        "Net Interest Income": NaN,
        "Interest Expense": NaN,
        "Normalized Income": NaN,
        "Net Income From Continuing And Discontinued Operation": NaN,
        "Total Expenses": NaN,
        "Total Operating Income As Reported": NaN,
        "Diluted Average Shares": NaN,
        "Basic Average Shares": NaN,
        "Diluted EPS": NaN,
        "Basic EPS": NaN,
        "Diluted NI Availto Com Stockholders": NaN,
        "Net Income Common Stockholders": NaN,
        "Net Income": NaN,
        "Minority Interests": NaN,
        "Net Income Including Noncontrolling Interests": NaN,
        "Net Income Continuous Operations": NaN,
        "Tax Provision": NaN,
        "Pretax Income": NaN,
        "Other Income Expense": NaN,
        "Other Non Operating Income Expenses": NaN,
        "Special Income Charges": NaN,
        "Other Special Charges": -23947000.0,
        "Impairment Of Capital Assets": NaN,
        "Earnings From Equity Interest": NaN,
        "Gain On Sale Of Security": NaN,
        "Net Non Operating Interest Income Expense": NaN,
        "Interest Expense Non Operating": NaN,
        "Operating Income": NaN,
        "Operating Expense": NaN,
        "Other Operating Expenses": NaN,
        "Depreciation Amortization Depletion Income Statement": NaN,
        "Depreciation And Amortization In Income Statement": NaN,
        "Selling General And Administration": NaN,
        "General And Administrative Expense": NaN,
        "Other Gand A": NaN,
        "Gross Profit": NaN,
        "Cost Of Revenue": NaN,
        "Total Revenue": NaN,
        "Operating Revenue": NaN
    },
    "2023-12-31": {
        "Tax Effect Of Unusual Items": NaN,
        "Tax Rate For Calcs": NaN,
        "Normalized EBITDA": NaN,
        "Total Unusual Items": NaN,
        "Total Unusual Items Excluding Goodwill": NaN,
        "Net Income From Continuing Operation Net Minority Interest": NaN,
        "Reconciled Depreciation": NaN,
        "Reconciled Cost Of Revenue": NaN,
        "EBITDA": NaN,
        "EBIT": NaN,
        "Net Interest Income": NaN,
        "Interest Expense": NaN,
        "Normalized Income": NaN,
        "Net Income From Continuing And Discontinued Operation": NaN,
        "Total Expenses": NaN,
        "Total Operating Income As Reported": NaN,
        "Diluted Average Shares": NaN,
        "Basic Average Shares": NaN,
        "Diluted EPS": NaN,
        "Basic EPS": NaN,
        "Diluted NI Availto Com Stockholders": NaN,
        "Net Income Common Stockholders": NaN,
        "Net Income": NaN,
        "Minority Interests": NaN,
        "Net Income Including Noncontrolling Interests": NaN,
        "Net Income Continuous Operations": NaN,
        "Tax Provision": NaN,
        "Pretax Income": NaN,
        "Other Income Expense": NaN,
        "Other Non Operating Income Expenses": NaN,
        "Special Income Charges": NaN,
        "Other Special Charges": -5250000.0,
        "Impairment Of Capital Assets": NaN,
        "Earnings From Equity Interest": NaN,
        "Gain On Sale Of Security": NaN,
        "Net Non Operating Interest Income Expense": NaN,
        "Interest Expense Non Operating": NaN,
        "Operating Income": NaN,
        "Operating Expense": NaN,
        "Other Operating Expenses": NaN,
        "Depreciation Amortization Depletion Income Statement": NaN,
        "Depreciation And Amortization In Income Statement": NaN,
        "Selling General And Administration": NaN,
        "General And Administrative Expense": NaN,
        "Other Gand A": NaN,
        "Gross Profit": NaN,
        "Cost Of Revenue": NaN,
        "Total Revenue": NaN,
        "Operating Revenue": NaN
    },
    "2024-03-31": {
        "Tax Effect Of Unusual Items": NaN,
        "Tax Rate For Calcs": NaN,
        "Normalized EBITDA": NaN,
        "Total Unusual Items": NaN,
        "Total Unusual Items Excluding Goodwill": NaN,
        "Net Income From Continuing Operation Net Minority Interest": NaN,
        "Reconciled Depreciation": NaN,
        "Reconciled Cost Of Revenue": NaN,
        "EBITDA": NaN,
        "EBIT": NaN,
        "Net Interest Income": NaN,
        "Interest Expense": NaN,
        "Normalized Income": NaN,
        "Net Income From Continuing And Discontinued Operation": NaN,
        "Total Expenses": NaN,
        "Total Operating Income As Reported": NaN,
        "Diluted Average Shares": NaN,
        "Basic Average Shares": NaN,
        "Diluted EPS": NaN,
        "Basic EPS": NaN,
        "Diluted NI Availto Com Stockholders": NaN,
        "Net Income Common Stockholders": NaN,
        "Net Income": NaN,
        "Minority Interests": NaN,
        "Net Income Including Noncontrolling Interests": NaN,
        "Net Income Continuous Operations": NaN,
        "Tax Provision": NaN,
        "Pretax Income": NaN,
        "Other Income Expense": NaN,
        "Other Non Operating Income Expenses": NaN,
        "Special Income Charges": NaN,
        "Other Special Charges": NaN,
        "Impairment Of Capital Assets": NaN,
        "Earnings From Equity Interest": NaN,
        "Gain On Sale Of Security": NaN,
        "Net Non Operating Interest Income Expense": NaN,
        "Interest Expense Non Operating": NaN,
        "Operating Income": NaN,
        "Operating Expense": NaN,
        "Other Operating Expenses": NaN,
        "Depreciation Amortization Depletion Income Statement": NaN,
        "Depreciation And Amortization In Income Statement": NaN,
        "Selling General And Administration": NaN,
        "General And Administrative Expense": 385144000.0,
        "Other Gand A": 385144000.0,
        "Gross Profit": NaN,
        "Cost Of Revenue": NaN,
        "Total Revenue": NaN,
        "Operating Revenue": NaN
    },
    "2024-06-30": {
        "Tax Effect Of Unusual Items": -21927095.559611,
        "Tax Rate For Calcs": 0.023817,
        "Normalized EBITDA": 114621000.0,
        "Total Unusual Items": -920636000.0,
        "Total Unusual Items Excluding Goodwill": -920636000.0,
        "Net Income From Continuing Operation Net Minority Interest": -981658000.0,
        "Reconciled Depreciation": 104356000.0,
        "Reconciled Cost Of Revenue": 382049000.0,
        "EBITDA": -806015000.0,
        "EBIT": -910371000.0,
        "Net Interest Income": -95577000.0,
        "Interest Expense": 95577000.0,
        "Normalized Income": -82949095.559611,
        "Net Income From Continuing And Discontinued Operation": -981658000.0,
        "Total Expenses": 918535000.0,
        "Total Operating Income As Reported": -909667000.0,
        "Diluted Average Shares": 151137000.0,
        "Basic Average Shares": 151137000.0,
        "Diluted EPS": -6.5,
        "Basic EPS": -6.5,
        "Diluted NI Availto Com Stockholders": -981658000.0,
        "Net Income Common Stockholders": -981658000.0,
        "Net Income": -981658000.0,
        "Minority Interests": 331000.0,
        "Net Income Including Noncontrolling Interests": -981989000.0,
        "Net Income Continuous Operations": -981989000.0,
        "Tax Provision": -23959000.0,
        "Pretax Income": -1005948000.0,
        "Other Income Expense": -920928000.0,
        "Other Non Operating Income Expenses": -231000.0,
        "Special Income Charges": -920224000.0,
        "Other Special Charges": NaN,
        "Impairment Of Capital Assets": 920224000.0,
        "Earnings From Equity Interest": -61000.0,
        "Gain On Sale Of Security": -412000.0,
        "Net Non Operating Interest Income Expense": -95577000.0,
        "Interest Expense Non Operating": 95577000.0,
        "Operating Income": 10557000.0,
        "Operating Expense": 536486000.0,
        "Other Operating Expenses": 516000.0,
        "Depreciation Amortization Depletion Income Statement": 104356000.0,
        "Depreciation And Amortization In Income Statement": 104356000.0,
        "Selling General And Administration": 431614000.0,
        "General And Administrative Expense": NaN,
        "Other Gand A": NaN,
        "Gross Profit": 547043000.0,
        "Cost Of Revenue": 382049000.0,
        "Total Revenue": 929092000.0,
        "Operating Revenue": 929092000.0
    },
    "2024-09-30": {
        "Tax Effect Of Unusual Items": -108150.0,
        "Tax Rate For Calcs": 0.21,
        "Normalized EBITDA": 177071000.0,
        "Total Unusual Items": -515000.0,
        "Total Unusual Items Excluding Goodwill": -515000.0,
        "Net Income From Continuing Operation Net Minority Interest": -41265000.0,
        "Reconciled Depreciation": 101331000.0,
        "Reconciled Cost Of Revenue": 409745000.0,
        "EBITDA": 176556000.0,
        "EBIT": 75225000.0,
        "Net Interest Income": -95715000.0,
        "Interest Expense": 95715000.0,
        "Normalized Income": -40858150.0,
        "Net Income From Continuing And Discontinued Operation": -41265000.0,
        "Total Expenses": 931001000.0,
        "Total Operating Income As Reported": 76720000.0,
        "Diluted Average Shares": 147062951.0,
        "Basic Average Shares": 147062951.0,
        "Diluted EPS": -0.280594,
        "Basic EPS": -0.280594,
        "Diluted NI Availto Com Stockholders": -41265000.0,
        "Net Income Common Stockholders": -41265000.0,
        "Net Income": -41265000.0,
        "Minority Interests": 60000.0,
        "Net Income Including Noncontrolling Interests": -41325000.0,
        "Net Income Continuous Operations": -41325000.0,
        "Tax Provision": 20835000.0,
        "Pretax Income": -20490000.0,
        "Other Income Expense": -1907000.0,
        "Other Non Operating Income Expenses": 1195000.0,
        "Special Income Charges": -412000.0,
        "Other Special Charges": NaN,
        "Impairment Of Capital Assets": 412000.0,
        "Earnings From Equity Interest": -2587000.0,
        "Gain On Sale Of Security": -103000.0,
        "Net Non Operating Interest Income Expense": -95715000.0,
        "Interest Expense Non Operating": 95715000.0,
        "Operating Income": 77132000.0,
        "Operating Expense": 521256000.0,
        "Other Operating Expenses": 1092000.0,
        "Depreciation Amortization Depletion Income Statement": 101331000.0,
        "Depreciation And Amortization In Income Statement": 101331000.0,
        "Selling General And Administration": 418833000.0,
        "General And Administrative Expense": NaN,
        "Other Gand A": NaN,
        "Gross Profit": 598388000.0,
        "Cost Of Revenue": 409745000.0,
        "Total Revenue": 1008133000.0,
        "Operating Revenue": 1008133000.0
    },
    "2024-12-31": {
        "Tax Effect Of Unusual Items": -23897580.0,
        "Tax Rate For Calcs": 0.21,
        "Normalized EBITDA": 202470000.0,
        "Total Unusual Items": -113798000.0,
        "Total Unusual Items Excluding Goodwill": -113798000.0,
        "Net Income From Continuing Operation Net Minority Interest": 31490000.0,
        "Reconciled Depreciation": 98733000.0,
        "Reconciled Cost Of Revenue": 455777000.0,
        "EBITDA": 88672000.0,
        "EBIT": -10061000.0,
        "Net Interest Income": -92627000.0,
        "Interest Expense": 92627000.0,
        "Normalized Income": 121390420.0,
        "Net Income From Continuing And Discontinued Operation": 31490000.0,
        "Total Expenses": 1013185000.0,
        "Total Operating Income As Reported": 104547000.0,
        "Diluted Average Shares": 147172916.0,
        "Basic Average Shares": 147172916.0,
        "Diluted EPS": 0.213966,
        "Basic EPS": 0.213966,
        "Diluted NI Availto Com Stockholders": 31490000.0,
        "Net Income Common Stockholders": 31490000.0,
        "Net Income": 31490000.0,
        "Minority Interests": -438000.0,
        "Net Income Including Noncontrolling Interests": 31928000.0,
        "Net Income Continuous Operations": 31928000.0,
        "Tax Provision": -134616000.0,
        "Pretax Income": -102688000.0,
        "Other Income Expense": -115145000.0,
        "Other Non Operating Income Expenses": -1394000.0,
        "Special Income Charges": -97842000.0,
        "Other Special Charges": NaN,
        "Impairment Of Capital Assets": 537000.0,
        "Earnings From Equity Interest": 47000.0,
        "Gain On Sale Of Security": -15956000.0,
        "Net Non Operating Interest Income Expense": -92627000.0,
        "Interest Expense Non Operating": 92627000.0,
        "Operating Income": 105084000.0,
        "Operating Expense": 557408000.0,
        "Other Operating Expenses": 587000.0,
        "Depreciation Amortization Depletion Income Statement": 98733000.0,
        "Depreciation And Amortization In Income Statement": 98733000.0,
        "Selling General And Administration": 458088000.0,
        "General And Administrative Expense": NaN,
        "Other Gand A": NaN,
        "Gross Profit": 662492000.0,
        "Cost Of Revenue": 455777000.0,
        "Total Revenue": 1118269000.0,
        "Operating Revenue": 1118269000.0
    },
    "2025-03-31": {
        "Tax Effect Of Unusual Items": -4755660.0,
        "Tax Rate For Calcs": 0.21,
        "Normalized EBITDA": 69409000.0,
        "Total Unusual Items": -22646000.0,
        "Total Unusual Items Excluding Goodwill": -22646000.0,
        "Net Income From Continuing Operation Net Minority Interest": -281224000.0,
        "Reconciled Depreciation": 91901000.0,
        "Reconciled Cost Of Revenue": 356326000.0,
        "EBITDA": 46763000.0,
        "EBIT": -45138000.0,
        "Net Interest Income": -100386000.0,
        "Interest Expense": 100386000.0,
        "Normalized Income": -263333660.0,
        "Net Income From Continuing And Discontinued Operation": -281224000.0,
        "Total Expenses": 829680000.0,
        "Total Operating Income As Reported": -25434000.0,
        "Diluted Average Shares": 152480000.0,
        "Basic Average Shares": 152480000.0,
        "Diluted EPS": -1.84,
        "Basic EPS": -1.84,
        "Diluted NI Availto Com Stockholders": -281224000.0,
        "Net Income Common Stockholders": -281224000.0,
        "Net Income": -281224000.0,
        "Minority Interests": -341000.0,
        "Net Income Including Noncontrolling Interests": -280883000.0,
        "Net Income Continuous Operations": -280883000.0,
        "Tax Provision": 135359000.0,
        "Pretax Income": -145524000.0,
        "Other Income Expense": -22559000.0,
        "Other Non Operating Income Expenses": 37000.0,
        "Special Income Charges": -4052000.0,
        "Other Special Charges": 1197000.0,
        "Impairment Of Capital Assets": 2855000.0,
        "Earnings From Equity Interest": 50000.0,
        "Gain On Sale Of Security": -18594000.0,
        "Net Non Operating Interest Income Expense": -100386000.0,
        "Interest Expense Non Operating": 100386000.0,
        "Operating Income": -22579000.0,
        "Operating Expense": 473354000.0,
        "Other Operating Expenses": 659000.0,
        "Depreciation Amortization Depletion Income Statement": 91901000.0,
        "Depreciation And Amortization In Income Statement": 91901000.0,
        "Selling General And Administration": 380794000.0,
        "General And Administrative Expense": 380794000.0,
        "Other Gand A": 380794000.0,
        "Gross Profit": 450775000.0,
        "Cost Of Revenue": 356326000.0,
        "Total Revenue": 807101000.0,
        "Operating Revenue": 807101000.0
    },
    "2025-06-30": {
        "Tax Effect Of Unusual Items": -780360.0,
        "Tax Rate For Calcs": 0.21,
        "Normalized EBITDA": 129244000.0,
        "Total Unusual Items": -3716000.0,
        "Total Unusual Items Excluding Goodwill": -3716000.0,
        "Net Income From Continuing Operation Net Minority Interest": -83480000.0,
        "Reconciled Depreciation": 90369000.0,
        "Reconciled Cost Of Revenue": 391194000.0,
        "EBITDA": 125528000.0,
        "EBIT": 35159000.0,
        "Net Interest Income": -100894000.0,
        "Interest Expense": 100894000.0,
        "Normalized Income": -80544360.0,
        "Net Income From Continuing And Discontinued Operation": -83480000.0,
        "Total Expenses": 895731000.0,
        "Total Operating Income As Reported": 35370000.0,
        "Diluted Average Shares": 154275000.0,
        "Basic Average Shares": 154275000.0,
        "Diluted EPS": -0.54,
        "Basic EPS": -0.54,
        "Diluted NI Availto Com Stockholders": -83480000.0,
        "Net Income Common Stockholders": -83480000.0,
        "Net Income": -83480000.0,
        "Minority Interests": 508000.0,
        "Net Income Including Noncontrolling Interests": -83988000.0,
        "Net Income Continuous Operations": -83988000.0,
        "Tax Provision": 18253000.0,
        "Pretax Income": -65735000.0,
        "Other Income Expense": -2763000.0,
        "Other Non Operating Income Expenses": 1004000.0,
        "Special Income Charges": -2815000.0,
        "Other Special Charges": 263000.0,
        "Impairment Of Capital Assets": 2552000.0,
        "Earnings From Equity Interest": -51000.0,
        "Gain On Sale Of Security": -901000.0,
        "Net Non Operating Interest Income Expense": -100894000.0,
        "Interest Expense Non Operating": 100894000.0,
        "Operating Income": 37922000.0,
        "Operating Expense": 504537000.0,
        "Other Operating Expenses": 1086000.0,
        "Depreciation Amortization Depletion Income Statement": 90369000.0,
        "Depreciation And Amortization In Income Statement": 90369000.0,
        "Selling General And Administration": 413082000.0,
        "General And Administrative Expense": NaN,
        "Other Gand A": NaN,
        "Gross Profit": 542459000.0,
        "Cost Of Revenue": 391194000.0,
        "Total Revenue": 933653000.0,
        "Operating Revenue": 933653000.0
    },
    "2025-09-30": {
        "Tax Effect Of Unusual Items": -46580730.0,
        "Tax Rate For Calcs": 0.21,
        "Normalized EBITDA": 182283000.0,
        "Total Unusual Items": -221813000.0,
        "Total Unusual Items Excluding Goodwill": -221813000.0,
        "Net Income From Continuing Operation Net Minority Interest": -66264000.0,
        "Reconciled Depreciation": 90061000.0,
        "Reconciled Cost Of Revenue": 399140000.0,
        "EBITDA": -39530000.0,
        "EBIT": -129591000.0,
        "Net Interest Income": -101779000.0,
        "Interest Expense": 101779000.0,
        "Normalized Income": 108968270.0,
        "Net Income From Continuing And Discontinued Operation": -66264000.0,
        "Total Expenses": 904786000.0,
        "Total Operating Income As Reported": -116277000.0,
        "Diluted Average Shares": 150151038.0,
        "Basic Average Shares": 150151038.0,
        "Diluted EPS": -441.31563,
        "Basic EPS": -441.31563,
        "Diluted NI Availto Com Stockholders": -66264000.0,
        "Net Income Common Stockholders": -66264000.0,
        "Net Income": -66264000.0,
        "Minority Interests": -503000.0,
        "Net Income Including Noncontrolling Interests": -65761000.0,
        "Net Income Continuous Operations": -65761000.0,
        "Tax Provision": -165609000.0,
        "Pretax Income": -231370000.0,
        "Other Income Expense": -221815000.0,
        "Other Non Operating Income Expenses": -15000.0,
        "Special Income Charges": -208610000.0,
        "Other Special Charges": 109000.0,
        "Impairment Of Capital Assets": 208501000.0,
        "Earnings From Equity Interest": 13000.0,
        "Gain On Sale Of Security": -13203000.0,
        "Net Non Operating Interest Income Expense": -101779000.0,
        "Interest Expense Non Operating": 101779000.0,
        "Operating Income": 92224000.0,
        "Operating Expense": 505646000.0,
        "Other Operating Expenses": 1161000.0,
        "Depreciation Amortization Depletion Income Statement": 90061000.0,
        "Depreciation And Amortization In Income Statement": 90061000.0,
        "Selling General And Administration": 414424000.0,
        "General And Administrative Expense": NaN,
        "Other Gand A": NaN,
        "Gross Profit": 597870000.0,
        "Cost Of Revenue": 399140000.0,
        "Total Revenue": 997010000.0,
        "Operating Revenue": 997010000.0
    }
}