{
    "2023-03-31": {
        "Tax Effect Of Unusual Items": NaN,
        "Tax Rate For Calcs": NaN,
        "Normalized EBITDA": NaN,
        "Total Unusual Items": NaN,
        "Total Unusual Items Excluding Goodwill": NaN,
        "Net Income From Continuing Operation Net Minority Interest": NaN,
        "Reconciled Depreciation": NaN,
        "Reconciled Cost Of Revenue": NaN,
        "EBITDA": NaN,
        "EBIT": NaN,
        "Net Interest Income": NaN,
        "Interest Expense": NaN,
        "Interest Income": NaN,
        "Normalized Income": NaN,
        "Net Income From Continuing And Discontinued Operation": NaN,
        "Total Expenses": NaN,
        "Rent Expense Supplemental": NaN,
        "Total Operating Income As Reported": NaN,
        "Diluted Average Shares": NaN,
        "Basic Average Shares": NaN,
        "Diluted EPS": NaN,
        "Basic EPS": NaN,
        "Diluted NI Availto Com Stockholders": NaN,
        "Net Income Common Stockholders": NaN,
        "Net Income": NaN,
        "Minority Interests": NaN,
        "Net Income Including Noncontrolling Interests": NaN,
        "Net Income Continuous Operations": NaN,
        "Tax Provision": NaN,
        "Pretax Income": NaN,
        "Other Income Expense": NaN,
        "Other Non Operating Income Expenses": NaN,
        "Special Income Charges": NaN,
        "Gain On Sale Of Ppe": NaN,
        "Other Special Charges": -145000.0,
        "Write Off": NaN,
        "Impairment Of Capital Assets": 0.0,
        "Restructuring And Mergern Acquisition": NaN,
        "Gain On Sale Of Security": NaN,
        "Net Non Operating Interest Income Expense": NaN,
        "Total Other Finance Cost": NaN,
        "Interest Expense Non Operating": NaN,
        "Interest Income Non Operating": NaN,
        "Operating Income": NaN,
        "Operating Expense": NaN,
        "Other Taxes": NaN,
        "Provision For Doubtful Accounts": NaN,
        "Depreciation Amortization Depletion Income Statement": NaN,
        "Depreciation And Amortization In Income Statement": NaN,
        "Amortization": NaN,
        "Amortization Of Intangibles Income Statement": NaN,
        "Depreciation Income Statement": NaN,
        "Selling General And Administration": NaN,
        "General And Administrative Expense": NaN,
        "Other Gand A": NaN,
        "Rent And Landing Fees": NaN,
        "Salaries And Wages": NaN,
        "Gross Profit": NaN,
        "Cost Of Revenue": NaN,
        "Total Revenue": NaN,
        "Operating Revenue": NaN
    },
    "2022-12-31": {
        "Tax Effect Of Unusual Items": NaN,
        "Tax Rate For Calcs": NaN,
        "Normalized EBITDA": NaN,
        "Total Unusual Items": NaN,
        "Total Unusual Items Excluding Goodwill": NaN,
        "Net Income From Continuing Operation Net Minority Interest": NaN,
        "Reconciled Depreciation": NaN,
        "Reconciled Cost Of Revenue": NaN,
        "EBITDA": NaN,
        "EBIT": NaN,
        "Net Interest Income": NaN,
        "Interest Expense": NaN,
        "Interest Income": NaN,
        "Normalized Income": NaN,
        "Net Income From Continuing And Discontinued Operation": NaN,
        "Total Expenses": NaN,
        "Rent Expense Supplemental": NaN,
        "Total Operating Income As Reported": NaN,
        "Diluted Average Shares": 332678049.0,
        "Basic Average Shares": 332678049.0,
        "Diluted EPS": -0.82,
        "Basic EPS": -0.82,
        "Diluted NI Availto Com Stockholders": NaN,
        "Net Income Common Stockholders": NaN,
        "Net Income": NaN,
        "Minority Interests": NaN,
        "Net Income Including Noncontrolling Interests": NaN,
        "Net Income Continuous Operations": NaN,
        "Tax Provision": NaN,
        "Pretax Income": NaN,
        "Other Income Expense": NaN,
        "Other Non Operating Income Expenses": NaN,
        "Special Income Charges": NaN,
        "Gain On Sale Of Ppe": NaN,
        "Other Special Charges": -406000.0,
        "Write Off": NaN,
        "Impairment Of Capital Assets": NaN,
        "Restructuring And Mergern Acquisition": NaN,
        "Gain On Sale Of Security": NaN,
        "Net Non Operating Interest Income Expense": NaN,
        "Total Other Finance Cost": NaN,
        "Interest Expense Non Operating": NaN,
        "Interest Income Non Operating": NaN,
        "Operating Income": NaN,
        "Operating Expense": NaN,
        "Other Taxes": NaN,
        "Provision For Doubtful Accounts": NaN,
        "Depreciation Amortization Depletion Income Statement": NaN,
        "Depreciation And Amortization In Income Statement": NaN,
        "Amortization": NaN,
        "Amortization Of Intangibles Income Statement": NaN,
        "Depreciation Income Statement": NaN,
        "Selling General And Administration": NaN,
        "General And Administrative Expense": NaN,
        "Other Gand A": NaN,
        "Rent And Landing Fees": NaN,
        "Salaries And Wages": NaN,
        "Gross Profit": NaN,
        "Cost Of Revenue": NaN,
        "Total Revenue": NaN,
        "Operating Revenue": NaN
    },
    "2022-09-30": {
        "Tax Effect Of Unusual Items": -60562000.0,
        "Tax Rate For Calcs": 0.4,
        "Normalized EBITDA": 266103000.0,
        "Total Unusual Items": -151405000.0,
        "Total Unusual Items Excluding Goodwill": -151405000.0,
        "Net Income From Continuing Operation Net Minority Interest": -46532000.0,
        "Reconciled Depreciation": 120141000.0,
        "Reconciled Cost Of Revenue": 183063000.0,
        "EBITDA": 114698000.0,
        "EBIT": -5443000.0,
        "Net Interest Income": -88366000.0,
        "Interest Expense": 88008000.0,
        "Interest Income": 3364000.0,
        "Normalized Income": 44311000.0,
        "Net Income From Continuing And Discontinued Operation": -46532000.0,
        "Total Expenses": 374997000.0,
        "Rent Expense Supplemental": 3176000.0,
        "Total Operating Income As Reported": 131417000.0,
        "Diluted Average Shares": 335134000.0,
        "Basic Average Shares": 331688000.0,
        "Diluted EPS": -0.09,
        "Basic EPS": -0.09,
        "Diluted NI Availto Com Stockholders": -46532000.0,
        "Net Income Common Stockholders": -46532000.0,
        "Net Income": -46532000.0,
        "Minority Interests": 5946000.0,
        "Net Income Including Noncontrolling Interests": -52478000.0,
        "Net Income Continuous Operations": -52478000.0,
        "Tax Provision": -40973000.0,
        "Pretax Income": -93451000.0,
        "Other Income Expense": -151405000.0,
        "Other Non Operating Income Expenses": NaN,
        "Special Income Charges": -14903000.0,
        "Gain On Sale Of Ppe": 134000.0,
        "Other Special Charges": -70000.0,
        "Write Off": 11422000.0,
        "Restructuring And Mergern Acquisition": 3685000.0,
        "Gain On Sale Of Security": -136502000.0,
        "Net Non Operating Interest Income Expense": -88366000.0,
        "Total Other Finance Cost": 3722000.0,
        "Interest Expense Non Operating": 88008000.0,
        "Interest Income Non Operating": 3364000.0,
        "Operating Income": 146320000.0,
        "Operating Expense": 74957000.0,
        "Other Taxes": 228000.0,
        "Provision For Doubtful Accounts": -1597000.0,
        "Depreciation Amortization Depletion Income Statement": 3164000.0,
        "Depreciation And Amortization In Income Statement": 3164000.0,
        "Amortization": 898000.0,
        "Amortization Of Intangibles Income Statement": 898000.0,
        "Depreciation Income Statement": 2266000.0,
        "Selling General And Administration": 73162000.0,
        "General And Administrative Expense": 73162000.0,
        "Other Gand A": 29221000.0,
        "Rent And Landing Fees": NaN,
        "Salaries And Wages": 43941000.0,
        "Gross Profit": 221277000.0,
        "Cost Of Revenue": 300040000.0,
        "Total Revenue": 521317000.0,
        "Operating Revenue": 521317000.0
    },
    "2022-06-30": {
        "Tax Effect Of Unusual Items": -85716800.0,
        "Tax Rate For Calcs": 0.4,
        "Normalized EBITDA": 241858000.0,
        "Total Unusual Items": -214292000.0,
        "Total Unusual Items Excluding Goodwill": -214292000.0,
        "Net Income From Continuing Operation Net Minority Interest": -175680000.0,
        "Reconciled Depreciation": 114840000.0,
        "Reconciled Cost Of Revenue": 158660000.0,
        "EBITDA": 27566000.0,
        "EBIT": -87274000.0,
        "Net Interest Income": -74472000.0,
        "Interest Expense": 73253000.0,
        "Interest Income": 3888000.0,
        "Normalized Income": -47104800.0,
        "Net Income From Continuing And Discontinued Operation": -175680000.0,
        "Total Expenses": 341947000.0,
        "Rent Expense Supplemental": 6431000.0,
        "Total Operating Income As Reported": 96475000.0,
        "Diluted Average Shares": 335155000.0,
        "Basic Average Shares": 331688000.0,
        "Diluted EPS": -0.53,
        "Basic EPS": -0.53,
        "Diluted NI Availto Com Stockholders": -175680000.0,
        "Net Income Common Stockholders": -175680000.0,
        "Net Income": -175680000.0,
        "Minority Interests": 1817000.0,
        "Net Income Including Noncontrolling Interests": -177497000.0,
        "Net Income Continuous Operations": -177497000.0,
        "Tax Provision": 16970000.0,
        "Pretax Income": -160527000.0,
        "Other Income Expense": -211791000.0,
        "Other Non Operating Income Expenses": 2501000.0,
        "Special Income Charges": -31762000.0,
        "Gain On Sale Of Ppe": -13617000.0,
        "Other Special Charges": -466000.0,
        "Write Off": 12932000.0,
        "Restructuring And Mergern Acquisition": 5679000.0,
        "Gain On Sale Of Security": -182530000.0,
        "Net Non Operating Interest Income Expense": -74472000.0,
        "Total Other Finance Cost": 5107000.0,
        "Interest Expense Non Operating": 73253000.0,
        "Interest Income Non Operating": 3888000.0,
        "Operating Income": 125736000.0,
        "Operating Expense": 71292000.0,
        "Other Taxes": 138000.0,
        "Provision For Doubtful Accounts": 668000.0,
        "Depreciation Amortization Depletion Income Statement": 2845000.0,
        "Depreciation And Amortization In Income Statement": 2845000.0,
        "Amortization": 563000.0,
        "Amortization Of Intangibles Income Statement": 563000.0,
        "Depreciation Income Statement": 2282000.0,
        "Selling General And Administration": 67641000.0,
        "General And Administrative Expense": 67641000.0,
        "Other Gand A": 29904000.0,
        "Rent And Landing Fees": NaN,
        "Salaries And Wages": 37737000.0,
        "Gross Profit": 197028000.0,
        "Cost Of Revenue": 270655000.0,
        "Total Revenue": 467683000.0,
        "Operating Revenue": 467683000.0
    },
    "2022-03-31": {
        "Diluted EPS": 0.05,
        "Total Revenue": 446,
        "Gross Profit": 196,
        "Operating Income": 109,
        "EBIT": 216,
        "Net Income": 17
    },
    "2021-12-31": {
        "Diluted EPS": -0.22,
        "Total Revenue": 416,
        "Gross Profit": 181,
        "Operating Income": 79,
        "EBIT": 79,
        "Net Income": -73
    },
    "2021-09-30": {
        "Diluted EPS": -0.1,
        "Total Revenue": 401,
        "Gross Profit": 128,
        "Operating Income": 56,
        "EBIT": 56,
        "Net Income": -30
    },
    "2021-06-30": {
        "Diluted EPS": 0.0,
        "Total Revenue": NaN,
        "Gross Profit": NaN,
        "Operating Income": NaN,
        "Net Income": NaN
    },
    "2021-03-31": {
        "Diluted EPS": -0.1,
        "Total Revenue": 362,
        "Gross Profit": 172,
        "Operating Income": 108,
        "EBIT": 197,
        "Net Income": -29
    },
    "2020-12-31": {
        "Diluted EPS": 0.0,
        "Total Revenue": NaN,
        "Gross Profit": NaN,
        "Operating Income": NaN,
        "EBIT": NaN,
        "Net Income": NaN
    },
    "2020-09-30": {
        "Diluted EPS": -0.07,
        "Total Revenue": 368,
        "Gross Profit": 169,
        "Operating Income": 109,
        "EBIT": 109,
        "Net Income": -20
    },
    "2019-12-31": {
        "Diluted EPS": 0.0,
        "Total Revenue": NaN,
        "Gross Profit": NaN,
        "Operating Income": NaN,
        "EBIT": NaN,
        "Net Income": NaN
    },
    "2023-06-30": {
        "Tax Effect Of Unusual Items": NaN,
        "Tax Rate For Calcs": NaN,
        "Normalized EBITDA": NaN,
        "Total Unusual Items": NaN,
        "Total Unusual Items Excluding Goodwill": NaN,
        "Net Income From Continuing Operation Net Minority Interest": NaN,
        "Reconciled Depreciation": NaN,
        "Reconciled Cost Of Revenue": NaN,
        "EBITDA": NaN,
        "EBIT": NaN,
        "Net Interest Income": NaN,
        "Interest Expense": NaN,
        "Interest Income": NaN,
        "Normalized Income": NaN,
        "Net Income From Continuing And Discontinued Operation": NaN,
        "Total Expenses": NaN,
        "Rent Expense Supplemental": NaN,
        "Total Operating Income As Reported": NaN,
        "Diluted Average Shares": NaN,
        "Basic Average Shares": NaN,
        "Diluted EPS": NaN,
        "Basic EPS": NaN,
        "Diluted NI Availto Com Stockholders": NaN,
        "Net Income Common Stockholders": NaN,
        "Net Income": NaN,
        "Minority Interests": NaN,
        "Net Income Including Noncontrolling Interests": NaN,
        "Net Income Continuous Operations": NaN,
        "Tax Provision": NaN,
        "Pretax Income": NaN,
        "Other Income Expense": NaN,
        "Other Non Operating Income Expenses": NaN,
        "Special Income Charges": NaN,
        "Gain On Sale Of Ppe": NaN,
        "Other Special Charges": -133000.0,
        "Write Off": NaN,
        "Impairment Of Capital Assets": 0.0,
        "Restructuring And Mergern Acquisition": NaN,
        "Gain On Sale Of Security": NaN,
        "Net Non Operating Interest Income Expense": NaN,
        "Total Other Finance Cost": NaN,
        "Interest Expense Non Operating": NaN,
        "Interest Income Non Operating": NaN,
        "Operating Income": NaN,
        "Operating Expense": NaN,
        "Other Taxes": NaN,
        "Provision For Doubtful Accounts": NaN,
        "Depreciation Amortization Depletion Income Statement": NaN,
        "Depreciation And Amortization In Income Statement": NaN,
        "Amortization": NaN,
        "Amortization Of Intangibles Income Statement": NaN,
        "Depreciation Income Statement": NaN,
        "Selling General And Administration": NaN,
        "General And Administrative Expense": NaN,
        "Other Gand A": NaN,
        "Rent And Landing Fees": NaN,
        "Salaries And Wages": NaN,
        "Gross Profit": NaN,
        "Cost Of Revenue": NaN,
        "Total Revenue": NaN,
        "Operating Revenue": NaN
    },
    "2023-09-30": {
        "Tax Effect Of Unusual Items": NaN,
        "Tax Rate For Calcs": NaN,
        "Normalized EBITDA": NaN,
        "Total Unusual Items": -157140000.0,
        "Total Unusual Items Excluding Goodwill": -157140000.0,
        "Net Income From Continuing Operation Net Minority Interest": NaN,
        "Reconciled Depreciation": NaN,
        "Reconciled Cost Of Revenue": NaN,
        "EBITDA": NaN,
        "EBIT": NaN,
        "Net Interest Income": NaN,
        "Interest Expense": NaN,
        "Interest Income": NaN,
        "Normalized Income": NaN,
        "Net Income From Continuing And Discontinued Operation": NaN,
        "Total Expenses": NaN,
        "Rent Expense Supplemental": 11427000.0,
        "Total Operating Income As Reported": NaN,
        "Diluted Average Shares": NaN,
        "Basic Average Shares": NaN,
        "Diluted EPS": NaN,
        "Basic EPS": NaN,
        "Diluted NI Availto Com Stockholders": NaN,
        "Net Income Common Stockholders": NaN,
        "Net Income": NaN,
        "Minority Interests": NaN,
        "Net Income Including Noncontrolling Interests": NaN,
        "Net Income Continuous Operations": NaN,
        "Tax Provision": NaN,
        "Pretax Income": NaN,
        "Other Income Expense": NaN,
        "Other Non Operating Income Expenses": NaN,
        "Special Income Charges": -10283000.0,
        "Gain On Sale Of Ppe": 386000.0,
        "Other Special Charges": -32000.0,
        "Write Off": 10508000.0,
        "Impairment Of Capital Assets": 0.0,
        "Restructuring And Mergern Acquisition": 161000.0,
        "Gain On Sale Of Security": -146857000.0,
        "Net Non Operating Interest Income Expense": NaN,
        "Total Other Finance Cost": 6462000.0,
        "Interest Expense Non Operating": NaN,
        "Interest Income Non Operating": NaN,
        "Operating Income": NaN,
        "Operating Expense": NaN,
        "Other Operating Expenses": -33000.0,
        "Other Taxes": 266000.0,
        "Provision For Doubtful Accounts": NaN,
        "Depreciation Amortization Depletion Income Statement": 4173000.0,
        "Depreciation And Amortization In Income Statement": 4173000.0,
        "Amortization": 1429000.0,
        "Amortization Of Intangibles Income Statement": 1429000.0,
        "Depreciation Income Statement": 2744000.0,
        "Selling General And Administration": NaN,
        "General And Administrative Expense": NaN,
        "Other Gand A": NaN,
        "Rent And Landing Fees": 8822000.0,
        "Salaries And Wages": 45538000.0,
        "Gross Profit": NaN,
        "Cost Of Revenue": NaN,
        "Total Revenue": NaN,
        "Operating Revenue": NaN
    },
    "2023-12-31": {
        "Tax Effect Of Unusual Items": NaN,
        "Tax Rate For Calcs": NaN,
        "Normalized EBITDA": NaN,
        "Total Unusual Items": NaN,
        "Total Unusual Items Excluding Goodwill": NaN,
        "Net Income From Continuing Operation Net Minority Interest": NaN,
        "Reconciled Depreciation": NaN,
        "Reconciled Cost Of Revenue": NaN,
        "EBITDA": NaN,
        "EBIT": NaN,
        "Net Interest Income": NaN,
        "Interest Expense": NaN,
        "Interest Income": NaN,
        "Normalized Income": NaN,
        "Net Income From Continuing And Discontinued Operation": NaN,
        "Total Expenses": NaN,
        "Rent Expense Supplemental": NaN,
        "Total Operating Income As Reported": NaN,
        "Diluted Average Shares": NaN,
        "Basic Average Shares": NaN,
        "Diluted EPS": NaN,
        "Basic EPS": NaN,
        "Diluted NI Availto Com Stockholders": NaN,
        "Net Income Common Stockholders": NaN,
        "Net Income": NaN,
        "Minority Interests": NaN,
        "Net Income Including Noncontrolling Interests": NaN,
        "Net Income Continuous Operations": NaN,
        "Tax Provision": NaN,
        "Pretax Income": NaN,
        "Other Income Expense": NaN,
        "Other Non Operating Income Expenses": NaN,
        "Special Income Charges": NaN,
        "Gain On Sale Of Ppe": NaN,
        "Other Special Charges": -11000.0,
        "Write Off": NaN,
        "Impairment Of Capital Assets": NaN,
        "Restructuring And Mergern Acquisition": NaN,
        "Gain On Sale Of Security": NaN,
        "Net Non Operating Interest Income Expense": NaN,
        "Total Other Finance Cost": NaN,
        "Interest Expense Non Operating": NaN,
        "Interest Income Non Operating": NaN,
        "Operating Income": NaN,
        "Operating Expense": NaN,
        "Other Taxes": NaN,
        "Provision For Doubtful Accounts": NaN,
        "Depreciation Amortization Depletion Income Statement": NaN,
        "Depreciation And Amortization In Income Statement": NaN,
        "Amortization": NaN,
        "Amortization Of Intangibles Income Statement": NaN,
        "Depreciation Income Statement": NaN,
        "Selling General And Administration": NaN,
        "General And Administrative Expense": NaN,
        "Other Gand A": NaN,
        "Rent And Landing Fees": NaN,
        "Salaries And Wages": NaN,
        "Gross Profit": NaN,
        "Cost Of Revenue": NaN,
        "Total Revenue": NaN,
        "Operating Revenue": NaN
    },
    "2024-03-31": {
        "Tax Effect Of Unusual Items": NaN,
        "Tax Rate For Calcs": NaN,
        "Normalized EBITDA": NaN,
        "Total Unusual Items": NaN,
        "Total Unusual Items Excluding Goodwill": NaN,
        "Net Income From Continuing Operation Net Minority Interest": NaN,
        "Reconciled Depreciation": NaN,
        "Reconciled Cost Of Revenue": NaN,
        "EBITDA": NaN,
        "EBIT": NaN,
        "Net Interest Income": NaN,
        "Interest Expense": NaN,
        "Interest Income": NaN,
        "Normalized Income": NaN,
        "Net Income From Continuing And Discontinued Operation": NaN,
        "Total Expenses": NaN,
        "Rent Expense Supplemental": NaN,
        "Total Operating Income As Reported": NaN,
        "Diluted Average Shares": NaN,
        "Basic Average Shares": NaN,
        "Diluted EPS": NaN,
        "Basic EPS": NaN,
        "Diluted NI Availto Com Stockholders": NaN,
        "Net Income Common Stockholders": NaN,
        "Net Income": NaN,
        "Minority Interests": NaN,
        "Net Income Including Noncontrolling Interests": NaN,
        "Net Income Continuous Operations": NaN,
        "Tax Provision": NaN,
        "Pretax Income": NaN,
        "Other Income Expense": NaN,
        "Other Non Operating Income Expenses": NaN,
        "Special Income Charges": NaN,
        "Gain On Sale Of Ppe": NaN,
        "Other Special Charges": NaN,
        "Write Off": NaN,
        "Impairment Of Capital Assets": NaN,
        "Restructuring And Mergern Acquisition": NaN,
        "Gain On Sale Of Security": NaN,
        "Net Non Operating Interest Income Expense": NaN,
        "Total Other Finance Cost": NaN,
        "Interest Expense Non Operating": NaN,
        "Interest Income Non Operating": NaN,
        "Operating Income": NaN,
        "Operating Expense": NaN,
        "Other Taxes": NaN,
        "Provision For Doubtful Accounts": 4600000.0,
        "Depreciation Amortization Depletion Income Statement": NaN,
        "Depreciation And Amortization In Income Statement": NaN,
        "Amortization": NaN,
        "Amortization Of Intangibles Income Statement": NaN,
        "Depreciation Income Statement": NaN,
        "Selling General And Administration": NaN,
        "General And Administrative Expense": NaN,
        "Other Gand A": NaN,
        "Rent And Landing Fees": NaN,
        "Salaries And Wages": NaN,
        "Gross Profit": NaN,
        "Cost Of Revenue": NaN,
        "Total Revenue": NaN,
        "Operating Revenue": NaN
    },
    "2024-06-30": {
        "Tax Effect Of Unusual Items": NaN,
        "Tax Rate For Calcs": NaN,
        "Normalized EBITDA": NaN,
        "Total Unusual Items": NaN,
        "Total Unusual Items Excluding Goodwill": NaN,
        "Net Income From Continuing Operation Net Minority Interest": NaN,
        "Reconciled Depreciation": NaN,
        "Reconciled Cost Of Revenue": NaN,
        "EBITDA": NaN,
        "EBIT": NaN,
        "Net Interest Income": NaN,
        "Interest Expense": NaN,
        "Interest Income": NaN,
        "Normalized Income": NaN,
        "Net Income From Continuing And Discontinued Operation": NaN,
        "Total Expenses": NaN,
        "Rent Expense Supplemental": NaN,
        "Total Operating Income As Reported": NaN,
        "Diluted Average Shares": NaN,
        "Basic Average Shares": NaN,
        "Diluted EPS": NaN,
        "Basic EPS": NaN,
        "Diluted NI Availto Com Stockholders": NaN,
        "Net Income Common Stockholders": NaN,
        "Net Income": NaN,
        "Minority Interests": NaN,
        "Net Income Including Noncontrolling Interests": NaN,
        "Net Income Continuous Operations": NaN,
        "Tax Provision": NaN,
        "Pretax Income": NaN,
        "Other Income Expense": NaN,
        "Other Non Operating Income Expenses": NaN,
        "Special Income Charges": NaN,
        "Gain On Sale Of Ppe": NaN,
        "Other Special Charges": -30000.0,
        "Write Off": NaN,
        "Impairment Of Capital Assets": NaN,
        "Restructuring And Mergern Acquisition": NaN,
        "Gain On Sale Of Security": NaN,
        "Net Non Operating Interest Income Expense": NaN,
        "Total Other Finance Cost": NaN,
        "Interest Expense Non Operating": NaN,
        "Interest Income Non Operating": NaN,
        "Operating Income": NaN,
        "Operating Expense": NaN,
        "Other Taxes": NaN,
        "Provision For Doubtful Accounts": -2381000.0,
        "Depreciation Amortization Depletion Income Statement": NaN,
        "Depreciation And Amortization In Income Statement": NaN,
        "Amortization": NaN,
        "Amortization Of Intangibles Income Statement": NaN,
        "Depreciation Income Statement": NaN,
        "Selling General And Administration": NaN,
        "General And Administrative Expense": NaN,
        "Other Gand A": NaN,
        "Rent And Landing Fees": NaN,
        "Salaries And Wages": NaN,
        "Gross Profit": NaN,
        "Cost Of Revenue": NaN,
        "Total Revenue": NaN,
        "Operating Revenue": NaN
    },
    "2024-09-30": {
        "Tax Effect Of Unusual Items": 0.0,
        "Tax Rate For Calcs": 0.3,
        "Normalized EBITDA": 151500000.0,
        "Total Unusual Items": -239400000.0,
        "Total Unusual Items Excluding Goodwill": -239400000.0,
        "Net Income From Continuing Operation Net Minority Interest": -204100000.0,
        "Reconciled Depreciation": 6700000.0,
        "Reconciled Cost Of Revenue": 201700000.0,
        "EBITDA": 151500000.0,
        "EBIT": 151500000.0,
        "Net Interest Income": -325100000.0,
        "Interest Expense": 350800000.0,
        "Interest Income": 25700000.0,
        "Normalized Income": -204100000.0,
        "Net Income From Continuing And Discontinued Operation": -204100000.0,
        "Total Expenses": 294500000.0,
        "Rent Expense Supplemental": 9400000.0,
        "Total Operating Income As Reported": 125800000.0,
        "Diluted Average Shares": 334590164.0,
        "Basic Average Shares": 334590164.0,
        "Diluted EPS": -0.61,
        "Basic EPS": -0.61,
        "Diluted NI Availto Com Stockholders": -204100000.0,
        "Net Income Common Stockholders": -204100000.0,
        "Net Income": -204100000.0,
        "Minority Interests": 1600000.0,
        "Net Income Including Noncontrolling Interests": -205700000.0,
        "Net Income Continuous Operations": -205700000.0,
        "Tax Provision": 6400000.0,
        "Pretax Income": -199300000.0,
        "Other Income Expense": -239400000.0,
        "Other Non Operating Income Expenses": 63000.0,
        "Special Income Charges": -21200000.0,
        "Gain On Sale Of Ppe": 1300000.0,
        "Other Special Charges": NaN,
        "Write Off": 21900000.0,
        "Impairment Of Capital Assets": 0.0,
        "Restructuring And Mergern Acquisition": 600000.0,
        "Gain On Sale Of Security": -218200000.0,
        "Net Non Operating Interest Income Expense": -325100000.0,
        "Total Other Finance Cost": 2500000.0,
        "Interest Expense Non Operating": 350800000.0,
        "Interest Income Non Operating": 25700000.0,
        "Operating Income": 125800000.0,
        "Operating Expense": 92800000.0,
        "Other Taxes": 400000.0,
        "Provision For Doubtful Accounts": -4300000.0,
        "Depreciation Amortization Depletion Income Statement": 6700000.0,
        "Depreciation And Amortization In Income Statement": 6700000.0,
        "Amortization": 4100000.0,
        "Amortization Of Intangibles Income Statement": 4100000.0,
        "Depreciation Income Statement": 2600000.0,
        "Selling General And Administration": 92800000.0,
        "General And Administrative Expense": 92800000.0,
        "Other Gand A": 92800000.0,
        "Rent And Landing Fees": 7000000.0,
        "Salaries And Wages": 43600000.0,
        "Gross Profit": 218600000.0,
        "Cost Of Revenue": 201700000.0,
        "Total Revenue": 420300000.0,
        "Operating Revenue": 420300000.0
    },
    "2024-12-31": {
        "Tax Effect Of Unusual Items": 71401500.0,
        "Tax Rate For Calcs": 0.3,
        "Normalized EBITDA": 125585000.0,
        "Total Unusual Items": 238005000.0,
        "Total Unusual Items Excluding Goodwill": 238005000.0,
        "Net Income From Continuing Operation Net Minority Interest": 246515000.0,
        "Reconciled Depreciation": 1617000.0,
        "Reconciled Cost Of Revenue": 227788000.0,
        "EBITDA": 363590000.0,
        "EBIT": 361973000.0,
        "Net Interest Income": -122325000.0,
        "Interest Expense": 125619000.0,
        "Interest Income": 5809000.0,
        "Normalized Income": 79911500.0,
        "Net Income From Continuing And Discontinued Operation": 246515000.0,
        "Total Expenses": 319829000.0,
        "Rent Expense Supplemental": 9796000.0,
        "Total Operating Income As Reported": 212284000.0,
        "Diluted Average Shares": 337691781.0,
        "Basic Average Shares": 333128378.0,
        "Diluted EPS": 0.73,
        "Basic EPS": 0.74,
        "Diluted NI Availto Com Stockholders": 246515000.0,
        "Net Income Common Stockholders": 246515000.0,
        "Net Income": 246515000.0,
        "Minority Interests": 3449000.0,
        "Net Income Including Noncontrolling Interests": 243066000.0,
        "Net Income Continuous Operations": 243066000.0,
        "Tax Provision": -6712000.0,
        "Pretax Income": 236354000.0,
        "Other Income Expense": 240686000.0,
        "Other Non Operating Income Expenses": 2681000.0,
        "Special Income Charges": 91373000.0,
        "Gain On Sale Of Ppe": -23725000.0,
        "Other Special Charges": NaN,
        "Write Off": -31746000.0,
        "Impairment Of Capital Assets": 0.0,
        "Restructuring And Mergern Acquisition": 322000.0,
        "Gain On Sale Of Security": 146632000.0,
        "Net Non Operating Interest Income Expense": -122325000.0,
        "Total Other Finance Cost": 2515000.0,
        "Interest Expense Non Operating": 125619000.0,
        "Interest Income Non Operating": 5809000.0,
        "Operating Income": 117993000.0,
        "Operating Expense": 92041000.0,
        "Other Taxes": -122000.0,
        "Provision For Doubtful Accounts": 2082000.0,
        "Depreciation Amortization Depletion Income Statement": 1617000.0,
        "Depreciation And Amortization In Income Statement": 1617000.0,
        "Amortization": -1941000.0,
        "Amortization Of Intangibles Income Statement": -1941000.0,
        "Depreciation Income Statement": 3558000.0,
        "Selling General And Administration": 88464000.0,
        "General And Administrative Expense": 88464000.0,
        "Other Gand A": 29718000.0,
        "Rent And Landing Fees": 8030000.0,
        "Salaries And Wages": 50716000.0,
        "Gross Profit": 210034000.0,
        "Cost Of Revenue": 227788000.0,
        "Total Revenue": 437822000.0,
        "Operating Revenue": 437822000.0
    },
    "2025-03-31": {
        "Tax Effect Of Unusual Items": 0.0,
        "Tax Rate For Calcs": 0.3,
        "Normalized EBITDA": 183500000.0,
        "Total Unusual Items": 15800000.0,
        "Total Unusual Items Excluding Goodwill": 15800000.0,
        "Net Income From Continuing Operation Net Minority Interest": 33100000.0,
        "Reconciled Depreciation": 89400000.0,
        "Reconciled Cost Of Revenue": 213700000.0,
        "EBITDA": 183500000.0,
        "EBIT": 183500000.0,
        "Net Interest Income": -93800000.0,
        "Interest Expense": 114300000.0,
        "Interest Income": 20500000.0,
        "Normalized Income": 33100000.0,
        "Net Income From Continuing And Discontinued Operation": 33100000.0,
        "Total Expenses": 277200000.0,
        "Rent Expense Supplemental": 8800000.0,
        "Total Operating Income As Reported": 163000000.0,
        "Diluted Average Shares": 335340000.0,
        "Basic Average Shares": 335340000.0,
        "Diluted EPS": 0.098706,
        "Basic EPS": 0.098706,
        "Diluted NI Availto Com Stockholders": 33100000.0,
        "Net Income Common Stockholders": 33100000.0,
        "Net Income": 33100000.0,
        "Minority Interests": 2400000.0,
        "Net Income Including Noncontrolling Interests": 30700000.0,
        "Net Income Continuous Operations": 30700000.0,
        "Tax Provision": 38500000.0,
        "Pretax Income": 69200000.0,
        "Other Income Expense": 600000.0,
        "Other Non Operating Income Expenses": 600000.0,
        "Special Income Charges": 10300000.0,
        "Gain On Sale Of Ppe": -1200000.0,
        "Other Special Charges": NaN,
        "Write Off": -12400000.0,
        "Impairment Of Capital Assets": 0.0,
        "Restructuring And Mergern Acquisition": 900000.0,
        "Gain On Sale Of Security": 5500000.0,
        "Net Non Operating Interest Income Expense": -93800000.0,
        "Total Other Finance Cost": 1800000.0,
        "Interest Expense Non Operating": 114300000.0,
        "Interest Income Non Operating": 20500000.0,
        "Operating Income": 162400000.0,
        "Operating Expense": 63500000.0,
        "Other Taxes": 100000.0,
        "Provision For Doubtful Accounts": 400000.0,
        "Depreciation Amortization Depletion Income Statement": 3500000.0,
        "Depreciation And Amortization In Income Statement": 3500000.0,
        "Amortization": 800000.0,
        "Amortization Of Intangibles Income Statement": 800000.0,
        "Depreciation Income Statement": 2700000.0,
        "Selling General And Administration": 63100000.0,
        "General And Administrative Expense": 63100000.0,
        "Other Gand A": 63100000.0,
        "Rent And Landing Fees": 8300000.0,
        "Salaries And Wages": 43100000.0,
        "Gross Profit": 225900000.0,
        "Cost Of Revenue": 213700000.0,
        "Total Revenue": 439600000.0,
        "Operating Revenue": 439600000.0
    },
    "2025-06-30": {
        "Tax Effect Of Unusual Items": 0.0,
        "Tax Rate For Calcs": 0.3,
        "Normalized EBITDA": 182000000.0,
        "Total Unusual Items": 23400000.0,
        "Total Unusual Items Excluding Goodwill": 23400000.0,
        "Net Income From Continuing Operation Net Minority Interest": 35400000.0,
        "Reconciled Depreciation": 89000000.0,
        "Reconciled Cost Of Revenue": 211000000.0,
        "EBITDA": 182000000.0,
        "EBIT": 182000000.0,
        "Net Interest Income": -78700000.0,
        "Interest Expense": 114300000.0,
        "Interest Income": 35600000.0,
        "Normalized Income": 35400000.0,
        "Net Income From Continuing And Discontinued Operation": 35400000.0,
        "Total Expenses": 288300000.0,
        "Rent Expense Supplemental": 9100000.0,
        "Total Operating Income As Reported": 146400000.0,
        "Diluted Average Shares": 354000000.0,
        "Basic Average Shares": 321818182.0,
        "Diluted EPS": 0.1,
        "Basic EPS": 0.11,
        "Diluted NI Availto Com Stockholders": 35400000.0,
        "Net Income Common Stockholders": 35400000.0,
        "Net Income": 35400000.0,
        "Minority Interests": 3100000.0,
        "Net Income Including Noncontrolling Interests": 32300000.0,
        "Net Income Continuous Operations": 32300000.0,
        "Tax Provision": 35400000.0,
        "Pretax Income": 67700000.0,
        "Other Income Expense": 1400000.0,
        "Other Non Operating Income Expenses": 1400000.0,
        "Special Income Charges": 1000000.0,
        "Gain On Sale Of Ppe": 2200000.0,
        "Other Special Charges": NaN,
        "Write Off": 900000.0,
        "Impairment Of Capital Assets": 0.0,
        "Restructuring And Mergern Acquisition": 300000.0,
        "Gain On Sale Of Security": 22400000.0,
        "Net Non Operating Interest Income Expense": -78700000.0,
        "Total Other Finance Cost": 13500000.0,
        "Interest Expense Non Operating": 114300000.0,
        "Interest Income Non Operating": 35600000.0,
        "Operating Income": 145000000.0,
        "Operating Expense": 77300000.0,
        "Other Taxes": 500000.0,
        "Provision For Doubtful Accounts": NaN,
        "Depreciation Amortization Depletion Income Statement": 3100000.0,
        "Depreciation And Amortization In Income Statement": 3100000.0,
        "Amortization": 900000.0,
        "Amortization Of Intangibles Income Statement": 900000.0,
        "Depreciation Income Statement": 2200000.0,
        "Selling General And Administration": 77300000.0,
        "General And Administrative Expense": 77300000.0,
        "Other Gand A": 77300000.0,
        "Rent And Landing Fees": 8200000.0,
        "Salaries And Wages": 47500000.0,
        "Gross Profit": 222300000.0,
        "Cost Of Revenue": 211000000.0,
        "Total Revenue": 433300000.0,
        "Operating Revenue": 433300000.0
    },
    "2025-09-30": {
        "Tax Effect Of Unusual Items": 0.0,
        "Tax Rate For Calcs": 0.217622,
        "Normalized EBITDA": 290100000.0,
        "Total Unusual Items": 134700000.0,
        "Total Unusual Items Excluding Goodwill": 134700000.0,
        "Net Income From Continuing Operation Net Minority Interest": 151000000.0,
        "Reconciled Depreciation": 3100000.0,
        "Reconciled Cost Of Revenue": 239000000.0,
        "EBITDA": 290100000.0,
        "EBIT": 290100000.0,
        "Net Interest Income": 28500000.0,
        "Interest Expense": 101700000.0,
        "Interest Income": 130200000.0,
        "Normalized Income": 151000000.0,
        "Net Income From Continuing And Discontinued Operation": 151000000.0,
        "Total Expenses": 297300000.0,
        "Rent Expense Supplemental": 8900000.0,
        "Total Operating Income As Reported": 159900000.0,
        "Diluted Average Shares": 343181818.0,
        "Basic Average Shares": 335555556.0,
        "Diluted EPS": 0.44,
        "Basic EPS": 0.45,
        "Diluted NI Availto Com Stockholders": 151000000.0,
        "Net Income Common Stockholders": 151000000.0,
        "Net Income": 151000000.0,
        "Minority Interests": 3600000.0,
        "Net Income Including Noncontrolling Interests": 147400000.0,
        "Net Income Continuous Operations": 147400000.0,
        "Tax Provision": 41000000.0,
        "Pretax Income": 188400000.0,
        "Other Income Expense": 2100000.0,
        "Other Non Operating Income Expenses": 2100000.0,
        "Special Income Charges": 24200000.0,
        "Gain On Sale Of Ppe": -600000.0,
        "Other Special Charges": NaN,
        "Write Off": -24900000.0,
        "Impairment Of Capital Assets": 0.0,
        "Restructuring And Mergern Acquisition": 100000.0,
        "Gain On Sale Of Security": 110500000.0,
        "Net Non Operating Interest Income Expense": 28500000.0,
        "Total Other Finance Cost": 4200000.0,
        "Interest Expense Non Operating": 101700000.0,
        "Interest Income Non Operating": 130200000.0,
        "Operating Income": 157800000.0,
        "Operating Expense": 58300000.0,
        "Other Taxes": 100000.0,
        "Provision For Doubtful Accounts": 11800000.0,
        "Depreciation Amortization Depletion Income Statement": 3100000.0,
        "Depreciation And Amortization In Income Statement": 3100000.0,
        "Amortization": 800000.0,
        "Amortization Of Intangibles Income Statement": 800000.0,
        "Depreciation Income Statement": 2300000.0,
        "Selling General And Administration": 58300000.0,
        "General And Administrative Expense": 58300000.0,
        "Other Gand A": 58300000.0,
        "Rent And Landing Fees": 8400000.0,
        "Salaries And Wages": 41200000.0,
        "Gross Profit": 216100000.0,
        "Cost Of Revenue": 239000000.0,
        "Total Revenue": 455100000.0,
        "Operating Revenue": 455100000.0
    }
}