{
    "2025-03-31": {
        "Tax Effect Of Unusual Items": 0.0,
        "Tax Rate For Calcs": 0.0,
        "Normalized EBITDA": -5272000.0,
        "Total Unusual Items": -879000.0,
        "Total Unusual Items Excluding Goodwill": -879000.0,
        "Net Income From Continuing Operation Net Minority Interest": -6671000.0,
        "Reconciled Depreciation": 491000.0,
        "Reconciled Cost Of Revenue": 502000.0,
        "EBITDA": -6151000.0,
        "EBIT": -6642000.0,
        "Net Interest Income": -29000.0,
        "Interest Expense": 29000.0,
        "Normalized Income": -5792000.0,
        "Net Income From Continuing And Discontinued Operation": -6671000.0,
        "Total Expenses": 8058000.0,
        "Total Operating Income As Reported": -6799000.0,
        "Diluted Average Shares": 25694000.0,
        "Basic Average Shares": 25694000.0,
        "Diluted EPS": -0.26,
        "Basic EPS": -0.26,
        "Diluted NI Availto Com Stockholders": -6671000.0,
        "Net Income Common Stockholders": -6671000.0,
        "Otherunder Preferred Stock Dividend": NaN,
        "Net Income": -6671000.0,
        "Net Income Including Noncontrolling Interests": -6671000.0,
        "Net Income Discontinuous Operations": NaN,
        "Net Income Continuous Operations": -6671000.0,
        "Tax Provision": 0.0,
        "Pretax Income": -6671000.0,
        "Other Income Expense": -722000.0,
        "Other Non Operating Income Expenses": 157000.0,
        "Special Income Charges": -879000.0,
        "Write Off": 0.0,
        "Impairment Of Capital Assets": NaN,
        "Restructuring And Mergern Acquisition": 879000.0,
        "Net Non Operating Interest Income Expense": -29000.0,
        "Interest Expense Non Operating": 29000.0,
        "Operating Income": -5920000.0,
        "Operating Expense": 7245000.0,
        "Depreciation Amortization Depletion Income Statement": 180000.0,
        "Depreciation And Amortization In Income Statement": 180000.0,
        "Research And Development": 2924000.0,
        "Selling General And Administration": 4141000.0,
        "Selling And Marketing Expense": 239000.0,
        "General And Administrative Expense": 3902000.0,
        "Other Gand A": 1175000.0,
        "Insurance And Claims": 444000.0,
        "Salaries And Wages": 2283000.0,
        "Gross Profit": 1325000.0,
        "Cost Of Revenue": 813000.0,
        "Total Revenue": 2138000.0,
        "Operating Revenue": 2138000.0
    },
    "2024-12-31": {
        "Tax Effect Of Unusual Items": 0.0,
        "Tax Rate For Calcs": 0.0,
        "Normalized EBITDA": -4714000.0,
        "Total Unusual Items": -28204000.0,
        "Total Unusual Items Excluding Goodwill": -28204000.0,
        "Net Income From Continuing Operation Net Minority Interest": -33511000.0,
        "Reconciled Depreciation": 563000.0,
        "Reconciled Cost Of Revenue": 891000.0,
        "EBITDA": -32918000.0,
        "EBIT": -33481000.0,
        "Net Interest Income": -30000.0,
        "Interest Expense": 30000.0,
        "Normalized Income": -5307000.0,
        "Net Income From Continuing And Discontinued Operation": -33511000.0,
        "Total Expenses": 6909000.0,
        "Total Operating Income As Reported": -33627000.0,
        "Diluted Average Shares": 17382000.0,
        "Basic Average Shares": 17382000.0,
        "Diluted EPS": -1.93,
        "Basic EPS": -1.93,
        "Diluted NI Availto Com Stockholders": -33511000.0,
        "Net Income Common Stockholders": -33511000.0,
        "Otherunder Preferred Stock Dividend": NaN,
        "Net Income": -33511000.0,
        "Net Income Including Noncontrolling Interests": -33511000.0,
        "Net Income Discontinuous Operations": 0.0,
        "Net Income Continuous Operations": -33511000.0,
        "Tax Provision": NaN,
        "Pretax Income": -33511000.0,
        "Other Income Expense": -28058000.0,
        "Other Non Operating Income Expenses": 146000.0,
        "Special Income Charges": -28204000.0,
        "Write Off": 0.0,
        "Impairment Of Capital Assets": 41900000.0,
        "Restructuring And Mergern Acquisition": -13696000.0,
        "Net Non Operating Interest Income Expense": -30000.0,
        "Interest Expense Non Operating": 30000.0,
        "Operating Income": -5423000.0,
        "Operating Expense": 6018000.0,
        "Depreciation Amortization Depletion Income Statement": NaN,
        "Depreciation And Amortization In Income Statement": NaN,
        "Research And Development": 2257000.0,
        "Selling General And Administration": 3398000.0,
        "Selling And Marketing Expense": 238000.0,
        "General And Administrative Expense": 3160000.0,
        "Other Gand A": 744000.0,
        "Insurance And Claims": 385000.0,
        "Salaries And Wages": 2031000.0,
        "Gross Profit": 595000.0,
        "Cost Of Revenue": 891000.0,
        "Total Revenue": 1486000.0,
        "Operating Revenue": 1486000.0
    },
    "2024-09-30": {
        "Tax Effect Of Unusual Items": 0.0,
        "Tax Rate For Calcs": 0.0,
        "Normalized EBITDA": -5982000.0,
        "Total Unusual Items": -7140000.0,
        "Total Unusual Items Excluding Goodwill": -7140000.0,
        "Net Income From Continuing Operation Net Minority Interest": -13493000.0,
        "Reconciled Depreciation": 340000.0,
        "Reconciled Cost Of Revenue": 65000.0,
        "EBITDA": -13122000.0,
        "EBIT": -13462000.0,
        "Net Interest Income": -31000.0,
        "Interest Expense": 31000.0,
        "Normalized Income": -6353000.0,
        "Net Income From Continuing And Discontinued Operation": -13493000.0,
        "Total Expenses": 6490000.0,
        "Total Operating Income As Reported": -13515000.0,
        "Diluted Average Shares": 13714000.0,
        "Basic Average Shares": 13714000.0,
        "Diluted EPS": -0.98,
        "Basic EPS": -0.98,
        "Diluted NI Availto Com Stockholders": -13493000.0,
        "Net Income Common Stockholders": -13493000.0,
        "Otherunder Preferred Stock Dividend": 0.0,
        "Net Income": -13493000.0,
        "Net Income Including Noncontrolling Interests": -13493000.0,
        "Net Income Discontinuous Operations": 0.0,
        "Net Income Continuous Operations": -13493000.0,
        "Tax Provision": 0.0,
        "Pretax Income": -13493000.0,
        "Other Income Expense": -7087000.0,
        "Other Non Operating Income Expenses": 53000.0,
        "Special Income Charges": -7140000.0,
        "Write Off": 0.0,
        "Impairment Of Capital Assets": 0.0,
        "Restructuring And Mergern Acquisition": 7140000.0,
        "Net Non Operating Interest Income Expense": -31000.0,
        "Interest Expense Non Operating": 31000.0,
        "Operating Income": -6375000.0,
        "Operating Expense": 6425000.0,
        "Depreciation Amortization Depletion Income Statement": 66000.0,
        "Depreciation And Amortization In Income Statement": 66000.0,
        "Research And Development": 2817000.0,
        "Selling General And Administration": 3542000.0,
        "Selling And Marketing Expense": 171000.0,
        "General And Administrative Expense": 3371000.0,
        "Other Gand A": 932000.0,
        "Insurance And Claims": 408000.0,
        "Salaries And Wages": 2031000.0,
        "Gross Profit": 50000.0,
        "Cost Of Revenue": 65000.0,
        "Total Revenue": 115000.0,
        "Operating Revenue": 115000.0
    },
    "2024-06-30": {
        "Tax Effect Of Unusual Items": NaN,
        "Tax Rate For Calcs": NaN,
        "Normalized EBITDA": NaN,
        "Total Unusual Items": NaN,
        "Total Unusual Items Excluding Goodwill": NaN,
        "Net Income From Continuing Operation Net Minority Interest": NaN,
        "Reconciled Depreciation": NaN,
        "Reconciled Cost Of Revenue": NaN,
        "EBITDA": NaN,
        "EBIT": NaN,
        "Net Interest Income": NaN,
        "Interest Expense": NaN,
        "Normalized Income": NaN,
        "Net Income From Continuing And Discontinued Operation": NaN,
        "Total Expenses": NaN,
        "Total Operating Income As Reported": NaN,
        "Diluted Average Shares": NaN,
        "Basic Average Shares": NaN,
        "Diluted EPS": NaN,
        "Basic EPS": NaN,
        "Diluted NI Availto Com Stockholders": NaN,
        "Net Income Common Stockholders": NaN,
        "Otherunder Preferred Stock Dividend": 57000.0,
        "Net Income": NaN,
        "Net Income Including Noncontrolling Interests": NaN,
        "Net Income Discontinuous Operations": 0.0,
        "Net Income Continuous Operations": NaN,
        "Tax Provision": 0.0,
        "Pretax Income": NaN,
        "Other Income Expense": NaN,
        "Other Non Operating Income Expenses": NaN,
        "Special Income Charges": NaN,
        "Write Off": NaN,
        "Impairment Of Capital Assets": 0.0,
        "Restructuring And Mergern Acquisition": NaN,
        "Net Non Operating Interest Income Expense": NaN,
        "Interest Expense Non Operating": NaN,
        "Operating Income": NaN,
        "Operating Expense": NaN,
        "Depreciation Amortization Depletion Income Statement": 52000.0,
        "Depreciation And Amortization In Income Statement": 52000.0,
        "Research And Development": NaN,
        "Selling General And Administration": NaN,
        "Selling And Marketing Expense": NaN,
        "General And Administrative Expense": NaN,
        "Other Gand A": NaN,
        "Insurance And Claims": NaN,
        "Salaries And Wages": NaN,
        "Gross Profit": NaN,
        "Cost Of Revenue": NaN,
        "Total Revenue": NaN,
        "Operating Revenue": NaN
    },
    "2024-03-31": {
        "Tax Effect Of Unusual Items": NaN,
        "Tax Rate For Calcs": NaN,
        "Normalized EBITDA": NaN,
        "Total Unusual Items": NaN,
        "Total Unusual Items Excluding Goodwill": NaN,
        "Net Income From Continuing Operation Net Minority Interest": NaN,
        "Reconciled Depreciation": NaN,
        "Reconciled Cost Of Revenue": NaN,
        "EBITDA": NaN,
        "EBIT": NaN,
        "Net Interest Income": NaN,
        "Interest Expense": NaN,
        "Normalized Income": NaN,
        "Net Income From Continuing And Discontinued Operation": NaN,
        "Total Expenses": NaN,
        "Total Operating Income As Reported": NaN,
        "Diluted Average Shares": NaN,
        "Basic Average Shares": NaN,
        "Diluted EPS": NaN,
        "Basic EPS": NaN,
        "Diluted NI Availto Com Stockholders": NaN,
        "Net Income Common Stockholders": NaN,
        "Otherunder Preferred Stock Dividend": 0.0,
        "Preferred Stock Dividends": 206000.0,
        "Net Income": NaN,
        "Net Income Including Noncontrolling Interests": NaN,
        "Net Income Discontinuous Operations": 0.0,
        "Net Income Continuous Operations": NaN,
        "Tax Provision": NaN,
        "Pretax Income": NaN,
        "Other Income Expense": NaN,
        "Other Non Operating Income Expenses": NaN,
        "Special Income Charges": NaN,
        "Write Off": NaN,
        "Impairment Of Capital Assets": 0.0,
        "Restructuring And Mergern Acquisition": NaN,
        "Net Non Operating Interest Income Expense": NaN,
        "Interest Expense Non Operating": NaN,
        "Operating Income": NaN,
        "Operating Expense": NaN,
        "Depreciation Amortization Depletion Income Statement": NaN,
        "Depreciation And Amortization In Income Statement": NaN,
        "Research And Development": NaN,
        "Selling General And Administration": NaN,
        "Selling And Marketing Expense": NaN,
        "General And Administrative Expense": NaN,
        "Other Gand A": NaN,
        "Insurance And Claims": NaN,
        "Salaries And Wages": NaN,
        "Gross Profit": NaN,
        "Cost Of Revenue": NaN,
        "Total Revenue": NaN,
        "Operating Revenue": NaN
    },
    "2023-12-31": {
        "Tax Effect Of Unusual Items": NaN,
        "Tax Rate For Calcs": NaN,
        "Normalized EBITDA": NaN,
        "Total Unusual Items": NaN,
        "Total Unusual Items Excluding Goodwill": NaN,
        "Net Income From Continuing Operation Net Minority Interest": NaN,
        "Reconciled Depreciation": NaN,
        "Reconciled Cost Of Revenue": NaN,
        "EBITDA": NaN,
        "EBIT": NaN,
        "Net Interest Income": NaN,
        "Interest Expense": NaN,
        "Normalized Income": NaN,
        "Net Income From Continuing And Discontinued Operation": NaN,
        "Total Expenses": NaN,
        "Total Operating Income As Reported": NaN,
        "Diluted Average Shares": NaN,
        "Basic Average Shares": NaN,
        "Diluted EPS": NaN,
        "Basic EPS": NaN,
        "Diluted NI Availto Com Stockholders": NaN,
        "Net Income Common Stockholders": NaN,
        "Otherunder Preferred Stock Dividend": NaN,
        "Preferred Stock Dividends": 203000.0,
        "Net Income": NaN,
        "Net Income Including Noncontrolling Interests": NaN,
        "Net Income Discontinuous Operations": 0.0,
        "Net Income Continuous Operations": NaN,
        "Tax Provision": NaN,
        "Pretax Income": NaN,
        "Other Income Expense": NaN,
        "Other Non Operating Income Expenses": NaN,
        "Special Income Charges": NaN,
        "Gain On Sale Of Ppe": 0.0,
        "Write Off": NaN,
        "Impairment Of Capital Assets": -4000.0,
        "Restructuring And Mergern Acquisition": NaN,
        "Gain On Sale Of Security": -69000.0,
        "Net Non Operating Interest Income Expense": NaN,
        "Interest Expense Non Operating": NaN,
        "Operating Income": NaN,
        "Operating Expense": NaN,
        "Depreciation Amortization Depletion Income Statement": NaN,
        "Depreciation And Amortization In Income Statement": NaN,
        "Research And Development": NaN,
        "Selling General And Administration": NaN,
        "Selling And Marketing Expense": NaN,
        "General And Administrative Expense": NaN,
        "Other Gand A": NaN,
        "Insurance And Claims": NaN,
        "Salaries And Wages": NaN,
        "Gross Profit": NaN,
        "Cost Of Revenue": NaN,
        "Total Revenue": NaN,
        "Operating Revenue": NaN
    },
    "2023-09-30": {
        "Tax Effect Of Unusual Items": NaN,
        "Tax Rate For Calcs": NaN,
        "Normalized EBITDA": NaN,
        "Total Unusual Items": NaN,
        "Total Unusual Items Excluding Goodwill": NaN,
        "Net Income From Continuing Operation Net Minority Interest": NaN,
        "Reconciled Depreciation": NaN,
        "Reconciled Cost Of Revenue": NaN,
        "EBITDA": NaN,
        "EBIT": NaN,
        "Net Interest Income": NaN,
        "Interest Expense": NaN,
        "Normalized Income": NaN,
        "Net Income From Continuing And Discontinued Operation": NaN,
        "Total Expenses": NaN,
        "Total Operating Income As Reported": NaN,
        "Diluted Average Shares": NaN,
        "Basic Average Shares": NaN,
        "Diluted EPS": NaN,
        "Basic EPS": NaN,
        "Diluted NI Availto Com Stockholders": NaN,
        "Net Income Common Stockholders": NaN,
        "Otherunder Preferred Stock Dividend": 198000.0,
        "Preferred Stock Dividends": 198000.0,
        "Net Income": NaN,
        "Net Income Including Noncontrolling Interests": NaN,
        "Net Income Discontinuous Operations": NaN,
        "Net Income Continuous Operations": NaN,
        "Tax Provision": NaN,
        "Pretax Income": NaN,
        "Other Income Expense": NaN,
        "Other Non Operating Income Expenses": NaN,
        "Special Income Charges": NaN,
        "Gain On Sale Of Ppe": 0.0,
        "Write Off": NaN,
        "Impairment Of Capital Assets": NaN,
        "Restructuring And Mergern Acquisition": NaN,
        "Gain On Sale Of Security": -89000.0,
        "Net Non Operating Interest Income Expense": NaN,
        "Total Other Finance Cost": -117000.0,
        "Interest Expense Non Operating": NaN,
        "Operating Income": NaN,
        "Operating Expense": NaN,
        "Depreciation Amortization Depletion Income Statement": NaN,
        "Depreciation And Amortization In Income Statement": NaN,
        "Research And Development": NaN,
        "Selling General And Administration": NaN,
        "Selling And Marketing Expense": NaN,
        "General And Administrative Expense": NaN,
        "Other Gand A": NaN,
        "Insurance And Claims": NaN,
        "Salaries And Wages": NaN,
        "Gross Profit": NaN,
        "Cost Of Revenue": NaN,
        "Total Revenue": NaN,
        "Operating Revenue": NaN
    },
    "2025-06-30": {
        "Tax Effect Of Unusual Items": 0.0,
        "Tax Rate For Calcs": 0.0,
        "Normalized EBITDA": -6287000.0,
        "Total Unusual Items": -2871000.0,
        "Total Unusual Items Excluding Goodwill": -2871000.0,
        "Net Income From Continuing Operation Net Minority Interest": -9742000.0,
        "Reconciled Depreciation": 559000.0,
        "Reconciled Cost Of Revenue": 168000.0,
        "EBITDA": -9158000.0,
        "EBIT": -9717000.0,
        "Net Interest Income": -25000.0,
        "Interest Expense": 25000.0,
        "Normalized Income": -6871000.0,
        "Net Income From Continuing And Discontinued Operation": -9742000.0,
        "Total Expenses": 7489000.0,
        "Total Operating Income As Reported": -9842000.0,
        "Diluted Average Shares": 32023000.0,
        "Basic Average Shares": 32023000.0,
        "Diluted EPS": -0.304219,
        "Basic EPS": -0.3,
        "Diluted NI Availto Com Stockholders": -9742000.0,
        "Net Income Common Stockholders": -9742000.0,
        "Otherunder Preferred Stock Dividend": 0.0,
        "Net Income": -9742000.0,
        "Net Income Including Noncontrolling Interests": -9742000.0,
        "Net Income Discontinuous Operations": NaN,
        "Net Income Continuous Operations": -9742000.0,
        "Tax Provision": 0.0,
        "Pretax Income": -9742000.0,
        "Other Income Expense": -2746000.0,
        "Other Non Operating Income Expenses": 125000.0,
        "Special Income Charges": -2871000.0,
        "Write Off": 0.0,
        "Impairment Of Capital Assets": NaN,
        "Restructuring And Mergern Acquisition": 2871000.0,
        "Net Non Operating Interest Income Expense": -25000.0,
        "Interest Expense Non Operating": 25000.0,
        "Operating Income": -6971000.0,
        "Operating Expense": 7321000.0,
        "Depreciation Amortization Depletion Income Statement": 215000.0,
        "Depreciation And Amortization In Income Statement": 215000.0,
        "Research And Development": 3281000.0,
        "Selling General And Administration": 3825000.0,
        "Selling And Marketing Expense": 372000.0,
        "General And Administrative Expense": 3453000.0,
        "Other Gand A": 715000.0,
        "Insurance And Claims": 410000.0,
        "Salaries And Wages": 2328000.0,
        "Gross Profit": 350000.0,
        "Cost Of Revenue": 168000.0,
        "Total Revenue": 518000.0,
        "Operating Revenue": 518000.0
    },
    "2025-09-30": {
        "Tax Effect Of Unusual Items": 0.0,
        "Tax Rate For Calcs": 0.0,
        "Normalized EBITDA": -6863000.0,
        "Total Unusual Items": -3378000.0,
        "Total Unusual Items Excluding Goodwill": -3378000.0,
        "Net Income From Continuing Operation Net Minority Interest": -10854000.0,
        "Reconciled Depreciation": 584000.0,
        "Reconciled Cost Of Revenue": 121000.0,
        "EBITDA": -10241000.0,
        "EBIT": -10825000.0,
        "Net Interest Income": -29000.0,
        "Interest Expense": 29000.0,
        "Normalized Income": -7476000.0,
        "Net Income From Continuing And Discontinued Operation": -10854000.0,
        "Total Expenses": 7930000.0,
        "Total Operating Income As Reported": -11048000.0,
        "Diluted Average Shares": 32033000.0,
        "Basic Average Shares": 32033000.0,
        "Diluted EPS": -0.34,
        "Basic EPS": -0.34,
        "Diluted NI Availto Com Stockholders": -10854000.0,
        "Net Income Common Stockholders": -10854000.0,
        "Otherunder Preferred Stock Dividend": 0.0,
        "Net Income": -10854000.0,
        "Net Income Including Noncontrolling Interests": -10854000.0,
        "Net Income Discontinuous Operations": NaN,
        "Net Income Continuous Operations": -10854000.0,
        "Tax Provision": 0.0,
        "Pretax Income": -10854000.0,
        "Other Income Expense": -3155000.0,
        "Other Non Operating Income Expenses": 223000.0,
        "Special Income Charges": -3378000.0,
        "Write Off": 0.0,
        "Impairment Of Capital Assets": NaN,
        "Restructuring And Mergern Acquisition": 3378000.0,
        "Net Non Operating Interest Income Expense": -29000.0,
        "Interest Expense Non Operating": 29000.0,
        "Operating Income": -7670000.0,
        "Operating Expense": 7809000.0,
        "Depreciation Amortization Depletion Income Statement": 234000.0,
        "Depreciation And Amortization In Income Statement": 234000.0,
        "Research And Development": 3878000.0,
        "Selling General And Administration": 3697000.0,
        "Selling And Marketing Expense": 217000.0,
        "General And Administrative Expense": 3480000.0,
        "Other Gand A": 758000.0,
        "Insurance And Claims": 160000.0,
        "Salaries And Wages": 2562000.0,
        "Gross Profit": 139000.0,
        "Cost Of Revenue": 121000.0,
        "Total Revenue": 260000.0,
        "Operating Revenue": 260000.0
    }
}