{
    "2023-03-31": {
        "Tax Effect Of Unusual Items": NaN,
        "Tax Rate For Calcs": NaN,
        "Normalized EBITDA": NaN,
        "Total Unusual Items": 0.0,
        "Total Unusual Items Excluding Goodwill": 0.0,
        "Net Income From Continuing Operation Net Minority Interest": NaN,
        "Reconciled Depreciation": NaN,
        "EBITDA": NaN,
        "EBIT": NaN,
        "Net Interest Income": NaN,
        "Interest Income": NaN,
        "Normalized Income": NaN,
        "Net Income From Continuing And Discontinued Operation": NaN,
        "Total Expenses": NaN,
        "Total Operating Income As Reported": NaN,
        "Diluted Average Shares": 12182478.0,
        "Basic Average Shares": 12182478.0,
        "Diluted EPS": -0.35,
        "Basic EPS": -0.35,
        "Diluted NI Availto Com Stockholders": NaN,
        "Net Income Common Stockholders": NaN,
        "Otherunder Preferred Stock Dividend": NaN,
        "Net Income": NaN,
        "Net Income Including Noncontrolling Interests": NaN,
        "Net Income Continuous Operations": NaN,
        "Pretax Income": NaN,
        "Other Income Expense": NaN,
        "Special Income Charges": 0.0,
        "Other Special Charges": NaN,
        "Net Non Operating Interest Income Expense": NaN,
        "Interest Income Non Operating": NaN,
        "Operating Income": NaN,
        "Operating Expense": NaN,
        "Research And Development": NaN,
        "Selling General And Administration": NaN,
        "General And Administrative Expense": NaN,
        "Other Gand A": NaN,
        "Total Revenue": NaN,
        "Operating Revenue": NaN
    },
    "2022-12-31": {
        "Tax Effect Of Unusual Items": NaN,
        "Tax Rate For Calcs": NaN,
        "Normalized EBITDA": NaN,
        "Total Unusual Items": NaN,
        "Total Unusual Items Excluding Goodwill": NaN,
        "Net Income From Continuing Operation Net Minority Interest": NaN,
        "Reconciled Depreciation": NaN,
        "EBITDA": NaN,
        "EBIT": NaN,
        "Net Interest Income": NaN,
        "Interest Income": NaN,
        "Normalized Income": NaN,
        "Net Income From Continuing And Discontinued Operation": NaN,
        "Total Expenses": NaN,
        "Total Operating Income As Reported": NaN,
        "Diluted Average Shares": NaN,
        "Basic Average Shares": NaN,
        "Diluted EPS": NaN,
        "Basic EPS": NaN,
        "Diluted NI Availto Com Stockholders": NaN,
        "Net Income Common Stockholders": NaN,
        "Otherunder Preferred Stock Dividend": 0.0,
        "Net Income": NaN,
        "Net Income Including Noncontrolling Interests": NaN,
        "Net Income Continuous Operations": NaN,
        "Pretax Income": NaN,
        "Other Income Expense": NaN,
        "Special Income Charges": NaN,
        "Other Special Charges": NaN,
        "Net Non Operating Interest Income Expense": NaN,
        "Total Other Finance Cost": -1000.0,
        "Interest Income Non Operating": NaN,
        "Operating Income": NaN,
        "Operating Expense": NaN,
        "Research And Development": NaN,
        "Selling General And Administration": NaN,
        "General And Administrative Expense": NaN,
        "Other Gand A": NaN,
        "Total Revenue": NaN,
        "Operating Revenue": NaN
    },
    "2022-09-30": {
        "Tax Effect Of Unusual Items": NaN,
        "Tax Rate For Calcs": NaN,
        "Normalized EBITDA": NaN,
        "Total Unusual Items": NaN,
        "Total Unusual Items Excluding Goodwill": NaN,
        "Net Income From Continuing Operation Net Minority Interest": NaN,
        "Reconciled Depreciation": NaN,
        "EBITDA": NaN,
        "EBIT": NaN,
        "Net Interest Income": NaN,
        "Interest Income": NaN,
        "Normalized Income": NaN,
        "Net Income From Continuing And Discontinued Operation": NaN,
        "Total Expenses": NaN,
        "Total Operating Income As Reported": NaN,
        "Diluted Average Shares": 12127501.0,
        "Basic Average Shares": 12127501.0,
        "Diluted EPS": -0.75,
        "Basic EPS": -0.75,
        "Diluted NI Availto Com Stockholders": NaN,
        "Net Income Common Stockholders": NaN,
        "Otherunder Preferred Stock Dividend": 622000.0,
        "Net Income": NaN,
        "Net Income Including Noncontrolling Interests": NaN,
        "Net Income Continuous Operations": NaN,
        "Pretax Income": NaN,
        "Other Income Expense": NaN,
        "Special Income Charges": NaN,
        "Other Special Charges": NaN,
        "Net Non Operating Interest Income Expense": NaN,
        "Total Other Finance Cost": -1000.0,
        "Interest Income Non Operating": NaN,
        "Operating Income": NaN,
        "Operating Expense": NaN,
        "Research And Development": NaN,
        "Selling General And Administration": NaN,
        "General And Administrative Expense": NaN,
        "Other Gand A": NaN,
        "Total Revenue": NaN,
        "Operating Revenue": NaN
    },
    "2022-06-30": {
        "Tax Effect Of Unusual Items": 0.0,
        "Tax Rate For Calcs": 0.0,
        "Normalized EBITDA": -8805000.0,
        "Net Income From Continuing Operation Net Minority Interest": -8924000.0,
        "Reconciled Depreciation": 121000.0,
        "EBITDA": -8805000.0,
        "EBIT": -8926000.0,
        "Net Interest Income": 2000.0,
        "Interest Income": NaN,
        "Normalized Income": -8924000.0,
        "Net Income From Continuing And Discontinued Operation": -8924000.0,
        "Total Expenses": 8926000.0,
        "Total Operating Income As Reported": -8926000.0,
        "Diluted Average Shares": 12127385.0,
        "Basic Average Shares": 12127385.0,
        "Diluted EPS": -0.74,
        "Basic EPS": -0.74,
        "Diluted NI Availto Com Stockholders": -8924000.0,
        "Net Income Common Stockholders": -8924000.0,
        "Otherunder Preferred Stock Dividend": NaN,
        "Net Income": -8924000.0,
        "Net Income Including Noncontrolling Interests": -8924000.0,
        "Net Income Continuous Operations": -8924000.0,
        "Pretax Income": -8924000.0,
        "Net Non Operating Interest Income Expense": 2000.0,
        "Total Other Finance Cost": -2000.0,
        "Interest Income Non Operating": NaN,
        "Operating Income": -8926000.0,
        "Operating Expense": 8926000.0,
        "Research And Development": 5717000.0,
        "Selling General And Administration": 3209000.0,
        "General And Administrative Expense": 3209000.0,
        "Other Gand A": 3209000.0,
        "Total Revenue": 0.0,
        "Operating Revenue": 0.0
    },
    "2022-03-31": {
        "Diluted EPS": -0.96,
        "Total Revenue": NaN,
        "Gross Profit": NaN,
        "Operating Income": -12,
        "EBIT": -12,
        "Net Income": -12
    },
    "2021-12-31": {
        "Diluted EPS": -0.66,
        "Total Revenue": NaN,
        "Gross Profit": NaN,
        "Operating Income": -8,
        "EBIT": -8,
        "Net Income": -8
    },
    "2021-09-30": {
        "Diluted EPS": -0.65,
        "Total Revenue": NaN,
        "Gross Profit": NaN,
        "Operating Income": -8,
        "EBIT": -7,
        "Net Income": -8
    },
    "2021-06-30": {
        "Diluted EPS": -0.46,
        "Total Revenue": NaN,
        "Gross Profit": NaN,
        "Operating Income": -6,
        "EBIT": -6,
        "Net Income": -5
    },
    "2021-03-31": {
        "Diluted EPS": -0.37,
        "Total Revenue": NaN,
        "Gross Profit": NaN,
        "Operating Income": -4,
        "EBIT": -4,
        "Net Income": -4
    },
    "2020-12-31": {
        "Diluted EPS": 7.15,
        "Total Revenue": NaN,
        "Gross Profit": NaN,
        "Operating Income": -4,
        "EBIT": -4,
        "Net Income": -4
    },
    "2020-09-30": {
        "Diluted EPS": -7.52,
        "Total Revenue": NaN,
        "Gross Profit": NaN,
        "Operating Income": -3,
        "EBIT": -3,
        "Net Income": -8
    },
    "2020-06-30": {
        "Diluted EPS": -2.45,
        "Total Revenue": NaN,
        "Gross Profit": NaN,
        "Operating Income": -3,
        "EBIT": -3,
        "Net Income": -3
    },
    "2020-03-31": {
        "Diluted EPS": -2.44,
        "Total Revenue": NaN,
        "Gross Profit": NaN,
        "Operating Income": -3,
        "EBIT": -2,
        "Net Income": -3
    },
    "2019-12-31": {
        "Diluted EPS": 0.0,
        "Total Revenue": NaN,
        "Gross Profit": NaN,
        "Operating Income": NaN,
        "EBIT": NaN,
        "Net Income": NaN
    },
    "2019-09-30": {
        "Diluted EPS": -2.5,
        "Total Revenue": NaN,
        "Gross Profit": NaN,
        "Operating Income": -3,
        "EBIT": -3,
        "Net Income": -3
    },
    "2018-12-31": {
        "Diluted EPS": 0.0,
        "Total Revenue": NaN,
        "Gross Profit": NaN,
        "Operating Income": NaN,
        "EBIT": NaN,
        "Net Income": NaN
    },
    "2023-06-30": {
        "Tax Effect Of Unusual Items": NaN,
        "Tax Rate For Calcs": NaN,
        "Normalized EBITDA": NaN,
        "Total Unusual Items": NaN,
        "Total Unusual Items Excluding Goodwill": NaN,
        "Net Income From Continuing Operation Net Minority Interest": NaN,
        "Reconciled Depreciation": NaN,
        "EBITDA": NaN,
        "EBIT": NaN,
        "Net Interest Income": NaN,
        "Interest Income": NaN,
        "Normalized Income": NaN,
        "Net Income From Continuing And Discontinued Operation": NaN,
        "Total Expenses": NaN,
        "Total Operating Income As Reported": NaN,
        "Diluted Average Shares": 12197801.0,
        "Basic Average Shares": 12197801.0,
        "Diluted EPS": -0.46,
        "Basic EPS": -0.46,
        "Diluted NI Availto Com Stockholders": NaN,
        "Net Income Common Stockholders": NaN,
        "Otherunder Preferred Stock Dividend": NaN,
        "Net Income": NaN,
        "Net Income Including Noncontrolling Interests": NaN,
        "Net Income Continuous Operations": NaN,
        "Pretax Income": NaN,
        "Other Income Expense": NaN,
        "Special Income Charges": NaN,
        "Other Special Charges": NaN,
        "Restructuring And Mergern Acquisition": NaN,
        "Net Non Operating Interest Income Expense": NaN,
        "Interest Income Non Operating": NaN,
        "Operating Income": NaN,
        "Operating Expense": NaN,
        "Research And Development": NaN,
        "Selling General And Administration": NaN,
        "General And Administrative Expense": NaN,
        "Other Gand A": NaN,
        "Total Revenue": NaN,
        "Operating Revenue": NaN
    },
    "2023-09-30": {
        "Tax Effect Of Unusual Items": NaN,
        "Tax Rate For Calcs": NaN,
        "Normalized EBITDA": NaN,
        "Total Unusual Items": NaN,
        "Total Unusual Items Excluding Goodwill": NaN,
        "Net Income From Continuing Operation Net Minority Interest": NaN,
        "Reconciled Depreciation": NaN,
        "EBITDA": NaN,
        "EBIT": NaN,
        "Net Interest Income": NaN,
        "Interest Income": NaN,
        "Normalized Income": NaN,
        "Net Income From Continuing And Discontinued Operation": NaN,
        "Total Expenses": NaN,
        "Total Operating Income As Reported": NaN,
        "Diluted Average Shares": 12202335.0,
        "Basic Average Shares": 12202335.0,
        "Diluted EPS": -0.36,
        "Basic EPS": -0.36,
        "Diluted NI Availto Com Stockholders": NaN,
        "Net Income Common Stockholders": NaN,
        "Otherunder Preferred Stock Dividend": 0.0,
        "Net Income": NaN,
        "Net Income Including Noncontrolling Interests": NaN,
        "Net Income Continuous Operations": NaN,
        "Pretax Income": NaN,
        "Other Income Expense": NaN,
        "Special Income Charges": NaN,
        "Other Special Charges": NaN,
        "Restructuring And Mergern Acquisition": 0.0,
        "Net Non Operating Interest Income Expense": NaN,
        "Interest Income Non Operating": NaN,
        "Operating Income": NaN,
        "Operating Expense": NaN,
        "Research And Development": NaN,
        "Selling General And Administration": NaN,
        "General And Administrative Expense": NaN,
        "Other Gand A": NaN,
        "Total Revenue": NaN,
        "Operating Revenue": NaN
    },
    "2023-12-31": {
        "Tax Effect Of Unusual Items": NaN,
        "Tax Rate For Calcs": NaN,
        "Normalized EBITDA": NaN,
        "Total Unusual Items": NaN,
        "Total Unusual Items Excluding Goodwill": NaN,
        "Net Income From Continuing Operation Net Minority Interest": NaN,
        "Reconciled Depreciation": NaN,
        "EBITDA": NaN,
        "EBIT": NaN,
        "Net Interest Income": NaN,
        "Interest Income": NaN,
        "Normalized Income": NaN,
        "Net Income From Continuing And Discontinued Operation": NaN,
        "Total Expenses": NaN,
        "Total Operating Income As Reported": NaN,
        "Diluted Average Shares": NaN,
        "Basic Average Shares": NaN,
        "Diluted EPS": NaN,
        "Basic EPS": NaN,
        "Diluted NI Availto Com Stockholders": NaN,
        "Net Income Common Stockholders": NaN,
        "Otherunder Preferred Stock Dividend": 0.0,
        "Net Income": NaN,
        "Net Income Including Noncontrolling Interests": NaN,
        "Net Income Continuous Operations": NaN,
        "Pretax Income": NaN,
        "Other Income Expense": NaN,
        "Special Income Charges": NaN,
        "Other Special Charges": NaN,
        "Restructuring And Mergern Acquisition": NaN,
        "Net Non Operating Interest Income Expense": NaN,
        "Interest Income Non Operating": NaN,
        "Operating Income": NaN,
        "Operating Expense": NaN,
        "Research And Development": NaN,
        "Selling General And Administration": NaN,
        "General And Administrative Expense": NaN,
        "Other Gand A": NaN,
        "Total Revenue": NaN,
        "Operating Revenue": NaN
    },
    "2024-03-31": {
        "Tax Effect Of Unusual Items": 0.0,
        "Tax Rate For Calcs": 0.0,
        "Normalized EBITDA": 91872000.0,
        "Total Unusual Items": -111954000.0,
        "Total Unusual Items Excluding Goodwill": -111954000.0,
        "Net Income From Continuing Operation Net Minority Interest": -129492000.0,
        "Reconciled Depreciation": 263000.0,
        "EBITDA": -20082000.0,
        "EBIT": -20345000.0,
        "Net Interest Income": 2807000.0,
        "Interest Income": 2807000.0,
        "Normalized Income": -17538000.0,
        "Net Income From Continuing And Discontinued Operation": -129492000.0,
        "Total Expenses": 21374000.0,
        "Total Operating Income As Reported": -132299000.0,
        "Diluted Average Shares": 51544383.0,
        "Basic Average Shares": 51544383.0,
        "Diluted EPS": -2.51,
        "Basic EPS": -2.51,
        "Diluted NI Availto Com Stockholders": -129492000.0,
        "Net Income Common Stockholders": -129492000.0,
        "Otherunder Preferred Stock Dividend": NaN,
        "Net Income": -129492000.0,
        "Net Income Including Noncontrolling Interests": -129492000.0,
        "Net Income Continuous Operations": -129492000.0,
        "Pretax Income": -129492000.0,
        "Other Income Expense": -111954000.0,
        "Special Income Charges": -111954000.0,
        "Other Special Charges": 111954000.0,
        "Restructuring And Mergern Acquisition": 111954000.0,
        "Net Non Operating Interest Income Expense": 2807000.0,
        "Interest Income Non Operating": 2807000.0,
        "Operating Income": -20345000.0,
        "Operating Expense": 21374000.0,
        "Research And Development": 15369000.0,
        "Selling General And Administration": 6005000.0,
        "General And Administrative Expense": 6005000.0,
        "Other Gand A": 6005000.0,
        "Total Revenue": 1029000.0,
        "Operating Revenue": 1029000.0
    },
    "2024-06-30": {
        "Tax Effect Of Unusual Items": 0.0,
        "Tax Rate For Calcs": 0.0,
        "Normalized EBITDA": -26712000.0,
        "Total Unusual Items": -6312000.0,
        "Total Unusual Items Excluding Goodwill": -6312000.0,
        "Net Income From Continuing Operation Net Minority Interest": -36122000.0,
        "Reconciled Depreciation": 673000.0,
        "EBITDA": -33024000.0,
        "EBIT": -33697000.0,
        "Net Interest Income": 3887000.0,
        "Interest Income": 3887000.0,
        "Normalized Income": -29810000.0,
        "Net Income From Continuing And Discontinued Operation": -36122000.0,
        "Total Expenses": 36061000.0,
        "Total Operating Income As Reported": -40009000.0,
        "Diluted Average Shares": 59936703.0,
        "Basic Average Shares": 59936703.0,
        "Diluted EPS": -0.6,
        "Basic EPS": -0.6,
        "Diluted NI Availto Com Stockholders": -36122000.0,
        "Net Income Common Stockholders": -36122000.0,
        "Otherunder Preferred Stock Dividend": NaN,
        "Net Income": -36122000.0,
        "Net Income Including Noncontrolling Interests": -36122000.0,
        "Net Income Continuous Operations": -36122000.0,
        "Pretax Income": -36122000.0,
        "Other Income Expense": -6312000.0,
        "Special Income Charges": -6312000.0,
        "Other Special Charges": 6312000.0,
        "Restructuring And Mergern Acquisition": 6312000.0,
        "Net Non Operating Interest Income Expense": 3887000.0,
        "Interest Income Non Operating": 3887000.0,
        "Operating Income": -33697000.0,
        "Operating Expense": 36061000.0,
        "Research And Development": 29083000.0,
        "Selling General And Administration": 6978000.0,
        "General And Administrative Expense": 6978000.0,
        "Other Gand A": 6978000.0,
        "Total Revenue": 2364000.0,
        "Operating Revenue": 2364000.0
    },
    "2024-09-30": {
        "Tax Effect Of Unusual Items": 0.0,
        "Tax Rate For Calcs": 0.0,
        "Normalized EBITDA": -36539000.0,
        "Total Unusual Items": -6706000.0,
        "Total Unusual Items Excluding Goodwill": -6706000.0,
        "Net Income From Continuing Operation Net Minority Interest": -47100000.0,
        "Reconciled Depreciation": 571000.0,
        "EBITDA": -43245000.0,
        "EBIT": -43816000.0,
        "Net Interest Income": 3422000.0,
        "Interest Income": 3422000.0,
        "Normalized Income": -40394000.0,
        "Net Income From Continuing And Discontinued Operation": -47100000.0,
        "Total Expenses": 46726000.0,
        "Total Operating Income As Reported": -50522000.0,
        "Diluted Average Shares": 60205327.0,
        "Basic Average Shares": 60205327.0,
        "Diluted EPS": -0.78,
        "Basic EPS": -0.78,
        "Diluted NI Availto Com Stockholders": -47100000.0,
        "Net Income Common Stockholders": -47100000.0,
        "Otherunder Preferred Stock Dividend": NaN,
        "Net Income": -47100000.0,
        "Net Income Including Noncontrolling Interests": -47100000.0,
        "Net Income Continuous Operations": -47100000.0,
        "Pretax Income": -47100000.0,
        "Other Income Expense": -6706000.0,
        "Special Income Charges": -6706000.0,
        "Other Special Charges": 6706000.0,
        "Restructuring And Mergern Acquisition": 6706000.0,
        "Net Non Operating Interest Income Expense": 3422000.0,
        "Interest Income Non Operating": 3422000.0,
        "Operating Income": -43816000.0,
        "Operating Expense": 46726000.0,
        "Research And Development": 37200000.0,
        "Selling General And Administration": 9526000.0,
        "General And Administrative Expense": 9526000.0,
        "Other Gand A": 9526000.0,
        "Total Revenue": 2910000.0,
        "Operating Revenue": 2910000.0
    },
    "2024-12-31": {
        "Tax Effect Of Unusual Items": 0.0,
        "Tax Rate For Calcs": 0.0,
        "Normalized EBITDA": -27631000.0,
        "Total Unusual Items": -27372000.0,
        "Total Unusual Items Excluding Goodwill": -27372000.0,
        "Net Income From Continuing Operation Net Minority Interest": -80249000.0,
        "Reconciled Depreciation": 595000.0,
        "EBITDA": -55003000.0,
        "EBIT": -55598000.0,
        "Net Interest Income": 2721000.0,
        "Interest Income": 2721000.0,
        "Normalized Income": -52877000.0,
        "Net Income From Continuing And Discontinued Operation": -80249000.0,
        "Total Expenses": 58336000.0,
        "Total Operating Income As Reported": -82970000.0,
        "Diluted Average Shares": NaN,
        "Basic Average Shares": NaN,
        "Diluted EPS": NaN,
        "Basic EPS": NaN,
        "Diluted NI Availto Com Stockholders": -80249000.0,
        "Net Income Common Stockholders": -80249000.0,
        "Otherunder Preferred Stock Dividend": NaN,
        "Net Income": -80249000.0,
        "Net Income Including Noncontrolling Interests": -80249000.0,
        "Net Income Continuous Operations": -80249000.0,
        "Pretax Income": -80249000.0,
        "Other Income Expense": -27372000.0,
        "Special Income Charges": -27372000.0,
        "Other Special Charges": 27372000.0,
        "Restructuring And Mergern Acquisition": 27372000.0,
        "Net Non Operating Interest Income Expense": 2721000.0,
        "Interest Income Non Operating": 2721000.0,
        "Operating Income": -55598000.0,
        "Operating Expense": 58336000.0,
        "Research And Development": 47890000.0,
        "Selling General And Administration": 10446000.0,
        "General And Administrative Expense": 10446000.0,
        "Other Gand A": 10446000.0,
        "Total Revenue": 2738000.0,
        "Operating Revenue": 2738000.0
    },
    "2025-03-31": {
        "Tax Effect Of Unusual Items": 0.0,
        "Tax Rate For Calcs": 0.0,
        "Normalized EBITDA": -43910000.0,
        "Total Unusual Items": 0.0,
        "Total Unusual Items Excluding Goodwill": 0.0,
        "Net Income From Continuing Operation Net Minority Interest": -41640000.0,
        "Reconciled Depreciation": 726000.0,
        "EBITDA": -43910000.0,
        "EBIT": -44636000.0,
        "Net Interest Income": 2996000.0,
        "Interest Income": 2996000.0,
        "Normalized Income": -41640000.0,
        "Net Income From Continuing And Discontinued Operation": -41640000.0,
        "Total Expenses": 47562000.0,
        "Total Operating Income As Reported": -44636000.0,
        "Diluted Average Shares": 79410354.0,
        "Basic Average Shares": 79410354.0,
        "Diluted EPS": -0.52,
        "Basic EPS": -0.52,
        "Diluted NI Availto Com Stockholders": -41640000.0,
        "Net Income Common Stockholders": -41640000.0,
        "Otherunder Preferred Stock Dividend": NaN,
        "Net Income": -41640000.0,
        "Net Income Including Noncontrolling Interests": -41640000.0,
        "Net Income Continuous Operations": -41640000.0,
        "Pretax Income": -41640000.0,
        "Other Income Expense": NaN,
        "Special Income Charges": 0.0,
        "Other Special Charges": NaN,
        "Restructuring And Mergern Acquisition": NaN,
        "Net Non Operating Interest Income Expense": 2996000.0,
        "Interest Income Non Operating": 2996000.0,
        "Operating Income": -44636000.0,
        "Operating Expense": 47562000.0,
        "Research And Development": 36872000.0,
        "Selling General And Administration": 10690000.0,
        "General And Administrative Expense": 10690000.0,
        "Other Gand A": 10690000.0,
        "Total Revenue": 2926000.0,
        "Operating Revenue": 2926000.0
    }
}