{
    "2023-03-31": {
        "Tax Effect Of Unusual Items": NaN,
        "Tax Rate For Calcs": NaN,
        "Normalized EBITDA": NaN,
        "Total Unusual Items": NaN,
        "Total Unusual Items Excluding Goodwill": NaN,
        "Net Income From Continuing Operation Net Minority Interest": NaN,
        "Reconciled Depreciation": NaN,
        "EBITDA": NaN,
        "EBIT": NaN,
        "Net Interest Income": NaN,
        "Interest Expense": NaN,
        "Interest Income": NaN,
        "Normalized Income": NaN,
        "Net Income From Continuing And Discontinued Operation": NaN,
        "Total Expenses": NaN,
        "Total Operating Income As Reported": NaN,
        "Diluted Average Shares": 8281000.0,
        "Basic Average Shares": 8281000.0,
        "Diluted EPS": -0.68,
        "Basic EPS": -0.68,
        "Diluted NI Availto Com Stockholders": NaN,
        "Net Income Common Stockholders": NaN,
        "Net Income": NaN,
        "Net Income Including Noncontrolling Interests": NaN,
        "Net Income Continuous Operations": NaN,
        "Pretax Income": NaN,
        "Other Income Expense": NaN,
        "Special Income Charges": NaN,
        "Other Special Charges": NaN,
        "Gain On Sale Of Security": NaN,
        "Net Non Operating Interest Income Expense": NaN,
        "Interest Expense Non Operating": NaN,
        "Interest Income Non Operating": NaN,
        "Operating Income": NaN,
        "Operating Expense": NaN,
        "Research And Development": NaN,
        "Selling General And Administration": NaN,
        "General And Administrative Expense": NaN,
        "Other Gand A": NaN,
        "Total Revenue": NaN,
        "Operating Revenue": NaN
    },
    "2022-12-31": {
        "Tax Effect Of Unusual Items": NaN,
        "Tax Rate For Calcs": NaN,
        "Normalized EBITDA": NaN,
        "Total Unusual Items": NaN,
        "Total Unusual Items Excluding Goodwill": NaN,
        "Net Income From Continuing Operation Net Minority Interest": NaN,
        "Reconciled Depreciation": NaN,
        "EBITDA": NaN,
        "EBIT": NaN,
        "Net Interest Income": NaN,
        "Interest Expense": NaN,
        "Interest Income": NaN,
        "Normalized Income": NaN,
        "Net Income From Continuing And Discontinued Operation": NaN,
        "Total Expenses": NaN,
        "Total Operating Income As Reported": NaN,
        "Diluted Average Shares": NaN,
        "Basic Average Shares": NaN,
        "Diluted EPS": NaN,
        "Basic EPS": NaN,
        "Diluted NI Availto Com Stockholders": NaN,
        "Net Income Common Stockholders": NaN,
        "Net Income": NaN,
        "Net Income Including Noncontrolling Interests": NaN,
        "Net Income Continuous Operations": NaN,
        "Pretax Income": NaN,
        "Other Income Expense": NaN,
        "Other Non Operating Income Expenses": 0.0,
        "Special Income Charges": -7970234.0,
        "Other Special Charges": NaN,
        "Gain On Sale Of Security": NaN,
        "Net Non Operating Interest Income Expense": NaN,
        "Interest Expense Non Operating": NaN,
        "Interest Income Non Operating": NaN,
        "Operating Income": NaN,
        "Operating Expense": NaN,
        "Research And Development": NaN,
        "Selling General And Administration": NaN,
        "General And Administrative Expense": NaN,
        "Other Gand A": NaN,
        "Total Revenue": NaN,
        "Operating Revenue": NaN
    },
    "2022-09-30": {
        "Tax Effect Of Unusual Items": NaN,
        "Tax Rate For Calcs": NaN,
        "Normalized EBITDA": NaN,
        "Total Unusual Items": NaN,
        "Total Unusual Items Excluding Goodwill": NaN,
        "Net Income From Continuing Operation Net Minority Interest": NaN,
        "Reconciled Depreciation": NaN,
        "EBITDA": NaN,
        "EBIT": NaN,
        "Net Interest Income": NaN,
        "Interest Expense": NaN,
        "Interest Income": NaN,
        "Normalized Income": NaN,
        "Net Income From Continuing And Discontinued Operation": NaN,
        "Total Expenses": NaN,
        "Total Operating Income As Reported": NaN,
        "Diluted Average Shares": 7098741.0,
        "Basic Average Shares": 7098741.0,
        "Diluted EPS": -0.87,
        "Basic EPS": -0.87,
        "Diluted NI Availto Com Stockholders": NaN,
        "Net Income Common Stockholders": NaN,
        "Net Income": NaN,
        "Net Income Including Noncontrolling Interests": NaN,
        "Net Income Continuous Operations": NaN,
        "Pretax Income": NaN,
        "Other Income Expense": NaN,
        "Other Non Operating Income Expenses": NaN,
        "Special Income Charges": 0.0,
        "Other Special Charges": NaN,
        "Gain On Sale Of Security": NaN,
        "Net Non Operating Interest Income Expense": NaN,
        "Interest Expense Non Operating": NaN,
        "Interest Income Non Operating": NaN,
        "Operating Income": NaN,
        "Operating Expense": NaN,
        "Research And Development": NaN,
        "Selling General And Administration": NaN,
        "General And Administrative Expense": NaN,
        "Other Gand A": NaN,
        "Total Revenue": NaN,
        "Operating Revenue": NaN
    },
    "2022-06-30": {
        "Tax Effect Of Unusual Items": 0.0,
        "Tax Rate For Calcs": 0.0,
        "Normalized EBITDA": -5748352.0,
        "Total Unusual Items": -21596.0,
        "Total Unusual Items Excluding Goodwill": -21596.0,
        "Net Income From Continuing Operation Net Minority Interest": -6042937.0,
        "Reconciled Depreciation": 167965.0,
        "EBITDA": -5769948.0,
        "EBIT": -5937913.0,
        "Net Interest Income": -43073.0,
        "Interest Expense": 105024.0,
        "Interest Income": 61951.0,
        "Normalized Income": -6021341.0,
        "Net Income From Continuing And Discontinued Operation": -6042937.0,
        "Total Expenses": 6103271.0,
        "Total Operating Income As Reported": -5978271.0,
        "Diluted Average Shares": 6981970.0,
        "Basic Average Shares": 6981970.0,
        "Diluted EPS": -0.87,
        "Basic EPS": -0.87,
        "Diluted NI Availto Com Stockholders": -6042937.0,
        "Net Income Common Stockholders": -6042937.0,
        "Net Income": -6042937.0,
        "Net Income Including Noncontrolling Interests": -6042937.0,
        "Net Income Continuous Operations": -6042937.0,
        "Pretax Income": -6042937.0,
        "Other Income Expense": -21593.0,
        "Other Non Operating Income Expenses": 3.0,
        "Special Income Charges": 0.0,
        "Other Special Charges": NaN,
        "Gain On Sale Of Security": -21596.0,
        "Net Non Operating Interest Income Expense": -43073.0,
        "Interest Expense Non Operating": 105024.0,
        "Interest Income Non Operating": 61951.0,
        "Operating Income": -5978271.0,
        "Operating Expense": 6103271.0,
        "Research And Development": 3226295.0,
        "Selling General And Administration": 2876976.0,
        "General And Administrative Expense": 2876976.0,
        "Other Gand A": 2876976.0,
        "Total Revenue": 125000.0,
        "Operating Revenue": 125000.0
    },
    "2022-03-31": {
        "Diluted EPS": -1.82,
        "Total Revenue": 0,
        "Gross Profit": 0,
        "Operating Income": -6,
        "EBIT": -6,
        "Net Income": -10
    },
    "2021-12-31": {
        "Diluted EPS": 1.37,
        "Total Revenue": 0,
        "Gross Profit": 0,
        "Operating Income": -5,
        "EBIT": -5,
        "Net Income": -4
    },
    "2021-09-30": {
        "Diluted EPS": -0.94,
        "Total Revenue": 0,
        "Gross Profit": 0,
        "Operating Income": -5,
        "EBIT": -5,
        "Net Income": -5
    },
    "2021-06-30": {
        "Diluted EPS": -0.95,
        "Total Revenue": 0,
        "Gross Profit": 0,
        "Operating Income": -5,
        "EBIT": -5,
        "Net Income": -5
    },
    "2021-03-31": {
        "Diluted EPS": -3.31,
        "Total Revenue": 0,
        "Gross Profit": 0,
        "Operating Income": -5,
        "EBIT": -5,
        "Net Income": -6
    },
    "2020-12-31": {
        "Diluted EPS": -0.79,
        "Total Revenue": 0,
        "Gross Profit": 0,
        "Operating Income": -5,
        "EBIT": -5,
        "Net Income": -3
    },
    "2020-09-30": {
        "Diluted EPS": -3.6,
        "Total Revenue": 0,
        "Gross Profit": 0,
        "Operating Income": -4,
        "EBIT": -4,
        "Net Income": -8
    },
    "2020-06-30": {
        "Diluted EPS": -2.7,
        "Total Revenue": 0,
        "Gross Profit": 0,
        "Operating Income": -5,
        "EBIT": -4,
        "Net Income": -5
    },
    "2020-03-31": {
        "Diluted EPS": -3.0,
        "Total Revenue": 0,
        "Gross Profit": 0,
        "Operating Income": -5,
        "EBIT": -4,
        "Net Income": -5
    },
    "2019-12-31": {
        "Diluted EPS": -1.65,
        "Total Revenue": 0,
        "Gross Profit": 0,
        "Operating Income": -5,
        "EBIT": -4,
        "Net Income": -3
    },
    "2019-09-30": {
        "Diluted EPS": -3.75,
        "Total Revenue": 0,
        "Gross Profit": 0,
        "Operating Income": -5,
        "EBIT": -5,
        "Net Income": -5
    },
    "2019-06-30": {
        "Diluted EPS": -4.35,
        "Total Revenue": 0,
        "Gross Profit": 0,
        "Operating Income": -6,
        "EBIT": -5,
        "Net Income": -6
    },
    "2019-03-31": {
        "Diluted EPS": -1.8,
        "Total Revenue": 0,
        "Gross Profit": 0,
        "Operating Income": -5,
        "EBIT": -5,
        "Net Income": -2
    },
    "2018-12-31": {
        "Diluted EPS": 4.35,
        "Total Revenue": 0,
        "Gross Profit": 0,
        "Operating Income": -5,
        "EBIT": -5,
        "Net Income": 5
    },
    "2018-09-30": {
        "Diluted EPS": -3.9,
        "Total Revenue": 0,
        "Gross Profit": 0,
        "Operating Income": -4,
        "EBIT": -4,
        "Net Income": -5
    },
    "2018-06-30": {
        "Diluted EPS": -6.9,
        "Total Revenue": 0,
        "Gross Profit": 0,
        "Operating Income": -8,
        "EBIT": -8,
        "Net Income": -8
    },
    "2018-03-31": {
        "Diluted EPS": -3.75,
        "Total Revenue": 0,
        "Gross Profit": 0,
        "Operating Income": -4,
        "EBIT": -4,
        "Net Income": -4
    },
    "2017-12-31": {
        "Diluted EPS": 27.89,
        "Total Revenue": 0,
        "Gross Profit": 0,
        "Operating Income": -5,
        "EBIT": -5,
        "Net Income": -5
    },
    "2017-09-30": {
        "Diluted EPS": -10.5,
        "Total Revenue": 0,
        "Gross Profit": 0,
        "Operating Income": -4,
        "EBIT": -4,
        "Net Income": -6
    },
    "2017-06-30": {
        "Diluted EPS": -11.84,
        "Total Revenue": 0,
        "Gross Profit": 0,
        "Operating Income": -5,
        "EBIT": -4,
        "Net Income": -5
    },
    "2017-03-31": {
        "Diluted EPS": -46.33,
        "Total Revenue": 0,
        "Gross Profit": 0,
        "Operating Income": -5,
        "EBIT": -5,
        "Net Income": -5
    },
    "2016-12-31": {
        "Diluted EPS": -40.16,
        "Total Revenue": 0,
        "Gross Profit": 0,
        "Operating Income": -5,
        "EBIT": -4,
        "Net Income": -5
    },
    "2016-09-30": {
        "Diluted EPS": -48.28,
        "Total Revenue": 0,
        "Gross Profit": 0,
        "Operating Income": -6,
        "EBIT": -5,
        "Net Income": -6
    },
    "2016-06-30": {
        "Diluted EPS": -39.43,
        "Total Revenue": 0,
        "Gross Profit": 0,
        "Operating Income": -5,
        "EBIT": -5,
        "Net Income": -5
    },
    "2016-03-31": {
        "Diluted EPS": -50.4,
        "Total Revenue": 0,
        "Gross Profit": 0,
        "Operating Income": -5,
        "EBIT": -5,
        "Net Income": -6
    },
    "2015-12-31": {
        "Diluted EPS": -46.2,
        "Total Revenue": 0,
        "Gross Profit": 0,
        "Operating Income": -5,
        "EBIT": -5,
        "Net Income": -6
    },
    "2015-09-30": {
        "Diluted EPS": -39.9,
        "Total Revenue": 0,
        "Gross Profit": 0,
        "Operating Income": -4,
        "EBIT": -4,
        "Net Income": -4
    },
    "2015-06-30": {
        "Diluted EPS": -56.69,
        "Total Revenue": 0,
        "Gross Profit": 0,
        "Operating Income": -5,
        "EBIT": -5,
        "Net Income": -6
    },
    "2015-03-31": {
        "Diluted EPS": -73.49,
        "Total Revenue": 0,
        "Gross Profit": 0,
        "Operating Income": -6,
        "EBIT": -6,
        "Net Income": -7
    },
    "2014-12-31": {
        "Diluted EPS": -56.69,
        "Total Revenue": 0,
        "Gross Profit": 0,
        "Operating Income": -6,
        "EBIT": -6,
        "Net Income": -6
    },
    "2014-09-30": {
        "Diluted EPS": -83.99,
        "Total Revenue": 0,
        "Gross Profit": 0,
        "Operating Income": -7,
        "EBIT": -6,
        "Net Income": -7
    },
    "2014-06-30": {
        "Diluted EPS": -79.79,
        "Total Revenue": 0,
        "Gross Profit": 0,
        "Operating Income": -6,
        "EBIT": -6,
        "Net Income": -7
    },
    "2014-03-31": {
        "Diluted EPS": -69.29,
        "Total Revenue": 0,
        "Gross Profit": 0,
        "Operating Income": -5,
        "EBIT": -5,
        "Net Income": -5
    },
    "2013-12-31": {
        "Diluted EPS": -27.3,
        "Total Revenue": 0,
        "Gross Profit": 0,
        "Operating Income": -3,
        "EBIT": -3,
        "Net Income": -4
    },
    "2013-09-30": {
        "Diluted EPS": -62.99,
        "Total Revenue": 0,
        "Gross Profit": 0,
        "Operating Income": -4,
        "EBIT": -3,
        "Net Income": -4
    },
    "2013-06-30": {
        "Diluted EPS": 6.3,
        "Total Revenue": 0,
        "Gross Profit": 0,
        "Operating Income": -4,
        "EBIT": -4,
        "Net Income": 0
    },
    "2013-03-31": {
        "Diluted EPS": -115.49,
        "Total Revenue": 0,
        "Gross Profit": 0,
        "Operating Income": -5,
        "EBIT": -5,
        "Net Income": -5
    },
    "2012-12-31": {
        "Diluted EPS": -204.7,
        "Total Revenue": NaN,
        "Gross Profit": NaN,
        "Operating Income": -5,
        "EBIT": -5,
        "Net Income": -8
    },
    "2012-09-30": {
        "Diluted EPS": -167.98,
        "Total Revenue": NaN,
        "Gross Profit": NaN,
        "Operating Income": -5,
        "EBIT": -5,
        "Net Income": -6
    },
    "2012-06-30": {
        "Diluted EPS": -170.1,
        "Total Revenue": NaN,
        "Gross Profit": NaN,
        "Operating Income": -6,
        "EBIT": -6,
        "Net Income": -6
    },
    "2012-03-31": {
        "Diluted EPS": -179.55,
        "Total Revenue": NaN,
        "Gross Profit": NaN,
        "Operating Income": -6,
        "EBIT": -6,
        "Net Income": -6
    },
    "2011-12-31": {
        "Diluted EPS": -152.15,
        "Total Revenue": NaN,
        "Gross Profit": NaN,
        "Operating Income": -6,
        "EBIT": -6,
        "Net Income": -6
    },
    "2011-09-30": {
        "Diluted EPS": -236.25,
        "Total Revenue": NaN,
        "Gross Profit": NaN,
        "Operating Income": -7,
        "EBIT": -7,
        "Net Income": -6
    },
    "2011-06-30": {
        "Diluted EPS": -396.9,
        "Total Revenue": NaN,
        "Gross Profit": NaN,
        "Operating Income": -6,
        "EBIT": -6,
        "Net Income": -7
    },
    "2011-03-31": {
        "Diluted EPS": -264.6,
        "Total Revenue": 2,
        "Gross Profit": 2,
        "Operating Income": -4,
        "EBIT": -4,
        "Net Income": -4
    },
    "2010-12-31": {
        "Diluted EPS": -396.9,
        "Total Revenue": NaN,
        "Gross Profit": NaN,
        "Operating Income": -5,
        "EBIT": -5,
        "Net Income": -5
    },
    "2010-09-30": {
        "Diluted EPS": -359.1,
        "Total Revenue": NaN,
        "Gross Profit": NaN,
        "Operating Income": -5,
        "EBIT": -5,
        "Net Income": -5
    },
    "2010-06-30": {
        "Diluted EPS": -207.9,
        "Total Revenue": NaN,
        "Gross Profit": NaN,
        "Operating Income": -4,
        "EBIT": -4,
        "Net Income": -3
    },
    "2010-03-31": {
        "Diluted EPS": -472.5,
        "Total Revenue": NaN,
        "Gross Profit": NaN,
        "Operating Income": -5,
        "EBIT": -5,
        "Net Income": -6
    },
    "2009-12-31": {
        "Diluted EPS": -151.2,
        "Total Revenue": NaN,
        "Gross Profit": NaN,
        "Operating Income": -4,
        "EBIT": -4,
        "Net Income": -2
    },
    "2009-09-30": {
        "Diluted EPS": -444.15,
        "Total Revenue": NaN,
        "Gross Profit": NaN,
        "Operating Income": -5,
        "EBIT": -5,
        "Net Income": -5
    },
    "2009-06-30": {
        "Diluted EPS": -425.25,
        "Total Revenue": NaN,
        "Gross Profit": NaN,
        "Operating Income": -5,
        "EBIT": -5,
        "Net Income": -5
    },
    "2009-03-31": {
        "Diluted EPS": -330.75,
        "Total Revenue": NaN,
        "Gross Profit": NaN,
        "Operating Income": -4,
        "EBIT": -4,
        "Net Income": -4
    },
    "2023-06-30": {
        "Tax Effect Of Unusual Items": NaN,
        "Tax Rate For Calcs": NaN,
        "Normalized EBITDA": NaN,
        "Total Unusual Items": NaN,
        "Total Unusual Items Excluding Goodwill": NaN,
        "Net Income From Continuing Operation Net Minority Interest": NaN,
        "Reconciled Depreciation": NaN,
        "EBITDA": NaN,
        "EBIT": NaN,
        "Net Interest Income": NaN,
        "Interest Expense": NaN,
        "Interest Income": NaN,
        "Normalized Income": NaN,
        "Net Income From Continuing And Discontinued Operation": NaN,
        "Total Expenses": NaN,
        "Total Operating Income As Reported": NaN,
        "Diluted Average Shares": 9136573.0,
        "Basic Average Shares": 9136573.0,
        "Diluted EPS": -0.61,
        "Basic EPS": -0.61,
        "Diluted NI Availto Com Stockholders": NaN,
        "Net Income Common Stockholders": NaN,
        "Net Income": NaN,
        "Net Income Including Noncontrolling Interests": NaN,
        "Net Income Continuous Operations": NaN,
        "Pretax Income": NaN,
        "Other Income Expense": NaN,
        "Special Income Charges": NaN,
        "Other Special Charges": 329158.0,
        "Gain On Sale Of Security": NaN,
        "Net Non Operating Interest Income Expense": NaN,
        "Interest Expense Non Operating": NaN,
        "Interest Income Non Operating": NaN,
        "Operating Income": NaN,
        "Operating Expense": NaN,
        "Research And Development": NaN,
        "Selling General And Administration": NaN,
        "General And Administrative Expense": NaN,
        "Other Gand A": NaN,
        "Total Revenue": NaN,
        "Operating Revenue": NaN
    },
    "2023-09-30": {
        "Tax Effect Of Unusual Items": NaN,
        "Tax Rate For Calcs": NaN,
        "Normalized EBITDA": NaN,
        "Total Unusual Items": NaN,
        "Total Unusual Items Excluding Goodwill": NaN,
        "Net Income From Continuing Operation Net Minority Interest": NaN,
        "Reconciled Depreciation": NaN,
        "EBITDA": NaN,
        "EBIT": NaN,
        "Net Interest Income": NaN,
        "Interest Expense": NaN,
        "Interest Income": NaN,
        "Normalized Income": NaN,
        "Net Income From Continuing And Discontinued Operation": NaN,
        "Total Expenses": NaN,
        "Total Operating Income As Reported": NaN,
        "Diluted Average Shares": 9376872.0,
        "Basic Average Shares": 9376872.0,
        "Diluted EPS": -0.37,
        "Basic EPS": -0.37,
        "Diluted NI Availto Com Stockholders": NaN,
        "Net Income Common Stockholders": NaN,
        "Net Income": NaN,
        "Net Income Including Noncontrolling Interests": NaN,
        "Net Income Continuous Operations": NaN,
        "Pretax Income": NaN,
        "Other Income Expense": NaN,
        "Special Income Charges": 0.0,
        "Other Special Charges": NaN,
        "Gain On Sale Of Security": NaN,
        "Net Non Operating Interest Income Expense": NaN,
        "Interest Expense Non Operating": NaN,
        "Interest Income Non Operating": NaN,
        "Operating Income": NaN,
        "Operating Expense": NaN,
        "Research And Development": NaN,
        "Selling General And Administration": NaN,
        "General And Administrative Expense": NaN,
        "Other Gand A": NaN,
        "Total Revenue": NaN,
        "Operating Revenue": NaN
    },
    "2023-12-31": {
        "Tax Effect Of Unusual Items": NaN,
        "Tax Rate For Calcs": NaN,
        "Normalized EBITDA": NaN,
        "Total Unusual Items": NaN,
        "Total Unusual Items Excluding Goodwill": NaN,
        "Net Income From Continuing Operation Net Minority Interest": NaN,
        "Reconciled Depreciation": NaN,
        "EBITDA": NaN,
        "EBIT": NaN,
        "Net Interest Income": -209460.0,
        "Interest Expense": 0.0,
        "Interest Income": -209460.0,
        "Normalized Income": NaN,
        "Net Income From Continuing And Discontinued Operation": NaN,
        "Total Expenses": NaN,
        "Total Operating Income As Reported": NaN,
        "Diluted Average Shares": NaN,
        "Basic Average Shares": NaN,
        "Diluted EPS": NaN,
        "Basic EPS": NaN,
        "Diluted NI Availto Com Stockholders": NaN,
        "Net Income Common Stockholders": NaN,
        "Net Income": NaN,
        "Net Income Including Noncontrolling Interests": NaN,
        "Net Income Continuous Operations": NaN,
        "Pretax Income": NaN,
        "Other Income Expense": 8569.0,
        "Special Income Charges": 0.0,
        "Other Special Charges": 0.0,
        "Gain On Sale Of Security": 404888.0,
        "Net Non Operating Interest Income Expense": -209460.0,
        "Interest Expense Non Operating": 0.0,
        "Interest Income Non Operating": -209460.0,
        "Operating Income": NaN,
        "Operating Expense": NaN,
        "Research And Development": NaN,
        "Selling General And Administration": NaN,
        "General And Administrative Expense": NaN,
        "Other Gand A": NaN,
        "Total Revenue": NaN,
        "Operating Revenue": NaN
    },
    "2024-03-31": {
        "Tax Effect Of Unusual Items": 0.0,
        "Tax Rate For Calcs": 0.0,
        "Normalized EBITDA": -4915057.0,
        "Total Unusual Items": 81921.0,
        "Total Unusual Items Excluding Goodwill": 81921.0,
        "Net Income From Continuing Operation Net Minority Interest": -4929525.0,
        "Reconciled Depreciation": 178310.0,
        "EBITDA": -4833136.0,
        "EBIT": -5011446.0,
        "Net Interest Income": 155387.0,
        "Interest Expense": 0.0,
        "Interest Income": 155387.0,
        "Normalized Income": -5011446.0,
        "Net Income From Continuing And Discontinued Operation": -4929525.0,
        "Total Expenses": 5011446.0,
        "Total Operating Income As Reported": -5011446.0,
        "Diluted Average Shares": 626655.0,
        "Basic Average Shares": 626655.0,
        "Diluted EPS": -7.8,
        "Basic EPS": -7.8,
        "Diluted NI Availto Com Stockholders": -4929525.0,
        "Net Income Common Stockholders": -4929525.0,
        "Net Income": -4929525.0,
        "Net Income Including Noncontrolling Interests": -4929525.0,
        "Net Income Continuous Operations": -4929525.0,
        "Pretax Income": -4929525.0,
        "Other Income Expense": 81921.0,
        "Special Income Charges": NaN,
        "Other Special Charges": NaN,
        "Gain On Sale Of Security": 81921.0,
        "Net Non Operating Interest Income Expense": 155387.0,
        "Interest Expense Non Operating": 0.0,
        "Interest Income Non Operating": 155387.0,
        "Operating Income": -5011446.0,
        "Operating Expense": 5011446.0,
        "Research And Development": 3293861.0,
        "Selling General And Administration": 1717585.0,
        "General And Administrative Expense": 1717585.0,
        "Other Gand A": 1717585.0,
        "Total Revenue": 0.0,
        "Operating Revenue": 0.0
    },
    "2024-06-30": {
        "Tax Effect Of Unusual Items": 0.0,
        "Tax Rate For Calcs": 0.0,
        "Normalized EBITDA": -4738197.0,
        "Total Unusual Items": 135450.0,
        "Total Unusual Items Excluding Goodwill": 135450.0,
        "Net Income From Continuing Operation Net Minority Interest": -4788017.0,
        "Reconciled Depreciation": 185270.0,
        "EBITDA": -4602747.0,
        "EBIT": -4788017.0,
        "Net Interest Income": 89884.0,
        "Interest Expense": 0.0,
        "Interest Income": 89884.0,
        "Normalized Income": -4923467.0,
        "Net Income From Continuing And Discontinued Operation": -4788017.0,
        "Total Expenses": 5013351.0,
        "Total Operating Income As Reported": -5013351.0,
        "Diluted Average Shares": 626733.0,
        "Basic Average Shares": 626733.0,
        "Diluted EPS": -7.65,
        "Basic EPS": -7.65,
        "Diluted NI Availto Com Stockholders": -4788017.0,
        "Net Income Common Stockholders": -4788017.0,
        "Net Income": -4788017.0,
        "Net Income Including Noncontrolling Interests": -4788017.0,
        "Net Income Continuous Operations": -4788017.0,
        "Pretax Income": -4788017.0,
        "Other Income Expense": 135450.0,
        "Special Income Charges": 0.0,
        "Other Special Charges": NaN,
        "Gain On Sale Of Security": 135450.0,
        "Net Non Operating Interest Income Expense": 89884.0,
        "Interest Expense Non Operating": 0.0,
        "Interest Income Non Operating": 89884.0,
        "Operating Income": -5013351.0,
        "Operating Expense": 5013351.0,
        "Research And Development": 2819645.0,
        "Selling General And Administration": 2193706.0,
        "General And Administrative Expense": 2193706.0,
        "Other Gand A": 2193706.0,
        "Total Revenue": 0.0,
        "Operating Revenue": 0.0
    },
    "2024-09-30": {
        "Tax Effect Of Unusual Items": 0.0,
        "Tax Rate For Calcs": 0.0,
        "Normalized EBITDA": -4656225.0,
        "Total Unusual Items": 0.0,
        "Total Unusual Items Excluding Goodwill": 0.0,
        "Net Income From Continuing Operation Net Minority Interest": -4845475.0,
        "Reconciled Depreciation": 189250.0,
        "EBITDA": -4656225.0,
        "EBIT": -4845475.0,
        "Net Interest Income": 115992.0,
        "Interest Expense": 0.0,
        "Interest Income": 115992.0,
        "Normalized Income": -4845475.0,
        "Net Income From Continuing And Discontinued Operation": -4845475.0,
        "Total Expenses": 4961467.0,
        "Total Operating Income As Reported": -4961467.0,
        "Diluted Average Shares": 963016.0,
        "Basic Average Shares": 963016.0,
        "Diluted EPS": -5.1,
        "Basic EPS": -5.1,
        "Diluted NI Availto Com Stockholders": -4845475.0,
        "Net Income Common Stockholders": -4845475.0,
        "Net Income": -4845475.0,
        "Net Income Including Noncontrolling Interests": -4845475.0,
        "Net Income Continuous Operations": -4845475.0,
        "Pretax Income": -4845475.0,
        "Other Income Expense": NaN,
        "Special Income Charges": 0.0,
        "Other Special Charges": NaN,
        "Gain On Sale Of Security": NaN,
        "Net Non Operating Interest Income Expense": 115992.0,
        "Interest Expense Non Operating": 0.0,
        "Interest Income Non Operating": 115992.0,
        "Operating Income": -4961467.0,
        "Operating Expense": 4961467.0,
        "Research And Development": 3293209.0,
        "Selling General And Administration": 1668258.0,
        "General And Administrative Expense": 1668258.0,
        "Other Gand A": 1668258.0,
        "Total Revenue": 0.0,
        "Operating Revenue": 0.0
    },
    "2024-12-31": {
        "Tax Effect Of Unusual Items": 0.0,
        "Tax Rate For Calcs": 0.0,
        "Normalized EBITDA": -3891939.0,
        "Total Unusual Items": 0.0,
        "Total Unusual Items Excluding Goodwill": 0.0,
        "Net Income From Continuing Operation Net Minority Interest": -4057225.0,
        "Reconciled Depreciation": 165286.0,
        "EBITDA": -3891939.0,
        "EBIT": -4057225.0,
        "Net Interest Income": 88957.0,
        "Interest Expense": 0.0,
        "Interest Income": 88957.0,
        "Normalized Income": -4057225.0,
        "Net Income From Continuing And Discontinued Operation": -4057225.0,
        "Total Expenses": 4146182.0,
        "Total Operating Income As Reported": -4146182.0,
        "Diluted Average Shares": NaN,
        "Basic Average Shares": NaN,
        "Diluted EPS": NaN,
        "Basic EPS": NaN,
        "Diluted NI Availto Com Stockholders": -4057225.0,
        "Net Income Common Stockholders": -4057225.0,
        "Net Income": -4057225.0,
        "Net Income Including Noncontrolling Interests": -4057225.0,
        "Net Income Continuous Operations": -4057225.0,
        "Pretax Income": -4057225.0,
        "Other Income Expense": 0.0,
        "Special Income Charges": 0.0,
        "Other Special Charges": NaN,
        "Gain On Sale Of Security": 0.0,
        "Net Non Operating Interest Income Expense": 88957.0,
        "Interest Expense Non Operating": 0.0,
        "Interest Income Non Operating": 88957.0,
        "Operating Income": -4146182.0,
        "Operating Expense": 4146182.0,
        "Research And Development": 2232696.0,
        "Selling General And Administration": 1913486.0,
        "General And Administrative Expense": 1913486.0,
        "Other Gand A": 1913486.0,
        "Total Revenue": 0.0,
        "Operating Revenue": 0.0
    },
    "2025-03-31": {
        "Tax Effect Of Unusual Items": 0.0,
        "Tax Rate For Calcs": 0.0,
        "Normalized EBITDA": -3990176.0,
        "Total Unusual Items": 42804.0,
        "Total Unusual Items Excluding Goodwill": 42804.0,
        "Net Income From Continuing Operation Net Minority Interest": -4102495.0,
        "Reconciled Depreciation": 197927.0,
        "EBITDA": -3947372.0,
        "EBIT": -4145299.0,
        "Net Interest Income": NaN,
        "Interest Expense": NaN,
        "Interest Income": NaN,
        "Normalized Income": -4145299.0,
        "Net Income From Continuing And Discontinued Operation": -4102495.0,
        "Total Expenses": 4145299.0,
        "Total Operating Income As Reported": -4145299.0,
        "Diluted Average Shares": 970545.0,
        "Basic Average Shares": 970545.0,
        "Diluted EPS": -4.2,
        "Basic EPS": -4.2,
        "Diluted NI Availto Com Stockholders": -4102495.0,
        "Net Income Common Stockholders": -4102495.0,
        "Net Income": -4102495.0,
        "Net Income Including Noncontrolling Interests": -4102495.0,
        "Net Income Continuous Operations": -4102495.0,
        "Pretax Income": -4102495.0,
        "Other Income Expense": 42804.0,
        "Special Income Charges": NaN,
        "Other Special Charges": NaN,
        "Gain On Sale Of Security": 42804.0,
        "Net Non Operating Interest Income Expense": NaN,
        "Interest Expense Non Operating": NaN,
        "Interest Income Non Operating": NaN,
        "Operating Income": -4145299.0,
        "Operating Expense": 4145299.0,
        "Research And Development": 2165092.0,
        "Selling General And Administration": 1980207.0,
        "General And Administrative Expense": 1980207.0,
        "Other Gand A": 1980207.0,
        "Total Revenue": 0.0,
        "Operating Revenue": 0.0
    }
}