{
    "2024-03-31": {
        "Tax Effect Of Unusual Items": NaN,
        "Tax Rate For Calcs": NaN,
        "Normalized EBITDA": NaN,
        "Total Unusual Items": NaN,
        "Total Unusual Items Excluding Goodwill": NaN,
        "Net Income From Continuing Operation Net Minority Interest": NaN,
        "Reconciled Depreciation": NaN,
        "Reconciled Cost Of Revenue": NaN,
        "EBITDA": NaN,
        "EBIT": NaN,
        "Net Interest Income": NaN,
        "Interest Expense": NaN,
        "Normalized Income": NaN,
        "Net Income From Continuing And Discontinued Operation": NaN,
        "Total Expenses": NaN,
        "Diluted Average Shares": NaN,
        "Basic Average Shares": NaN,
        "Diluted EPS": NaN,
        "Basic EPS": NaN,
        "Diluted NI Availto Com Stockholders": NaN,
        "Net Income Common Stockholders": NaN,
        "Net Income": NaN,
        "Net Income Including Noncontrolling Interests": NaN,
        "Net Income Continuous Operations": NaN,
        "Tax Provision": NaN,
        "Pretax Income": NaN,
        "Other Income Expense": NaN,
        "Special Income Charges": 2000000.0,
        "Gain On Sale Of Ppe": 2000000.0,
        "Gain On Sale Of Security": NaN,
        "Net Non Operating Interest Income Expense": NaN,
        "Interest Expense Non Operating": NaN,
        "Operating Income": NaN,
        "Operating Expense": NaN,
        "Other Operating Expenses": NaN,
        "Selling General And Administration": NaN,
        "General And Administrative Expense": NaN,
        "Other Gand A": NaN,
        "Salaries And Wages": NaN,
        "Gross Profit": NaN,
        "Cost Of Revenue": NaN,
        "Total Revenue": NaN,
        "Excise Taxes": NaN,
        "Operating Revenue": NaN
    },
    "2023-12-31": {
        "Tax Effect Of Unusual Items": 21767241.37931,
        "Tax Rate For Calcs": 0.215517,
        "Normalized EBITDA": 2146000000.0,
        "Total Unusual Items": 101000000.0,
        "Total Unusual Items Excluding Goodwill": 101000000.0,
        "Net Income From Continuing Operation Net Minority Interest": 1365000000.0,
        "Reconciled Depreciation": 489000000.0,
        "Reconciled Cost Of Revenue": 10478000000.0,
        "EBITDA": 2247000000.0,
        "EBIT": 1758000000.0,
        "Net Interest Income": -18000000.0,
        "Interest Expense": 18000000.0,
        "Normalized Income": 1285767241.37931,
        "Net Income From Continuing And Discontinued Operation": 1365000000.0,
        "Total Expenses": 10730000000.0,
        "Diluted Average Shares": 553700000.0,
        "Basic Average Shares": 552631579.0,
        "Diluted EPS": 2.47,
        "Basic EPS": 2.47,
        "Diluted NI Availto Com Stockholders": 1365000000.0,
        "Net Income Common Stockholders": 1365000000.0,
        "Net Income": 1365000000.0,
        "Net Income Including Noncontrolling Interests": 1365000000.0,
        "Net Income Continuous Operations": 1365000000.0,
        "Tax Provision": 375000000.0,
        "Pretax Income": 1740000000.0,
        "Other Income Expense": 101000000.0,
        "Special Income Charges": NaN,
        "Gain On Sale Of Ppe": NaN,
        "Gain On Sale Of Security": 101000000.0,
        "Net Non Operating Interest Income Expense": -18000000.0,
        "Interest Expense Non Operating": 18000000.0,
        "Operating Income": 1657000000.0,
        "Operating Expense": 252000000.0,
        "Other Operating Expenses": 2000000.0,
        "Selling General And Administration": 250000000.0,
        "General And Administrative Expense": 250000000.0,
        "Other Gand A": 228000000.0,
        "Salaries And Wages": 22000000.0,
        "Gross Profit": 1909000000.0,
        "Cost Of Revenue": 10478000000.0,
        "Total Revenue": 12387000000.0,
        "Excise Taxes": 621000000.0,
        "Operating Revenue": 13008000000.0
    },
    "2023-09-30": {
        "Tax Effect Of Unusual Items": NaN,
        "Tax Rate For Calcs": NaN,
        "Normalized EBITDA": NaN,
        "Total Unusual Items": NaN,
        "Total Unusual Items Excluding Goodwill": NaN,
        "Net Income From Continuing Operation Net Minority Interest": NaN,
        "Reconciled Depreciation": NaN,
        "Reconciled Cost Of Revenue": NaN,
        "EBITDA": NaN,
        "EBIT": NaN,
        "Net Interest Income": NaN,
        "Interest Expense": NaN,
        "Normalized Income": NaN,
        "Net Income From Continuing And Discontinued Operation": NaN,
        "Total Expenses": NaN,
        "Diluted Average Shares": 579300000.0,
        "Basic Average Shares": 578000000.0,
        "Diluted EPS": 2.76,
        "Basic EPS": 2.77,
        "Diluted NI Availto Com Stockholders": NaN,
        "Net Income Common Stockholders": NaN,
        "Net Income": NaN,
        "Net Income Including Noncontrolling Interests": NaN,
        "Net Income Continuous Operations": NaN,
        "Tax Provision": NaN,
        "Pretax Income": NaN,
        "Other Income Expense": NaN,
        "Special Income Charges": NaN,
        "Gain On Sale Of Ppe": NaN,
        "Gain On Sale Of Security": NaN,
        "Net Non Operating Interest Income Expense": NaN,
        "Interest Expense Non Operating": NaN,
        "Operating Income": NaN,
        "Operating Expense": NaN,
        "Other Operating Expenses": NaN,
        "Selling General And Administration": NaN,
        "General And Administrative Expense": NaN,
        "Other Gand A": NaN,
        "Salaries And Wages": NaN,
        "Gross Profit": NaN,
        "Cost Of Revenue": NaN,
        "Total Revenue": NaN,
        "Excise Taxes": NaN,
        "Operating Revenue": NaN
    },
    "2023-06-30": {
        "Tax Effect Of Unusual Items": NaN,
        "Tax Rate For Calcs": NaN,
        "Normalized EBITDA": NaN,
        "Total Unusual Items": NaN,
        "Total Unusual Items Excluding Goodwill": NaN,
        "Net Income From Continuing Operation Net Minority Interest": NaN,
        "Reconciled Depreciation": NaN,
        "Reconciled Cost Of Revenue": NaN,
        "EBITDA": NaN,
        "EBIT": NaN,
        "Net Interest Income": NaN,
        "Interest Expense": NaN,
        "Normalized Income": NaN,
        "Net Income From Continuing And Discontinued Operation": NaN,
        "Total Expenses": NaN,
        "Diluted Average Shares": NaN,
        "Basic Average Shares": NaN,
        "Diluted EPS": NaN,
        "Basic EPS": NaN,
        "Diluted NI Availto Com Stockholders": NaN,
        "Net Income Common Stockholders": NaN,
        "Net Income": NaN,
        "Net Income Including Noncontrolling Interests": NaN,
        "Net Income Continuous Operations": NaN,
        "Tax Provision": NaN,
        "Pretax Income": NaN,
        "Other Income Expense": NaN,
        "Special Income Charges": 13000000.0,
        "Gain On Sale Of Ppe": 13000000.0,
        "Gain On Sale Of Security": NaN,
        "Net Non Operating Interest Income Expense": NaN,
        "Interest Expense Non Operating": NaN,
        "Operating Income": NaN,
        "Operating Expense": NaN,
        "Other Operating Expenses": NaN,
        "Selling General And Administration": NaN,
        "General And Administrative Expense": NaN,
        "Other Gand A": NaN,
        "Salaries And Wages": NaN,
        "Gross Profit": NaN,
        "Cost Of Revenue": NaN,
        "Total Revenue": NaN,
        "Excise Taxes": NaN,
        "Operating Revenue": NaN
    },
    "2023-03-31": {
        "Tax Effect Of Unusual Items": NaN,
        "Tax Rate For Calcs": NaN,
        "Normalized EBITDA": NaN,
        "Total Unusual Items": NaN,
        "Total Unusual Items Excluding Goodwill": NaN,
        "Net Income From Continuing Operation Net Minority Interest": NaN,
        "Reconciled Depreciation": NaN,
        "Reconciled Cost Of Revenue": NaN,
        "EBITDA": NaN,
        "EBIT": NaN,
        "Net Interest Income": NaN,
        "Interest Expense": NaN,
        "Normalized Income": NaN,
        "Net Income From Continuing And Discontinued Operation": NaN,
        "Total Expenses": NaN,
        "Diluted Average Shares": NaN,
        "Basic Average Shares": NaN,
        "Diluted EPS": NaN,
        "Basic EPS": NaN,
        "Diluted NI Availto Com Stockholders": NaN,
        "Net Income Common Stockholders": NaN,
        "Net Income": NaN,
        "Net Income Including Noncontrolling Interests": NaN,
        "Net Income Continuous Operations": NaN,
        "Tax Provision": NaN,
        "Pretax Income": NaN,
        "Other Income Expense": NaN,
        "Special Income Charges": 9000000.0,
        "Gain On Sale Of Ppe": 9000000.0,
        "Gain On Sale Of Security": NaN,
        "Net Non Operating Interest Income Expense": NaN,
        "Interest Expense Non Operating": NaN,
        "Operating Income": NaN,
        "Operating Expense": NaN,
        "Other Operating Expenses": NaN,
        "Selling General And Administration": NaN,
        "General And Administrative Expense": NaN,
        "Other Gand A": NaN,
        "Salaries And Wages": NaN,
        "Gross Profit": NaN,
        "Cost Of Revenue": NaN,
        "Total Revenue": NaN,
        "Excise Taxes": NaN,
        "Operating Revenue": NaN
    },
    "2022-12-31": {
        "Tax Effect Of Unusual Items": NaN,
        "Tax Rate For Calcs": NaN,
        "Normalized EBITDA": NaN,
        "Total Unusual Items": NaN,
        "Total Unusual Items Excluding Goodwill": NaN,
        "Net Income From Continuing Operation Net Minority Interest": NaN,
        "Reconciled Depreciation": NaN,
        "Reconciled Cost Of Revenue": NaN,
        "EBITDA": NaN,
        "EBIT": NaN,
        "Net Interest Income": NaN,
        "Interest Expense": NaN,
        "Normalized Income": NaN,
        "Net Income From Continuing And Discontinued Operation": NaN,
        "Total Expenses": NaN,
        "Diluted Average Shares": NaN,
        "Basic Average Shares": NaN,
        "Diluted EPS": NaN,
        "Basic EPS": NaN,
        "Diluted NI Availto Com Stockholders": NaN,
        "Net Income Common Stockholders": NaN,
        "Net Income": NaN,
        "Net Income Including Noncontrolling Interests": NaN,
        "Net Income Continuous Operations": NaN,
        "Tax Provision": NaN,
        "Pretax Income": NaN,
        "Other Income Expense": NaN,
        "Other Non Operating Income Expenses": -4000000.0,
        "Special Income Charges": NaN,
        "Gain On Sale Of Ppe": NaN,
        "Gain On Sale Of Security": NaN,
        "Net Non Operating Interest Income Expense": NaN,
        "Interest Expense Non Operating": NaN,
        "Operating Income": NaN,
        "Operating Expense": NaN,
        "Other Operating Expenses": NaN,
        "Selling General And Administration": NaN,
        "General And Administrative Expense": NaN,
        "Other Gand A": NaN,
        "Salaries And Wages": NaN,
        "Gross Profit": NaN,
        "Cost Of Revenue": NaN,
        "Total Revenue": NaN,
        "Excise Taxes": NaN,
        "Operating Revenue": NaN
    },
    "2022-09-30": {
        "Tax Effect Of Unusual Items": NaN,
        "Tax Rate For Calcs": NaN,
        "Normalized EBITDA": NaN,
        "Total Unusual Items": NaN,
        "Total Unusual Items Excluding Goodwill": NaN,
        "Net Income From Continuing Operation Net Minority Interest": NaN,
        "Reconciled Depreciation": NaN,
        "Reconciled Cost Of Revenue": NaN,
        "EBITDA": NaN,
        "EBIT": NaN,
        "Net Interest Income": NaN,
        "Interest Expense": NaN,
        "Normalized Income": NaN,
        "Net Income From Continuing And Discontinued Operation": NaN,
        "Total Expenses": NaN,
        "Diluted Average Shares": NaN,
        "Basic Average Shares": NaN,
        "Diluted EPS": NaN,
        "Basic EPS": NaN,
        "Diluted NI Availto Com Stockholders": NaN,
        "Net Income Common Stockholders": NaN,
        "Net Income": NaN,
        "Net Income Including Noncontrolling Interests": NaN,
        "Net Income Continuous Operations": NaN,
        "Tax Provision": NaN,
        "Pretax Income": NaN,
        "Other Income Expense": NaN,
        "Other Non Operating Income Expenses": -4000000.0,
        "Special Income Charges": NaN,
        "Gain On Sale Of Ppe": NaN,
        "Gain On Sale Of Security": NaN,
        "Net Non Operating Interest Income Expense": NaN,
        "Interest Expense Non Operating": NaN,
        "Operating Income": NaN,
        "Operating Expense": NaN,
        "Other Operating Expenses": NaN,
        "Selling General And Administration": NaN,
        "General And Administrative Expense": NaN,
        "Other Gand A": NaN,
        "Salaries And Wages": NaN,
        "Gross Profit": NaN,
        "Cost Of Revenue": NaN,
        "Total Revenue": NaN,
        "Excise Taxes": NaN,
        "Operating Revenue": NaN
    },
    "2024-06-30": {
        "Tax Effect Of Unusual Items": NaN,
        "Tax Rate For Calcs": NaN,
        "Normalized EBITDA": NaN,
        "Total Unusual Items": NaN,
        "Total Unusual Items Excluding Goodwill": NaN,
        "Net Income From Continuing Operation Net Minority Interest": NaN,
        "Reconciled Depreciation": NaN,
        "Reconciled Cost Of Revenue": NaN,
        "EBITDA": NaN,
        "EBIT": NaN,
        "Net Interest Income": NaN,
        "Interest Expense": NaN,
        "Normalized Income": NaN,
        "Net Income From Continuing And Discontinued Operation": NaN,
        "Total Expenses": NaN,
        "Diluted Average Shares": NaN,
        "Basic Average Shares": NaN,
        "Diluted EPS": NaN,
        "Basic EPS": NaN,
        "Diluted NI Availto Com Stockholders": NaN,
        "Net Income Common Stockholders": NaN,
        "Net Income": NaN,
        "Net Income Including Noncontrolling Interests": NaN,
        "Net Income Continuous Operations": NaN,
        "Tax Provision": NaN,
        "Pretax Income": NaN,
        "Other Income Expense": NaN,
        "Special Income Charges": 1000000.0,
        "Gain On Sale Of Ppe": 1000000.0,
        "Gain On Sale Of Security": NaN,
        "Net Non Operating Interest Income Expense": NaN,
        "Interest Expense Non Operating": NaN,
        "Operating Income": NaN,
        "Operating Expense": NaN,
        "Other Operating Expenses": 1000000.0,
        "Selling General And Administration": NaN,
        "General And Administrative Expense": NaN,
        "Other Gand A": NaN,
        "Salaries And Wages": NaN,
        "Gross Profit": NaN,
        "Cost Of Revenue": NaN,
        "Total Revenue": NaN,
        "Excise Taxes": NaN,
        "Operating Revenue": NaN
    },
    "2024-09-30": {
        "Tax Effect Of Unusual Items": 10046163.443543,
        "Tax Rate For Calcs": 0.228322,
        "Normalized EBITDA": 2078000000.0,
        "Total Unusual Items": 44000000.0,
        "Total Unusual Items Excluding Goodwill": 44000000.0,
        "Net Income From Continuing Operation Net Minority Interest": 1237000000.0,
        "Reconciled Depreciation": 508000000.0,
        "Reconciled Cost Of Revenue": 10759000000.0,
        "EBITDA": 2122000000.0,
        "EBIT": 1614000000.0,
        "Net Interest Income": -11000000.0,
        "Interest Expense": 11000000.0,
        "Normalized Income": 1203046163.443543,
        "Net Income From Continuing And Discontinued Operation": 1237000000.0,
        "Total Expenses": 10984000000.0,
        "Diluted Average Shares": NaN,
        "Basic Average Shares": NaN,
        "Diluted EPS": NaN,
        "Basic EPS": NaN,
        "Diluted NI Availto Com Stockholders": 1237000000.0,
        "Net Income Common Stockholders": 1237000000.0,
        "Net Income": 1237000000.0,
        "Net Income Including Noncontrolling Interests": 1237000000.0,
        "Net Income Continuous Operations": 1237000000.0,
        "Tax Provision": 366000000.0,
        "Pretax Income": 1603000000.0,
        "Other Income Expense": 44000000.0,
        "Special Income Charges": NaN,
        "Gain On Sale Of Ppe": NaN,
        "Gain On Sale Of Security": 44000000.0,
        "Net Non Operating Interest Income Expense": -11000000.0,
        "Interest Expense Non Operating": 11000000.0,
        "Operating Income": 1570000000.0,
        "Operating Expense": 225000000.0,
        "Other Operating Expenses": 1000000.0,
        "Selling General And Administration": 224000000.0,
        "General And Administrative Expense": 224000000.0,
        "Other Gand A": 223000000.0,
        "Salaries And Wages": 1000000.0,
        "Gross Profit": 1795000000.0,
        "Cost Of Revenue": 10759000000.0,
        "Total Revenue": 12554000000.0,
        "Excise Taxes": 661000000.0,
        "Operating Revenue": 13215000000.0
    },
    "2024-12-31": {
        "Tax Effect Of Unusual Items": 13333333.333333,
        "Tax Rate For Calcs": 0.222222,
        "Normalized EBITDA": 2048000000.0,
        "Total Unusual Items": 60000000.0,
        "Total Unusual Items Excluding Goodwill": 60000000.0,
        "Net Income From Continuing Operation Net Minority Interest": 1225000000.0,
        "Reconciled Depreciation": 529000000.0,
        "Reconciled Cost Of Revenue": 10146000000.0,
        "EBITDA": 2108000000.0,
        "EBIT": 1579000000.0,
        "Net Interest Income": -4000000.0,
        "Interest Expense": 4000000.0,
        "Normalized Income": 1178333333.333333,
        "Net Income From Continuing And Discontinued Operation": 1225000000.0,
        "Total Expenses": 10401000000.0,
        "Diluted Average Shares": 516500000.0,
        "Basic Average Shares": 514705882.0,
        "Diluted EPS": 2.37,
        "Basic EPS": 2.38,
        "Diluted NI Availto Com Stockholders": 1225000000.0,
        "Net Income Common Stockholders": 1225000000.0,
        "Net Income": 1225000000.0,
        "Net Income Including Noncontrolling Interests": 1225000000.0,
        "Net Income Continuous Operations": 1225000000.0,
        "Tax Provision": 350000000.0,
        "Pretax Income": 1575000000.0,
        "Other Income Expense": 60000000.0,
        "Special Income Charges": NaN,
        "Gain On Sale Of Ppe": NaN,
        "Gain On Sale Of Security": 60000000.0,
        "Net Non Operating Interest Income Expense": -4000000.0,
        "Interest Expense Non Operating": 4000000.0,
        "Operating Income": 1519000000.0,
        "Operating Expense": 255000000.0,
        "Other Operating Expenses": 0.0,
        "Selling General And Administration": 255000000.0,
        "General And Administrative Expense": 255000000.0,
        "Other Gand A": 255000000.0,
        "Salaries And Wages": 0.0,
        "Gross Profit": 1774000000.0,
        "Cost Of Revenue": 10146000000.0,
        "Total Revenue": 11920000000.0,
        "Excise Taxes": 627000000.0,
        "Operating Revenue": 12547000000.0
    },
    "2025-03-31": {
        "Tax Effect Of Unusual Items": 12085308.056872,
        "Tax Rate For Calcs": 0.236967,
        "Normalized EBITDA": 2166000000.0,
        "Total Unusual Items": 51000000.0,
        "Total Unusual Items Excluding Goodwill": 51000000.0,
        "Net Income From Continuing Operation Net Minority Interest": 1288000000.0,
        "Reconciled Depreciation": 531000000.0,
        "Reconciled Cost Of Revenue": 9973000000.0,
        "EBITDA": 2217000000.0,
        "EBIT": 1686000000.0,
        "Net Interest Income": 2000000.0,
        "Interest Expense": -2000000.0,
        "Normalized Income": 1249085308.056872,
        "Net Income From Continuing And Discontinued Operation": 1288000000.0,
        "Total Expenses": 10239000000.0,
        "Diluted Average Shares": 510200000.0,
        "Basic Average Shares": 509090909.0,
        "Diluted EPS": 2.52,
        "Basic EPS": 2.53,
        "Diluted NI Availto Com Stockholders": 1288000000.0,
        "Net Income Common Stockholders": 1288000000.0,
        "Net Income": 1288000000.0,
        "Net Income Including Noncontrolling Interests": 1288000000.0,
        "Net Income Continuous Operations": 1288000000.0,
        "Tax Provision": 400000000.0,
        "Pretax Income": 1688000000.0,
        "Other Income Expense": 51000000.0,
        "Special Income Charges": 10000000.0,
        "Gain On Sale Of Ppe": 10000000.0,
        "Gain On Sale Of Security": 41000000.0,
        "Net Non Operating Interest Income Expense": 2000000.0,
        "Interest Expense Non Operating": -2000000.0,
        "Operating Income": 1635000000.0,
        "Operating Expense": 266000000.0,
        "Other Operating Expenses": 2000000.0,
        "Selling General And Administration": 264000000.0,
        "General And Administrative Expense": 264000000.0,
        "Other Gand A": 259000000.0,
        "Salaries And Wages": 5000000.0,
        "Gross Profit": 1901000000.0,
        "Cost Of Revenue": 9973000000.0,
        "Total Revenue": 11874000000.0,
        "Excise Taxes": 592000000.0,
        "Operating Revenue": 12466000000.0
    },
    "2025-06-30": {
        "Tax Effect Of Unusual Items": 5691318.327974,
        "Tax Rate For Calcs": 0.237138,
        "Normalized EBITDA": 1700000000.0,
        "Total Unusual Items": 24000000.0,
        "Total Unusual Items Excluding Goodwill": 24000000.0,
        "Net Income From Continuing Operation Net Minority Interest": 949000000.0,
        "Reconciled Depreciation": 478000000.0,
        "Reconciled Cost Of Revenue": 9357000000.0,
        "EBITDA": 1724000000.0,
        "EBIT": 1246000000.0,
        "Net Interest Income": -2000000.0,
        "Interest Expense": 2000000.0,
        "Normalized Income": 930691318.327974,
        "Net Income From Continuing And Discontinued Operation": 949000000.0,
        "Total Expenses": 9614000000.0,
        "Diluted Average Shares": 510300000.0,
        "Basic Average Shares": 510215054.0,
        "Diluted EPS": 1.86,
        "Basic EPS": 1.86,
        "Diluted NI Availto Com Stockholders": 949000000.0,
        "Net Income Common Stockholders": 949000000.0,
        "Net Income": 949000000.0,
        "Net Income Including Noncontrolling Interests": 949000000.0,
        "Net Income Continuous Operations": 949000000.0,
        "Tax Provision": 295000000.0,
        "Pretax Income": 1244000000.0,
        "Other Income Expense": 24000000.0,
        "Special Income Charges": 1000000.0,
        "Gain On Sale Of Ppe": 1000000.0,
        "Gain On Sale Of Security": 23000000.0,
        "Net Non Operating Interest Income Expense": -2000000.0,
        "Interest Expense Non Operating": 2000000.0,
        "Operating Income": 1222000000.0,
        "Operating Expense": 257000000.0,
        "Other Operating Expenses": NaN,
        "Selling General And Administration": 257000000.0,
        "General And Administrative Expense": 257000000.0,
        "Other Gand A": 251000000.0,
        "Salaries And Wages": 6000000.0,
        "Gross Profit": 1479000000.0,
        "Cost Of Revenue": 9357000000.0,
        "Total Revenue": 10836000000.0,
        "Excise Taxes": 372000000.0,
        "Operating Revenue": 11208000000.0
    },
    "2025-09-30": {
        "Tax Effect Of Unusual Items": 12710413.694722,
        "Tax Rate For Calcs": 0.231098,
        "Normalized EBITDA": 1565000000.0,
        "Total Unusual Items": 55000000.0,
        "Total Unusual Items Excluding Goodwill": 55000000.0,
        "Net Income From Continuing Operation Net Minority Interest": 539000000.0,
        "Reconciled Depreciation": 911000000.0,
        "Reconciled Cost Of Revenue": 10312000000.0,
        "EBITDA": 1620000000.0,
        "EBIT": 709000000.0,
        "Net Interest Income": -8000000.0,
        "Interest Expense": 8000000.0,
        "Normalized Income": 496710413.694722,
        "Net Income From Continuing And Discontinued Operation": 539000000.0,
        "Total Expenses": 10960000000.0,
        "Diluted Average Shares": 505100000.0,
        "Basic Average Shares": 503738318.0,
        "Diluted EPS": 1.07,
        "Basic EPS": 1.07,
        "Diluted NI Availto Com Stockholders": 539000000.0,
        "Net Income Common Stockholders": 539000000.0,
        "Net Income": 539000000.0,
        "Net Income Including Noncontrolling Interests": 539000000.0,
        "Net Income Continuous Operations": 539000000.0,
        "Tax Provision": 162000000.0,
        "Pretax Income": 701000000.0,
        "Other Income Expense": 55000000.0,
        "Special Income Charges": NaN,
        "Gain On Sale Of Ppe": NaN,
        "Gain On Sale Of Security": 55000000.0,
        "Net Non Operating Interest Income Expense": -8000000.0,
        "Interest Expense Non Operating": 8000000.0,
        "Operating Income": 654000000.0,
        "Operating Expense": 648000000.0,
        "Other Operating Expenses": 1000000.0,
        "Selling General And Administration": 647000000.0,
        "General And Administrative Expense": 647000000.0,
        "Other Gand A": 622000000.0,
        "Salaries And Wages": 25000000.0,
        "Gross Profit": 1302000000.0,
        "Cost Of Revenue": 10312000000.0,
        "Total Revenue": 11614000000.0,
        "Excise Taxes": 380000000.0,
        "Operating Revenue": 11994000000.0
    },
    "2025-12-31": {
        "Tax Effect Of Unusual Items": NaN,
        "Tax Rate For Calcs": NaN,
        "Normalized EBITDA": NaN,
        "Total Unusual Items": NaN,
        "Total Unusual Items Excluding Goodwill": NaN,
        "Net Income From Continuing Operation Net Minority Interest": NaN,
        "Reconciled Depreciation": NaN,
        "Reconciled Cost Of Revenue": NaN,
        "EBITDA": NaN,
        "EBIT": NaN,
        "Net Interest Income": NaN,
        "Interest Expense": NaN,
        "Normalized Income": NaN,
        "Net Income From Continuing And Discontinued Operation": NaN,
        "Total Expenses": NaN,
        "Diluted Average Shares": 490400000.0,
        "Basic Average Shares": 487128713.0,
        "Diluted EPS": 1.0,
        "Basic EPS": 1.01,
        "Diluted NI Availto Com Stockholders": NaN,
        "Net Income Common Stockholders": NaN,
        "Net Income": NaN,
        "Net Income Including Noncontrolling Interests": NaN,
        "Net Income Continuous Operations": NaN,
        "Tax Provision": NaN,
        "Pretax Income": NaN,
        "Other Income Expense": NaN,
        "Special Income Charges": NaN,
        "Gain On Sale Of Ppe": NaN,
        "Gain On Sale Of Security": NaN,
        "Net Non Operating Interest Income Expense": NaN,
        "Interest Expense Non Operating": NaN,
        "Operating Income": NaN,
        "Operating Expense": NaN,
        "Other Operating Expenses": NaN,
        "Selling General And Administration": NaN,
        "General And Administrative Expense": NaN,
        "Other Gand A": NaN,
        "Salaries And Wages": NaN,
        "Gross Profit": NaN,
        "Cost Of Revenue": NaN,
        "Total Revenue": NaN,
        "Excise Taxes": NaN,
        "Operating Revenue": NaN
    }
}