{
    "2024-03-31": {
        "Tax Effect Of Unusual Items": -124752.54,
        "Tax Rate For Calcs": 0.22,
        "Normalized EBITDA": 21251152.0,
        "Total Unusual Items": -567057.0,
        "Total Unusual Items Excluding Goodwill": -567057.0,
        "Net Income From Continuing Operation Net Minority Interest": 16654604.0,
        "Reconciled Depreciation": 4027061.0,
        "Reconciled Cost Of Revenue": 24164100.0,
        "EBITDA": 20684095.0,
        "EBIT": 16657034.0,
        "Net Interest Income": 1783448.0,
        "Interest Expense": 2430.0,
        "Interest Income": 1785878.0,
        "Normalized Income": 17096908.46,
        "Net Income From Continuing And Discontinued Operation": 16654604.0,
        "Total Expenses": 25765068.0,
        "Total Operating Income As Reported": 15438213.0,
        "Diluted Average Shares": 30951012.0,
        "Basic Average Shares": 27613661.0,
        "Diluted EPS": 0.5,
        "Basic EPS": 0.56,
        "Diluted NI Availto Com Stockholders": 16654604.0,
        "Net Income Common Stockholders": 16654604.0,
        "Net Income": 16654604.0,
        "Net Income Including Noncontrolling Interests": 16654604.0,
        "Net Income Continuous Operations": 16654604.0,
        "Pretax Income": 16654604.0,
        "Other Income Expense": -567057.0,
        "Special Income Charges": NaN,
        "Gain On Sale Of Ppe": NaN,
        "Write Off": NaN,
        "Impairment Of Capital Assets": NaN,
        "Gain On Sale Of Security": -567057.0,
        "Net Non Operating Interest Income Expense": 1783448.0,
        "Interest Expense Non Operating": 2430.0,
        "Interest Income Non Operating": 1785878.0,
        "Operating Income": 15438213.0,
        "Operating Expense": 1600968.0,
        "Other Operating Expenses": 393800.0,
        "Selling General And Administration": 1207168.0,
        "General And Administrative Expense": 1207168.0,
        "Other Gand A": 1207168.0,
        "Gross Profit": 17039181.0,
        "Cost Of Revenue": 24164100.0,
        "Total Revenue": 41203281.0,
        "Operating Revenue": 41203281.0
    },
    "2023-12-31": {
        "Tax Effect Of Unusual Items": NaN,
        "Tax Rate For Calcs": NaN,
        "Normalized EBITDA": NaN,
        "Total Unusual Items": NaN,
        "Total Unusual Items Excluding Goodwill": NaN,
        "Net Income From Continuing Operation Net Minority Interest": NaN,
        "Reconciled Depreciation": NaN,
        "Reconciled Cost Of Revenue": NaN,
        "EBITDA": NaN,
        "EBIT": NaN,
        "Net Interest Income": NaN,
        "Interest Expense": NaN,
        "Interest Income": NaN,
        "Normalized Income": NaN,
        "Net Income From Continuing And Discontinued Operation": NaN,
        "Total Expenses": NaN,
        "Total Operating Income As Reported": NaN,
        "Diluted Average Shares": NaN,
        "Basic Average Shares": NaN,
        "Diluted EPS": NaN,
        "Basic EPS": NaN,
        "Diluted NI Availto Com Stockholders": NaN,
        "Net Income Common Stockholders": NaN,
        "Net Income": NaN,
        "Net Income Including Noncontrolling Interests": NaN,
        "Net Income Continuous Operations": NaN,
        "Pretax Income": NaN,
        "Other Income Expense": NaN,
        "Special Income Charges": 0.0,
        "Gain On Sale Of Ppe": 0.0,
        "Write Off": NaN,
        "Impairment Of Capital Assets": 0.0,
        "Gain On Sale Of Security": NaN,
        "Net Non Operating Interest Income Expense": NaN,
        "Interest Expense Non Operating": NaN,
        "Interest Income Non Operating": NaN,
        "Operating Income": NaN,
        "Operating Expense": NaN,
        "Other Operating Expenses": NaN,
        "Selling General And Administration": NaN,
        "General And Administrative Expense": NaN,
        "Other Gand A": NaN,
        "Gross Profit": NaN,
        "Cost Of Revenue": NaN,
        "Total Revenue": NaN,
        "Operating Revenue": NaN
    },
    "2023-09-30": {
        "Tax Effect Of Unusual Items": NaN,
        "Tax Rate For Calcs": NaN,
        "Normalized EBITDA": NaN,
        "Total Unusual Items": NaN,
        "Total Unusual Items Excluding Goodwill": NaN,
        "Net Income From Continuing Operation Net Minority Interest": NaN,
        "Reconciled Depreciation": NaN,
        "Reconciled Cost Of Revenue": NaN,
        "EBITDA": NaN,
        "EBIT": NaN,
        "Net Interest Income": NaN,
        "Interest Expense": NaN,
        "Interest Income": NaN,
        "Normalized Income": NaN,
        "Net Income From Continuing And Discontinued Operation": NaN,
        "Total Expenses": NaN,
        "Total Operating Income As Reported": NaN,
        "Diluted Average Shares": NaN,
        "Basic Average Shares": NaN,
        "Diluted EPS": NaN,
        "Basic EPS": NaN,
        "Diluted NI Availto Com Stockholders": NaN,
        "Net Income Common Stockholders": NaN,
        "Net Income": NaN,
        "Net Income Including Noncontrolling Interests": NaN,
        "Net Income Continuous Operations": NaN,
        "Pretax Income": NaN,
        "Other Income Expense": NaN,
        "Special Income Charges": 8182777.0,
        "Gain On Sale Of Ppe": 8182777.0,
        "Write Off": 0.0,
        "Impairment Of Capital Assets": 0.0,
        "Gain On Sale Of Security": NaN,
        "Net Non Operating Interest Income Expense": NaN,
        "Interest Expense Non Operating": NaN,
        "Interest Income Non Operating": NaN,
        "Operating Income": NaN,
        "Operating Expense": NaN,
        "Other Operating Expenses": NaN,
        "Selling General And Administration": NaN,
        "General And Administrative Expense": NaN,
        "Other Gand A": NaN,
        "Gross Profit": NaN,
        "Cost Of Revenue": NaN,
        "Total Revenue": NaN,
        "Operating Revenue": NaN
    },
    "2023-06-30": {
        "Tax Effect Of Unusual Items": NaN,
        "Tax Rate For Calcs": NaN,
        "Normalized EBITDA": NaN,
        "Total Unusual Items": NaN,
        "Total Unusual Items Excluding Goodwill": NaN,
        "Net Income From Continuing Operation Net Minority Interest": NaN,
        "Reconciled Depreciation": NaN,
        "Reconciled Cost Of Revenue": NaN,
        "EBITDA": NaN,
        "EBIT": NaN,
        "Net Interest Income": NaN,
        "Interest Expense": NaN,
        "Interest Income": NaN,
        "Normalized Income": NaN,
        "Net Income From Continuing And Discontinued Operation": NaN,
        "Total Expenses": NaN,
        "Total Operating Income As Reported": NaN,
        "Diluted Average Shares": NaN,
        "Basic Average Shares": NaN,
        "Diluted EPS": NaN,
        "Basic EPS": NaN,
        "Diluted NI Availto Com Stockholders": NaN,
        "Net Income Common Stockholders": NaN,
        "Net Income": NaN,
        "Net Income Including Noncontrolling Interests": NaN,
        "Net Income Continuous Operations": NaN,
        "Pretax Income": NaN,
        "Other Income Expense": NaN,
        "Special Income Charges": -8996023.0,
        "Gain On Sale Of Ppe": 0.0,
        "Write Off": NaN,
        "Impairment Of Capital Assets": 8996023.0,
        "Gain On Sale Of Security": NaN,
        "Net Non Operating Interest Income Expense": NaN,
        "Interest Expense Non Operating": NaN,
        "Interest Income Non Operating": NaN,
        "Operating Income": NaN,
        "Operating Expense": NaN,
        "Other Operating Expenses": NaN,
        "Selling General And Administration": NaN,
        "General And Administrative Expense": NaN,
        "Other Gand A": NaN,
        "Gross Profit": NaN,
        "Cost Of Revenue": NaN,
        "Total Revenue": NaN,
        "Operating Revenue": NaN
    },
    "2023-03-31": {
        "Tax Effect Of Unusual Items": 64147.16,
        "Tax Rate For Calcs": 0.22,
        "Normalized EBITDA": 40872979.0,
        "Total Unusual Items": 291578.0,
        "Total Unusual Items Excluding Goodwill": 291578.0,
        "Net Income From Continuing Operation Net Minority Interest": 35724102.0,
        "Reconciled Depreciation": 4088852.0,
        "Reconciled Cost Of Revenue": 28539461.0,
        "EBITDA": 41164557.0,
        "EBIT": 37075705.0,
        "Net Interest Income": -72387.0,
        "Interest Expense": 1351603.0,
        "Interest Income": 1279216.0,
        "Normalized Income": 35496671.16,
        "Net Income From Continuing And Discontinued Operation": 35724102.0,
        "Total Expenses": 29916190.0,
        "Total Operating Income As Reported": 35504911.0,
        "Diluted Average Shares": 15054406.0,
        "Basic Average Shares": 15054406.0,
        "Diluted EPS": 2.31,
        "Basic EPS": 2.31,
        "Diluted NI Availto Com Stockholders": 35724102.0,
        "Net Income Common Stockholders": 35724102.0,
        "Preferred Stock Dividends": NaN,
        "Net Income": 35724102.0,
        "Net Income Including Noncontrolling Interests": 35724102.0,
        "Net Income Continuous Operations": 35724102.0,
        "Pretax Income": 35724102.0,
        "Other Income Expense": 291578.0,
        "Special Income Charges": NaN,
        "Gain On Sale Of Ppe": NaN,
        "Impairment Of Capital Assets": NaN,
        "Gain On Sale Of Security": 291578.0,
        "Net Non Operating Interest Income Expense": -72387.0,
        "Interest Expense Non Operating": 1351603.0,
        "Interest Income Non Operating": 1279216.0,
        "Operating Income": 35504911.0,
        "Operating Expense": 1376729.0,
        "Other Operating Expenses": 397760.0,
        "Selling General And Administration": 978969.0,
        "General And Administrative Expense": 978969.0,
        "Other Gand A": 978969.0,
        "Gross Profit": 36881640.0,
        "Cost Of Revenue": 28539461.0,
        "Total Revenue": 65421101.0,
        "Operating Revenue": 65421101.0
    },
    "2022-12-31": {
        "Tax Effect Of Unusual Items": NaN,
        "Tax Rate For Calcs": NaN,
        "Normalized EBITDA": NaN,
        "Total Unusual Items": NaN,
        "Total Unusual Items Excluding Goodwill": NaN,
        "Net Income From Continuing Operation Net Minority Interest": NaN,
        "Reconciled Depreciation": NaN,
        "Reconciled Cost Of Revenue": NaN,
        "EBITDA": NaN,
        "EBIT": NaN,
        "Net Interest Income": NaN,
        "Interest Expense": NaN,
        "Interest Income": NaN,
        "Normalized Income": NaN,
        "Net Income From Continuing And Discontinued Operation": NaN,
        "Total Expenses": NaN,
        "Total Operating Income As Reported": NaN,
        "Diluted Average Shares": NaN,
        "Basic Average Shares": NaN,
        "Diluted EPS": NaN,
        "Basic EPS": NaN,
        "Diluted NI Availto Com Stockholders": NaN,
        "Net Income Common Stockholders": NaN,
        "Preferred Stock Dividends": 435246.0,
        "Net Income": NaN,
        "Net Income Including Noncontrolling Interests": NaN,
        "Net Income Continuous Operations": NaN,
        "Pretax Income": NaN,
        "Other Income Expense": NaN,
        "Special Income Charges": NaN,
        "Gain On Sale Of Ppe": NaN,
        "Impairment Of Capital Assets": NaN,
        "Gain On Sale Of Security": NaN,
        "Net Non Operating Interest Income Expense": NaN,
        "Interest Expense Non Operating": NaN,
        "Interest Income Non Operating": NaN,
        "Operating Income": NaN,
        "Operating Expense": NaN,
        "Other Operating Expenses": NaN,
        "Selling General And Administration": NaN,
        "General And Administrative Expense": NaN,
        "Other Gand A": NaN,
        "Gross Profit": NaN,
        "Cost Of Revenue": NaN,
        "Total Revenue": NaN,
        "Operating Revenue": NaN
    },
    "2024-06-30": {
        "Tax Effect Of Unusual Items": NaN,
        "Tax Rate For Calcs": NaN,
        "Normalized EBITDA": NaN,
        "Total Unusual Items": NaN,
        "Total Unusual Items Excluding Goodwill": NaN,
        "Net Income From Continuing Operation Net Minority Interest": NaN,
        "Reconciled Depreciation": NaN,
        "Reconciled Cost Of Revenue": NaN,
        "EBITDA": NaN,
        "EBIT": NaN,
        "Net Interest Income": NaN,
        "Interest Expense": NaN,
        "Interest Income": NaN,
        "Normalized Income": NaN,
        "Net Income From Continuing And Discontinued Operation": NaN,
        "Total Expenses": NaN,
        "Total Operating Income As Reported": NaN,
        "Diluted Average Shares": NaN,
        "Basic Average Shares": NaN,
        "Diluted EPS": NaN,
        "Basic EPS": NaN,
        "Diluted NI Availto Com Stockholders": NaN,
        "Net Income Common Stockholders": NaN,
        "Net Income": NaN,
        "Net Income Including Noncontrolling Interests": NaN,
        "Net Income Continuous Operations": NaN,
        "Pretax Income": NaN,
        "Other Income Expense": NaN,
        "Special Income Charges": -1589702.0,
        "Gain On Sale Of Ppe": -1589702.0,
        "Write Off": NaN,
        "Impairment Of Capital Assets": 0.0,
        "Gain On Sale Of Security": NaN,
        "Net Non Operating Interest Income Expense": NaN,
        "Interest Expense Non Operating": NaN,
        "Interest Income Non Operating": NaN,
        "Operating Income": NaN,
        "Operating Expense": NaN,
        "Other Operating Expenses": NaN,
        "Selling General And Administration": NaN,
        "General And Administrative Expense": NaN,
        "Other Gand A": NaN,
        "Gross Profit": NaN,
        "Cost Of Revenue": NaN,
        "Total Revenue": NaN,
        "Operating Revenue": NaN
    },
    "2024-09-30": {
        "Tax Effect Of Unusual Items": 413941.44,
        "Tax Rate For Calcs": 0.22,
        "Normalized EBITDA": 12583372.0,
        "Total Unusual Items": 1881552.0,
        "Total Unusual Items Excluding Goodwill": 1881552.0,
        "Net Income From Continuing Operation Net Minority Interest": 10061069.0,
        "Reconciled Depreciation": 4290384.0,
        "Reconciled Cost Of Revenue": 25355662.0,
        "EBITDA": 14464924.0,
        "EBIT": 10174540.0,
        "Net Interest Income": 2149467.0,
        "Interest Expense": 113471.0,
        "Interest Income": 2262938.0,
        "Normalized Income": 8593458.44,
        "Net Income From Continuing And Discontinued Operation": 10061069.0,
        "Total Expenses": 26993103.0,
        "Total Operating Income As Reported": 6030050.0,
        "Diluted Average Shares": 34263264.0,
        "Basic Average Shares": 31383953.0,
        "Diluted EPS": 0.27,
        "Basic EPS": 0.29,
        "Diluted NI Availto Com Stockholders": 10061069.0,
        "Net Income Common Stockholders": 10061069.0,
        "Net Income": 10061069.0,
        "Net Income Including Noncontrolling Interests": 10061069.0,
        "Net Income Continuous Operations": 10061069.0,
        "Pretax Income": 10061069.0,
        "Other Income Expense": 1881552.0,
        "Special Income Charges": 0.0,
        "Gain On Sale Of Ppe": 0.0,
        "Write Off": 0.0,
        "Impairment Of Capital Assets": NaN,
        "Gain On Sale Of Security": 1881552.0,
        "Net Non Operating Interest Income Expense": 2149467.0,
        "Interest Expense Non Operating": 113471.0,
        "Interest Income Non Operating": 2262938.0,
        "Operating Income": 6030050.0,
        "Operating Expense": 1637441.0,
        "Other Operating Expenses": 421520.0,
        "Selling General And Administration": 1215921.0,
        "General And Administrative Expense": 1215921.0,
        "Other Gand A": 1215921.0,
        "Gross Profit": 7667491.0,
        "Cost Of Revenue": 25355662.0,
        "Total Revenue": 33023153.0,
        "Operating Revenue": 33023153.0
    },
    "2024-12-31": {
        "Tax Effect Of Unusual Items": -675973.1,
        "Tax Rate For Calcs": 0.22,
        "Normalized EBITDA": 11733335.0,
        "Total Unusual Items": -3072605.0,
        "Total Unusual Items Excluding Goodwill": -3072605.0,
        "Net Income From Continuing Operation Net Minority Interest": 3917661.0,
        "Reconciled Depreciation": 4466447.0,
        "Reconciled Cost Of Revenue": 19773695.0,
        "EBITDA": 8660730.0,
        "EBIT": 4194283.0,
        "Net Interest Income": 1992353.0,
        "Interest Expense": 276622.0,
        "Interest Income": 2268975.0,
        "Normalized Income": 6314292.9,
        "Net Income From Continuing And Discontinued Operation": 3917661.0,
        "Total Expenses": 21213752.0,
        "Total Operating Income As Reported": 4997913.0,
        "Diluted Average Shares": 34704542.0,
        "Basic Average Shares": 32729505.0,
        "Diluted EPS": 0.1,
        "Basic EPS": 0.1,
        "Diluted NI Availto Com Stockholders": -134494.0,
        "Net Income Common Stockholders": -134494.0,
        "Net Income": 3917661.0,
        "Net Income Including Noncontrolling Interests": 3917661.0,
        "Net Income Continuous Operations": 3917661.0,
        "Pretax Income": 3917661.0,
        "Other Income Expense": -3072605.0,
        "Special Income Charges": 0.0,
        "Gain On Sale Of Ppe": 0.0,
        "Write Off": NaN,
        "Impairment Of Capital Assets": NaN,
        "Gain On Sale Of Security": -3072605.0,
        "Net Non Operating Interest Income Expense": 1992353.0,
        "Interest Expense Non Operating": 276622.0,
        "Interest Income Non Operating": 2268975.0,
        "Operating Income": 4997913.0,
        "Operating Expense": 1440057.0,
        "Other Operating Expenses": 445280.0,
        "Selling General And Administration": 994777.0,
        "General And Administrative Expense": 994777.0,
        "Other Gand A": 994777.0,
        "Gross Profit": 6437970.0,
        "Cost Of Revenue": 19773695.0,
        "Total Revenue": 26211665.0,
        "Operating Revenue": 23746274.0
    },
    "2025-03-31": {
        "Tax Effect Of Unusual Items": 415733.56,
        "Tax Rate For Calcs": 0.22,
        "Normalized EBITDA": 15010508.0,
        "Total Unusual Items": 1889698.0,
        "Total Unusual Items Excluding Goodwill": 1889698.0,
        "Net Income From Continuing Operation Net Minority Interest": 11290986.0,
        "Reconciled Depreciation": 5002837.0,
        "Reconciled Cost Of Revenue": 22579132.0,
        "EBITDA": 16900206.0,
        "EBIT": 11897369.0,
        "Net Interest Income": 1578011.0,
        "Interest Expense": 606383.0,
        "Interest Income": 2184394.0,
        "Normalized Income": 9817021.56,
        "Net Income From Continuing And Discontinued Operation": 11290986.0,
        "Total Expenses": 24268349.0,
        "Total Operating Income As Reported": 7823277.0,
        "Diluted Average Shares": 34258803.0,
        "Basic Average Shares": 32944925.0,
        "Diluted EPS": 0.3,
        "Basic EPS": 0.32,
        "Diluted NI Availto Com Stockholders": 11290986.0,
        "Net Income Common Stockholders": 11290986.0,
        "Net Income": 11290986.0,
        "Net Income Including Noncontrolling Interests": 11290986.0,
        "Net Income Continuous Operations": 11290986.0,
        "Pretax Income": 11290986.0,
        "Other Income Expense": 1889698.0,
        "Special Income Charges": NaN,
        "Gain On Sale Of Ppe": NaN,
        "Write Off": NaN,
        "Impairment Of Capital Assets": NaN,
        "Gain On Sale Of Security": 1889698.0,
        "Net Non Operating Interest Income Expense": 1578011.0,
        "Interest Expense Non Operating": 606383.0,
        "Interest Income Non Operating": 2184394.0,
        "Operating Income": 7823277.0,
        "Operating Expense": 1689217.0,
        "Other Operating Expenses": 471240.0,
        "Selling General And Administration": 1217977.0,
        "General And Administrative Expense": 1217977.0,
        "Other Gand A": 1217977.0,
        "Gross Profit": 9512494.0,
        "Cost Of Revenue": 22579132.0,
        "Total Revenue": 32091626.0,
        "Operating Revenue": 32091626.0
    },
    "2025-06-30": {
        "Tax Effect Of Unusual Items": 693908.6,
        "Tax Rate For Calcs": 0.22,
        "Normalized EBITDA": 16189684.0,
        "Total Unusual Items": 3154130.0,
        "Total Unusual Items Excluding Goodwill": 3154130.0,
        "Net Income From Continuing Operation Net Minority Interest": 12759434.0,
        "Reconciled Depreciation": 5746291.0,
        "Reconciled Cost Of Revenue": 26549672.0,
        "EBITDA": 19343814.0,
        "EBIT": 13597523.0,
        "Net Interest Income": 1436081.0,
        "Interest Expense": 838089.0,
        "Interest Income": 2274170.0,
        "Normalized Income": 10299212.6,
        "Net Income From Continuing And Discontinued Operation": 12759434.0,
        "Total Expenses": 28179596.0,
        "Total Operating Income As Reported": 8169223.0,
        "Diluted Average Shares": 35172985.0,
        "Basic Average Shares": 33267487.0,
        "Diluted EPS": 0.35,
        "Basic EPS": 0.36,
        "Diluted NI Availto Com Stockholders": 12759434.0,
        "Net Income Common Stockholders": 12759434.0,
        "Net Income": 12759434.0,
        "Net Income Including Noncontrolling Interests": 12759434.0,
        "Net Income Continuous Operations": 12759434.0,
        "Pretax Income": 12759434.0,
        "Other Income Expense": 3154130.0,
        "Special Income Charges": 0.0,
        "Gain On Sale Of Ppe": 0.0,
        "Write Off": NaN,
        "Impairment Of Capital Assets": NaN,
        "Gain On Sale Of Security": 3154130.0,
        "Net Non Operating Interest Income Expense": 1436081.0,
        "Interest Expense Non Operating": 838089.0,
        "Interest Income Non Operating": 2274170.0,
        "Operating Income": 8169223.0,
        "Operating Expense": 1629924.0,
        "Other Operating Expenses": 564960.0,
        "Selling General And Administration": 1064964.0,
        "General And Administrative Expense": 1064964.0,
        "Other Gand A": 1064964.0,
        "Gross Profit": 9799147.0,
        "Cost Of Revenue": 26549672.0,
        "Total Revenue": 36348819.0,
        "Operating Revenue": 36348819.0
    },
    "2025-09-30": {
        "Tax Effect Of Unusual Items": 18890.3,
        "Tax Rate For Calcs": 0.22,
        "Normalized EBITDA": 19288962.0,
        "Total Unusual Items": 85865.0,
        "Total Unusual Items Excluding Goodwill": 85865.0,
        "Net Income From Continuing Operation Net Minority Interest": 10964002.0,
        "Reconciled Depreciation": 7535007.0,
        "Reconciled Cost Of Revenue": 30090196.0,
        "EBITDA": 19374827.0,
        "EBIT": 11839820.0,
        "Net Interest Income": 617989.0,
        "Interest Expense": 875818.0,
        "Interest Income": 1493807.0,
        "Normalized Income": 10897027.3,
        "Net Income From Continuing And Discontinued Operation": 10964002.0,
        "Total Expenses": 31159396.0,
        "Total Operating Income As Reported": 10260148.0,
        "Diluted Average Shares": 36405731.0,
        "Basic Average Shares": 33664833.0,
        "Diluted EPS": 0.29,
        "Basic EPS": 0.3,
        "Diluted NI Availto Com Stockholders": 10964002.0,
        "Net Income Common Stockholders": 10964002.0,
        "Net Income": 10964002.0,
        "Net Income Including Noncontrolling Interests": 10964002.0,
        "Net Income Continuous Operations": 10964002.0,
        "Pretax Income": 10964002.0,
        "Other Income Expense": 85865.0,
        "Special Income Charges": 0.0,
        "Gain On Sale Of Ppe": 0.0,
        "Write Off": NaN,
        "Impairment Of Capital Assets": NaN,
        "Gain On Sale Of Security": 85865.0,
        "Net Non Operating Interest Income Expense": 617989.0,
        "Interest Expense Non Operating": 875818.0,
        "Interest Income Non Operating": 1493807.0,
        "Operating Income": 10260148.0,
        "Operating Expense": 1069200.0,
        "Other Operating Expenses": -116323.0,
        "Selling General And Administration": 1185523.0,
        "General And Administrative Expense": 1185523.0,
        "Other Gand A": 1185523.0,
        "Gross Profit": 11329348.0,
        "Cost Of Revenue": 30090196.0,
        "Total Revenue": 41419544.0,
        "Operating Revenue": 41419544.0
    }
}