{
    "2023-03-31": {
        "Tax Effect Of Unusual Items": NaN,
        "Tax Rate For Calcs": NaN,
        "Normalized EBITDA": NaN,
        "Net Income From Continuing Operation Net Minority Interest": NaN,
        "Reconciled Depreciation": NaN,
        "Reconciled Cost Of Revenue": 0.0,
        "EBITDA": NaN,
        "EBIT": NaN,
        "Net Interest Income": NaN,
        "Interest Income": NaN,
        "Normalized Income": NaN,
        "Net Income From Continuing And Discontinued Operation": NaN,
        "Total Expenses": NaN,
        "Total Operating Income As Reported": NaN,
        "Diluted Average Shares": NaN,
        "Basic Average Shares": NaN,
        "Diluted EPS": NaN,
        "Basic EPS": NaN,
        "Diluted NI Availto Com Stockholders": NaN,
        "Net Income Common Stockholders": NaN,
        "Net Income": NaN,
        "Net Income Including Noncontrolling Interests": NaN,
        "Net Income Continuous Operations": NaN,
        "Pretax Income": NaN,
        "Other Income Expense": NaN,
        "Other Non Operating Income Expenses": NaN,
        "Net Non Operating Interest Income Expense": NaN,
        "Interest Income Non Operating": NaN,
        "Operating Income": NaN,
        "Operating Expense": NaN,
        "Depreciation Amortization Depletion Income Statement": NaN,
        "Depreciation And Amortization In Income Statement": NaN,
        "Amortization": NaN,
        "Amortization Of Intangibles Income Statement": NaN,
        "Research And Development": NaN,
        "Selling General And Administration": NaN,
        "General And Administrative Expense": NaN,
        "Other Gand A": NaN,
        "Salaries And Wages": NaN,
        "Gross Profit": 0.0,
        "Cost Of Revenue": 0.0,
        "Total Revenue": NaN,
        "Operating Revenue": NaN
    },
    "2022-12-31": {
        "Tax Effect Of Unusual Items": NaN,
        "Tax Rate For Calcs": NaN,
        "Normalized EBITDA": NaN,
        "Net Income From Continuing Operation Net Minority Interest": NaN,
        "Reconciled Depreciation": NaN,
        "Reconciled Cost Of Revenue": 0.0,
        "EBITDA": NaN,
        "EBIT": NaN,
        "Net Interest Income": NaN,
        "Interest Income": NaN,
        "Normalized Income": NaN,
        "Net Income From Continuing And Discontinued Operation": NaN,
        "Total Expenses": NaN,
        "Total Operating Income As Reported": NaN,
        "Diluted Average Shares": NaN,
        "Basic Average Shares": NaN,
        "Diluted EPS": NaN,
        "Basic EPS": NaN,
        "Diluted NI Availto Com Stockholders": NaN,
        "Net Income Common Stockholders": NaN,
        "Net Income": NaN,
        "Net Income Including Noncontrolling Interests": NaN,
        "Net Income Continuous Operations": NaN,
        "Pretax Income": NaN,
        "Other Income Expense": NaN,
        "Other Non Operating Income Expenses": NaN,
        "Net Non Operating Interest Income Expense": NaN,
        "Interest Income Non Operating": NaN,
        "Operating Income": NaN,
        "Operating Expense": NaN,
        "Depreciation Amortization Depletion Income Statement": NaN,
        "Depreciation And Amortization In Income Statement": NaN,
        "Amortization": NaN,
        "Amortization Of Intangibles Income Statement": NaN,
        "Research And Development": NaN,
        "Selling General And Administration": NaN,
        "General And Administrative Expense": NaN,
        "Other Gand A": NaN,
        "Salaries And Wages": NaN,
        "Gross Profit": 455.0,
        "Cost Of Revenue": 0.0,
        "Total Revenue": NaN,
        "Operating Revenue": NaN
    },
    "2022-09-30": {
        "Tax Effect Of Unusual Items": 0.0,
        "Tax Rate For Calcs": 0.0,
        "Normalized EBITDA": -12983585.0,
        "Net Income From Continuing Operation Net Minority Interest": -12844330.0,
        "Reconciled Depreciation": 204533.0,
        "Reconciled Cost Of Revenue": 19343.0,
        "EBITDA": -12983585.0,
        "EBIT": -13188118.0,
        "Net Interest Income": 222985.0,
        "Interest Income": 222985.0,
        "Normalized Income": -12844330.0,
        "Net Income From Continuing And Discontinued Operation": -12844330.0,
        "Total Expenses": 13226498.0,
        "Total Operating Income As Reported": -13188150.0,
        "Diluted Average Shares": 26394490.0,
        "Basic Average Shares": 26394490.0,
        "Diluted EPS": -0.49,
        "Basic EPS": -0.49,
        "Diluted NI Availto Com Stockholders": -12844330.0,
        "Net Income Common Stockholders": -12844330.0,
        "Net Income": -12844330.0,
        "Net Income Including Noncontrolling Interests": -12844330.0,
        "Net Income Continuous Operations": -12844298.0,
        "Tax Provision": NaN,
        "Pretax Income": -12844298.0,
        "Other Income Expense": 120835.0,
        "Other Non Operating Income Expenses": 120835.0,
        "Net Non Operating Interest Income Expense": 222985.0,
        "Interest Income Non Operating": 222985.0,
        "Operating Income": -13188118.0,
        "Operating Expense": 13207155.0,
        "Depreciation Amortization Depletion Income Statement": 7317.0,
        "Depreciation And Amortization In Income Statement": 7317.0,
        "Amortization": 7317.0,
        "Amortization Of Intangibles Income Statement": 7317.0,
        "Research And Development": 9363838.0,
        "Selling General And Administration": 3836000.0,
        "General And Administrative Expense": 3836000.0,
        "Other Gand A": 1479000.0,
        "Salaries And Wages": 2357000.0,
        "Gross Profit": 19037.0,
        "Cost Of Revenue": 19343.0,
        "Total Revenue": 38380.0,
        "Operating Revenue": 38380.0
    },
    "2022-06-30": {
        "Tax Effect Of Unusual Items": 0.0,
        "Tax Rate For Calcs": 0.0,
        "Normalized EBITDA": -11443549.0,
        "Net Income From Continuing Operation Net Minority Interest": -11527303.0,
        "Reconciled Depreciation": 202357.0,
        "Reconciled Cost Of Revenue": 47933.0,
        "EBITDA": -11443549.0,
        "EBIT": -11645906.0,
        "Net Interest Income": 142799.0,
        "Interest Income": 142799.0,
        "Normalized Income": -11527303.0,
        "Net Income From Continuing And Discontinued Operation": -11527303.0,
        "Total Expenses": 11740325.0,
        "Rent Expense Supplemental": 345000.0,
        "Total Operating Income As Reported": -11646049.0,
        "Diluted Average Shares": 26386343.0,
        "Basic Average Shares": 26386343.0,
        "Diluted EPS": -0.44,
        "Basic EPS": -0.44,
        "Diluted NI Availto Com Stockholders": -11527303.0,
        "Net Income Common Stockholders": -11527303.0,
        "Net Income": -11527303.0,
        "Net Income Including Noncontrolling Interests": -11527303.0,
        "Net Income Continuous Operations": -11527160.0,
        "Tax Provision": NaN,
        "Pretax Income": -11527160.0,
        "Other Income Expense": -24053.0,
        "Other Non Operating Income Expenses": -24053.0,
        "Net Non Operating Interest Income Expense": 142799.0,
        "Interest Income Non Operating": 142799.0,
        "Operating Income": -11645906.0,
        "Operating Expense": 11692392.0,
        "Depreciation Amortization Depletion Income Statement": 7317.0,
        "Depreciation And Amortization In Income Statement": 7317.0,
        "Amortization": 7317.0,
        "Amortization Of Intangibles Income Statement": 7317.0,
        "Research And Development": 7981075.0,
        "Selling General And Administration": 3704000.0,
        "General And Administrative Expense": 3704000.0,
        "Other Gand A": 1104000.0,
        "Rent And Landing Fees": 345000.0,
        "Salaries And Wages": 2600000.0,
        "Gross Profit": 46486.0,
        "Cost Of Revenue": 47933.0,
        "Total Revenue": 94419.0,
        "Operating Revenue": 94419.0
    },
    "2022-03-31": {
        "Diluted EPS": -0.49,
        "Total Revenue": NaN,
        "Gross Profit": 0,
        "Operating Income": -13,
        "EBIT": -13,
        "Net Income": -13
    },
    "2021-12-31": {
        "Diluted EPS": 0.88,
        "Total Revenue": 0,
        "Gross Profit": 0,
        "Operating Income": -11,
        "EBIT": -11,
        "Net Income": -11
    },
    "2021-09-30": {
        "Diluted EPS": -0.47,
        "Total Revenue": 0,
        "Gross Profit": 0,
        "Operating Income": -9,
        "EBIT": -8,
        "Net Income": -9
    },
    "2021-06-30": {
        "Diluted EPS": -1.61,
        "Total Revenue": 1,
        "Gross Profit": 0,
        "Operating Income": -8,
        "EBIT": -8,
        "Net Income": -8
    },
    "2021-03-31": {
        "Diluted EPS": -1.26,
        "Total Revenue": 1,
        "Gross Profit": 0,
        "Operating Income": -6,
        "EBIT": -6,
        "Net Income": -6
    },
    "2020-12-31": {
        "Diluted EPS": 0.0,
        "Total Revenue": NaN,
        "Gross Profit": NaN,
        "Operating Income": NaN,
        "EBIT": NaN,
        "Net Income": NaN
    },
    "2020-09-30": {
        "Diluted EPS": -0.89,
        "Total Revenue": 1,
        "Gross Profit": 0,
        "Operating Income": -4,
        "EBIT": -4,
        "Net Income": -4
    },
    "2020-06-30": {
        "Diluted EPS": -0.73,
        "Total Revenue": 0,
        "Gross Profit": 0,
        "Operating Income": -4,
        "EBIT": -4,
        "Net Income": -4
    },
    "2023-06-30": {
        "Tax Effect Of Unusual Items": NaN,
        "Tax Rate For Calcs": NaN,
        "Normalized EBITDA": NaN,
        "Net Income From Continuing Operation Net Minority Interest": NaN,
        "Reconciled Depreciation": NaN,
        "Reconciled Cost Of Revenue": 0.0,
        "EBITDA": NaN,
        "EBIT": NaN,
        "Net Interest Income": NaN,
        "Interest Income": NaN,
        "Normalized Income": NaN,
        "Net Income From Continuing And Discontinued Operation": NaN,
        "Total Expenses": NaN,
        "Total Operating Income As Reported": NaN,
        "Diluted Average Shares": 28647450.0,
        "Basic Average Shares": 28647450.0,
        "Diluted EPS": -0.43,
        "Basic EPS": -0.43,
        "Diluted NI Availto Com Stockholders": NaN,
        "Net Income Common Stockholders": NaN,
        "Net Income": NaN,
        "Net Income Including Noncontrolling Interests": NaN,
        "Net Income Continuous Operations": NaN,
        "Pretax Income": NaN,
        "Other Income Expense": NaN,
        "Other Non Operating Income Expenses": NaN,
        "Net Non Operating Interest Income Expense": NaN,
        "Interest Income Non Operating": NaN,
        "Operating Income": NaN,
        "Operating Expense": NaN,
        "Depreciation Amortization Depletion Income Statement": NaN,
        "Depreciation And Amortization In Income Statement": NaN,
        "Amortization": NaN,
        "Amortization Of Intangibles Income Statement": NaN,
        "Research And Development": NaN,
        "Selling General And Administration": NaN,
        "General And Administrative Expense": NaN,
        "Other Gand A": NaN,
        "Salaries And Wages": NaN,
        "Gross Profit": 0.0,
        "Cost Of Revenue": 0.0,
        "Total Revenue": NaN,
        "Operating Revenue": NaN
    },
    "2023-09-30": {
        "Tax Effect Of Unusual Items": NaN,
        "Tax Rate For Calcs": NaN,
        "Normalized EBITDA": NaN,
        "Net Income From Continuing Operation Net Minority Interest": NaN,
        "Reconciled Depreciation": NaN,
        "Reconciled Cost Of Revenue": 0.0,
        "EBITDA": NaN,
        "EBIT": NaN,
        "Net Interest Income": NaN,
        "Interest Income": NaN,
        "Normalized Income": NaN,
        "Net Income From Continuing And Discontinued Operation": NaN,
        "Total Expenses": NaN,
        "Total Operating Income As Reported": NaN,
        "Diluted Average Shares": NaN,
        "Basic Average Shares": NaN,
        "Diluted EPS": NaN,
        "Basic EPS": NaN,
        "Diluted NI Availto Com Stockholders": NaN,
        "Net Income Common Stockholders": NaN,
        "Net Income": NaN,
        "Net Income Including Noncontrolling Interests": NaN,
        "Net Income Continuous Operations": NaN,
        "Pretax Income": NaN,
        "Other Income Expense": NaN,
        "Other Non Operating Income Expenses": NaN,
        "Net Non Operating Interest Income Expense": NaN,
        "Interest Income Non Operating": NaN,
        "Operating Income": NaN,
        "Operating Expense": NaN,
        "Depreciation Amortization Depletion Income Statement": NaN,
        "Depreciation And Amortization In Income Statement": NaN,
        "Amortization": NaN,
        "Amortization Of Intangibles Income Statement": NaN,
        "Research And Development": NaN,
        "Selling General And Administration": NaN,
        "General And Administrative Expense": NaN,
        "Other Gand A": NaN,
        "Salaries And Wages": NaN,
        "Gross Profit": 0.0,
        "Cost Of Revenue": 0.0,
        "Total Revenue": NaN,
        "Operating Revenue": NaN
    },
    "2023-12-31": {
        "Tax Effect Of Unusual Items": NaN,
        "Tax Rate For Calcs": NaN,
        "Normalized EBITDA": NaN,
        "Net Income From Continuing Operation Net Minority Interest": NaN,
        "Reconciled Depreciation": NaN,
        "Reconciled Cost Of Revenue": 0.0,
        "EBITDA": NaN,
        "EBIT": NaN,
        "Net Interest Income": NaN,
        "Interest Income": NaN,
        "Normalized Income": NaN,
        "Net Income From Continuing And Discontinued Operation": NaN,
        "Total Expenses": NaN,
        "Total Operating Income As Reported": NaN,
        "Diluted Average Shares": NaN,
        "Basic Average Shares": NaN,
        "Diluted EPS": NaN,
        "Basic EPS": NaN,
        "Diluted NI Availto Com Stockholders": NaN,
        "Net Income Common Stockholders": NaN,
        "Net Income": NaN,
        "Net Income Including Noncontrolling Interests": NaN,
        "Net Income Continuous Operations": NaN,
        "Pretax Income": NaN,
        "Other Income Expense": 464352.0,
        "Other Non Operating Income Expenses": 464352.0,
        "Net Non Operating Interest Income Expense": NaN,
        "Interest Income Non Operating": NaN,
        "Operating Income": NaN,
        "Operating Expense": NaN,
        "Depreciation Amortization Depletion Income Statement": NaN,
        "Depreciation And Amortization In Income Statement": NaN,
        "Amortization": NaN,
        "Amortization Of Intangibles Income Statement": NaN,
        "Research And Development": NaN,
        "Selling General And Administration": NaN,
        "General And Administrative Expense": NaN,
        "Other Gand A": NaN,
        "Salaries And Wages": NaN,
        "Gross Profit": 0.0,
        "Cost Of Revenue": 0.0,
        "Total Revenue": NaN,
        "Operating Revenue": NaN
    },
    "2024-03-31": {
        "Tax Effect Of Unusual Items": NaN,
        "Tax Rate For Calcs": NaN,
        "Normalized EBITDA": NaN,
        "Net Income From Continuing Operation Net Minority Interest": NaN,
        "Reconciled Depreciation": NaN,
        "EBITDA": NaN,
        "EBIT": NaN,
        "Net Interest Income": NaN,
        "Interest Income": NaN,
        "Normalized Income": NaN,
        "Net Income From Continuing And Discontinued Operation": NaN,
        "Total Expenses": NaN,
        "Total Operating Income As Reported": NaN,
        "Diluted Average Shares": NaN,
        "Basic Average Shares": NaN,
        "Diluted EPS": NaN,
        "Basic EPS": NaN,
        "Diluted NI Availto Com Stockholders": NaN,
        "Net Income Common Stockholders": NaN,
        "Net Income": NaN,
        "Net Income Including Noncontrolling Interests": NaN,
        "Net Income Continuous Operations": NaN,
        "Pretax Income": NaN,
        "Other Income Expense": 213037.0,
        "Other Non Operating Income Expenses": 213037.0,
        "Net Non Operating Interest Income Expense": NaN,
        "Interest Income Non Operating": NaN,
        "Operating Income": NaN,
        "Operating Expense": NaN,
        "Depreciation Amortization Depletion Income Statement": NaN,
        "Depreciation And Amortization In Income Statement": NaN,
        "Amortization": NaN,
        "Amortization Of Intangibles Income Statement": NaN,
        "Research And Development": NaN,
        "Selling General And Administration": NaN,
        "General And Administrative Expense": NaN,
        "Other Gand A": NaN,
        "Salaries And Wages": NaN,
        "Total Revenue": NaN,
        "Operating Revenue": NaN
    },
    "2024-06-30": {
        "Tax Effect Of Unusual Items": 0.0,
        "Tax Rate For Calcs": 0.0,
        "Normalized EBITDA": -14815426.0,
        "Net Income From Continuing Operation Net Minority Interest": -14079927.0,
        "Reconciled Depreciation": 97849.0,
        "EBITDA": -14815426.0,
        "EBIT": -14913275.0,
        "Net Interest Income": 826104.0,
        "Interest Income": 826104.0,
        "Normalized Income": -14079927.0,
        "Net Income From Continuing And Discontinued Operation": -14079927.0,
        "Total Expenses": 14913275.0,
        "Total Operating Income As Reported": -14913748.0,
        "Diluted Average Shares": 29653355.0,
        "Basic Average Shares": 29653355.0,
        "Diluted EPS": -0.47,
        "Basic EPS": -0.47,
        "Diluted NI Availto Com Stockholders": -14079927.0,
        "Net Income Common Stockholders": -14079927.0,
        "Net Income": -14079927.0,
        "Net Income Including Noncontrolling Interests": -14079454.0,
        "Net Income Continuous Operations": -14079454.0,
        "Pretax Income": -14079454.0,
        "Other Income Expense": 7717.0,
        "Other Non Operating Income Expenses": 7717.0,
        "Net Non Operating Interest Income Expense": 826104.0,
        "Interest Income Non Operating": 826104.0,
        "Operating Income": -14913275.0,
        "Operating Expense": 14913275.0,
        "Depreciation Amortization Depletion Income Statement": 7317.0,
        "Depreciation And Amortization In Income Statement": 7317.0,
        "Amortization": 7317.0,
        "Amortization Of Intangibles Income Statement": 7317.0,
        "Research And Development": 10651958.0,
        "Selling General And Administration": 4254000.0,
        "General And Administrative Expense": 4254000.0,
        "Other Gand A": 1217000.0,
        "Salaries And Wages": 3037000.0,
        "Total Revenue": 0.0,
        "Operating Revenue": 0.0
    },
    "2024-09-30": {
        "Tax Effect Of Unusual Items": 0.0,
        "Tax Rate For Calcs": 0.0,
        "Normalized EBITDA": -15177901.0,
        "Net Income From Continuing Operation Net Minority Interest": -14597366.0,
        "Reconciled Depreciation": 96266.0,
        "EBITDA": -15177901.0,
        "EBIT": -15274167.0,
        "Net Interest Income": 547072.0,
        "Interest Income": 547072.0,
        "Normalized Income": -14597366.0,
        "Net Income From Continuing And Discontinued Operation": -14597366.0,
        "Total Expenses": 15274167.0,
        "Total Operating Income As Reported": -15273748.0,
        "Diluted Average Shares": 29841883.0,
        "Basic Average Shares": 29841883.0,
        "Diluted EPS": -0.49,
        "Basic EPS": -0.49,
        "Diluted NI Availto Com Stockholders": -14597366.0,
        "Net Income Common Stockholders": -14597366.0,
        "Net Income": -14597366.0,
        "Net Income Including Noncontrolling Interests": -14597785.0,
        "Net Income Continuous Operations": -14597785.0,
        "Pretax Income": -14597785.0,
        "Other Income Expense": 129310.0,
        "Other Non Operating Income Expenses": 129310.0,
        "Net Non Operating Interest Income Expense": 547072.0,
        "Interest Income Non Operating": 547072.0,
        "Operating Income": -15274167.0,
        "Operating Expense": 15274167.0,
        "Depreciation Amortization Depletion Income Statement": 7317.0,
        "Depreciation And Amortization In Income Statement": 7317.0,
        "Amortization": 7317.0,
        "Amortization Of Intangibles Income Statement": 7317.0,
        "Research And Development": 11252850.0,
        "Selling General And Administration": 4014000.0,
        "General And Administrative Expense": 4014000.0,
        "Other Gand A": 1031000.0,
        "Salaries And Wages": 2983000.0,
        "Total Revenue": 0.0,
        "Operating Revenue": 0.0
    },
    "2024-12-31": {
        "Tax Effect Of Unusual Items": 0.0,
        "Tax Rate For Calcs": 0.0,
        "Normalized EBITDA": -18465050.0,
        "Net Income From Continuing Operation Net Minority Interest": -18051485.0,
        "Reconciled Depreciation": 93433.0,
        "EBITDA": -18465050.0,
        "EBIT": -18558483.0,
        "Net Interest Income": 415240.0,
        "Interest Income": 415240.0,
        "Normalized Income": -18051485.0,
        "Net Income From Continuing And Discontinued Operation": -18051485.0,
        "Total Expenses": 18558483.0,
        "Total Operating Income As Reported": -18558155.0,
        "Diluted Average Shares": 31050448.0,
        "Basic Average Shares": 31050448.0,
        "Diluted EPS": -0.58,
        "Basic EPS": -0.58,
        "Diluted NI Availto Com Stockholders": -18051485.0,
        "Net Income Common Stockholders": -18051485.0,
        "Net Income": -18051485.0,
        "Net Income Including Noncontrolling Interests": -18051813.0,
        "Net Income Continuous Operations": -18051813.0,
        "Pretax Income": -18051813.0,
        "Other Income Expense": 91430.0,
        "Other Non Operating Income Expenses": 91430.0,
        "Net Non Operating Interest Income Expense": 415240.0,
        "Interest Income Non Operating": 415240.0,
        "Operating Income": -18558483.0,
        "Operating Expense": 18558483.0,
        "Depreciation Amortization Depletion Income Statement": 7317.0,
        "Depreciation And Amortization In Income Statement": 7317.0,
        "Amortization": 7317.0,
        "Amortization Of Intangibles Income Statement": 7317.0,
        "Research And Development": 14857166.0,
        "Selling General And Administration": 3694000.0,
        "General And Administrative Expense": 3694000.0,
        "Other Gand A": 812000.0,
        "Salaries And Wages": 2882000.0,
        "Total Revenue": 0.0,
        "Operating Revenue": 0.0
    },
    "2025-03-31": {
        "Tax Effect Of Unusual Items": 0.0,
        "Tax Rate For Calcs": 0.0,
        "Normalized EBITDA": -15392432.0,
        "Net Income From Continuing Operation Net Minority Interest": -15046132.0,
        "Reconciled Depreciation": 92578.0,
        "EBITDA": -15392432.0,
        "EBIT": -15485010.0,
        "Net Interest Income": 438520.0,
        "Interest Income": 438520.0,
        "Normalized Income": -15046132.0,
        "Net Income From Continuing And Discontinued Operation": -15046132.0,
        "Total Expenses": 15485010.0,
        "Total Operating Income As Reported": -15484652.0,
        "Diluted Average Shares": 35529652.0,
        "Basic Average Shares": 35529652.0,
        "Diluted EPS": -0.42,
        "Basic EPS": -0.42,
        "Diluted NI Availto Com Stockholders": -15046132.0,
        "Net Income Common Stockholders": -15046132.0,
        "Net Income": -15046132.0,
        "Net Income Including Noncontrolling Interests": -15046490.0,
        "Net Income Continuous Operations": -15046490.0,
        "Pretax Income": -15046490.0,
        "Other Income Expense": NaN,
        "Other Non Operating Income Expenses": NaN,
        "Net Non Operating Interest Income Expense": 438520.0,
        "Interest Income Non Operating": 438520.0,
        "Operating Income": -15485010.0,
        "Operating Expense": 15485010.0,
        "Depreciation Amortization Depletion Income Statement": 7317.0,
        "Depreciation And Amortization In Income Statement": 7317.0,
        "Amortization": 7317.0,
        "Amortization Of Intangibles Income Statement": 7317.0,
        "Research And Development": 11471693.0,
        "Selling General And Administration": 4006000.0,
        "General And Administrative Expense": 4006000.0,
        "Other Gand A": 891000.0,
        "Salaries And Wages": 3115000.0,
        "Total Revenue": 0.0,
        "Operating Revenue": 0.0
    },
    "2025-06-30": {
        "Tax Effect Of Unusual Items": 0.0,
        "Tax Rate For Calcs": 0.0,
        "Normalized EBITDA": -14665634.0,
        "Net Income From Continuing Operation Net Minority Interest": -14433881.0,
        "Reconciled Depreciation": 91843.0,
        "EBITDA": -14665634.0,
        "EBIT": -14757477.0,
        "Net Interest Income": 324013.0,
        "Interest Income": 324013.0,
        "Normalized Income": -14433881.0,
        "Net Income From Continuing And Discontinued Operation": -14433881.0,
        "Total Expenses": 14757477.0,
        "Total Operating Income As Reported": -14757894.0,
        "Diluted Average Shares": 35985878.0,
        "Basic Average Shares": 35985878.0,
        "Diluted EPS": -0.4,
        "Basic EPS": -0.4,
        "Diluted NI Availto Com Stockholders": -14433881.0,
        "Net Income Common Stockholders": -14433881.0,
        "Net Income": -14433881.0,
        "Net Income Including Noncontrolling Interests": -14433464.0,
        "Net Income Continuous Operations": -14433464.0,
        "Pretax Income": -14433464.0,
        "Other Income Expense": NaN,
        "Other Non Operating Income Expenses": NaN,
        "Net Non Operating Interest Income Expense": 324013.0,
        "Interest Income Non Operating": 324013.0,
        "Operating Income": -14757477.0,
        "Operating Expense": 14757477.0,
        "Depreciation Amortization Depletion Income Statement": 7317.0,
        "Depreciation And Amortization In Income Statement": 7317.0,
        "Amortization": 7317.0,
        "Amortization Of Intangibles Income Statement": 7317.0,
        "Research And Development": 10454160.0,
        "Selling General And Administration": 4296000.0,
        "General And Administrative Expense": 4296000.0,
        "Other Gand A": 1267000.0,
        "Salaries And Wages": 3029000.0,
        "Total Revenue": 0.0,
        "Operating Revenue": 0.0
    }
}