{
    "2023-03-31": {
        "Tax Effect Of Unusual Items": NaN,
        "Tax Rate For Calcs": NaN,
        "Normalized EBITDA": NaN,
        "Total Unusual Items": NaN,
        "Total Unusual Items Excluding Goodwill": NaN,
        "Net Income From Continuing Operation Net Minority Interest": NaN,
        "Reconciled Depreciation": NaN,
        "EBITDA": NaN,
        "EBIT": NaN,
        "Net Interest Income": NaN,
        "Interest Expense": NaN,
        "Interest Income": NaN,
        "Normalized Income": NaN,
        "Net Income From Continuing And Discontinued Operation": NaN,
        "Total Expenses": NaN,
        "Total Operating Income As Reported": NaN,
        "Diluted Average Shares": 76671265.0,
        "Basic Average Shares": 76671265.0,
        "Diluted EPS": -0.26,
        "Basic EPS": -0.26,
        "Diluted NI Availto Com Stockholders": NaN,
        "Net Income Common Stockholders": NaN,
        "Net Income": NaN,
        "Net Income Including Noncontrolling Interests": NaN,
        "Net Income Continuous Operations": NaN,
        "Tax Provision": NaN,
        "Pretax Income": NaN,
        "Other Income Expense": NaN,
        "Gain On Sale Of Security": NaN,
        "Net Non Operating Interest Income Expense": NaN,
        "Interest Expense Non Operating": NaN,
        "Interest Income Non Operating": NaN,
        "Operating Income": NaN,
        "Operating Expense": NaN,
        "Other Operating Expenses": NaN,
        "Research And Development": NaN,
        "Selling General And Administration": NaN,
        "General And Administrative Expense": NaN,
        "Other Gand A": NaN,
        "Salaries And Wages": NaN,
        "Total Revenue": NaN,
        "Operating Revenue": NaN
    },
    "2022-12-31": {
        "Tax Effect Of Unusual Items": -1784850.0,
        "Tax Rate For Calcs": 0.15,
        "Normalized EBITDA": 3525000.0,
        "Total Unusual Items": -11899000.0,
        "Total Unusual Items Excluding Goodwill": -11899000.0,
        "Net Income From Continuing Operation Net Minority Interest": -13232000.0,
        "Reconciled Depreciation": 1749000.0,
        "EBITDA": -8374000.0,
        "EBIT": -10123000.0,
        "Net Interest Income": 1441000.0,
        "Interest Expense": 290000.0,
        "Interest Income": 1731000.0,
        "Normalized Income": -3117850.0,
        "Net Income From Continuing And Discontinued Operation": -13232000.0,
        "Total Expenses": 37603000.0,
        "Total Operating Income As Reported": 45000.0,
        "Diluted Average Shares": NaN,
        "Basic Average Shares": NaN,
        "Diluted EPS": NaN,
        "Basic EPS": NaN,
        "Diluted NI Availto Com Stockholders": -13232000.0,
        "Net Income Common Stockholders": -13232000.0,
        "Net Income": -13232000.0,
        "Net Income Including Noncontrolling Interests": -13232000.0,
        "Net Income Continuous Operations": -13232000.0,
        "Tax Provision": 2819000.0,
        "Pretax Income": -10413000.0,
        "Other Income Expense": -11899000.0,
        "Gain On Sale Of Security": -11899000.0,
        "Net Non Operating Interest Income Expense": 1441000.0,
        "Interest Expense Non Operating": 290000.0,
        "Interest Income Non Operating": 1731000.0,
        "Operating Income": 45000.0,
        "Operating Expense": 37603000.0,
        "Other Operating Expenses": 16000.0,
        "Research And Development": 27846000.0,
        "Selling General And Administration": 9741000.0,
        "General And Administrative Expense": 9741000.0,
        "Other Gand A": 4080000.0,
        "Salaries And Wages": 5661000.0,
        "Total Revenue": 37648000.0,
        "Operating Revenue": 37648000.0
    },
    "2022-09-30": {
        "Tax Effect Of Unusual Items": NaN,
        "Tax Rate For Calcs": NaN,
        "Normalized EBITDA": NaN,
        "Total Unusual Items": NaN,
        "Total Unusual Items Excluding Goodwill": NaN,
        "Net Income From Continuing Operation Net Minority Interest": NaN,
        "Reconciled Depreciation": NaN,
        "EBITDA": NaN,
        "EBIT": NaN,
        "Net Interest Income": NaN,
        "Interest Expense": NaN,
        "Interest Income": NaN,
        "Normalized Income": NaN,
        "Net Income From Continuing And Discontinued Operation": NaN,
        "Total Expenses": NaN,
        "Total Operating Income As Reported": NaN,
        "Diluted Average Shares": 65634347.0,
        "Basic Average Shares": 65634347.0,
        "Diluted EPS": -0.32,
        "Basic EPS": -0.32,
        "Diluted NI Availto Com Stockholders": NaN,
        "Net Income Common Stockholders": NaN,
        "Net Income": NaN,
        "Net Income Including Noncontrolling Interests": NaN,
        "Net Income Continuous Operations": NaN,
        "Tax Provision": NaN,
        "Pretax Income": NaN,
        "Other Income Expense": NaN,
        "Gain On Sale Of Security": NaN,
        "Net Non Operating Interest Income Expense": NaN,
        "Interest Expense Non Operating": NaN,
        "Interest Income Non Operating": NaN,
        "Operating Income": NaN,
        "Operating Expense": NaN,
        "Other Operating Expenses": NaN,
        "Research And Development": NaN,
        "Selling General And Administration": NaN,
        "General And Administrative Expense": NaN,
        "Other Gand A": NaN,
        "Salaries And Wages": NaN,
        "Total Revenue": NaN,
        "Operating Revenue": NaN
    },
    "2022-06-30": {
        "Tax Effect Of Unusual Items": 1651600.0,
        "Tax Rate For Calcs": 0.4,
        "Normalized EBITDA": -14817000.0,
        "Total Unusual Items": 4129000.0,
        "Total Unusual Items Excluding Goodwill": 4129000.0,
        "Net Income From Continuing Operation Net Minority Interest": -13980000.0,
        "Reconciled Depreciation": 1771000.0,
        "EBITDA": -10688000.0,
        "EBIT": -12459000.0,
        "Net Interest Income": -307000.0,
        "Interest Expense": 376000.0,
        "Interest Income": 69000.0,
        "Normalized Income": -16457400.0,
        "Net Income From Continuing And Discontinued Operation": -13980000.0,
        "Total Expenses": 33873000.0,
        "Total Operating Income As Reported": -16657000.0,
        "Diluted Average Shares": 64915600.0,
        "Basic Average Shares": 64915600.0,
        "Diluted EPS": -0.22,
        "Basic EPS": -0.22,
        "Diluted NI Availto Com Stockholders": -13980000.0,
        "Net Income Common Stockholders": -13980000.0,
        "Net Income": -13980000.0,
        "Net Income Including Noncontrolling Interests": -13980000.0,
        "Net Income Continuous Operations": -13980000.0,
        "Tax Provision": 1145000.0,
        "Pretax Income": -12835000.0,
        "Other Income Expense": 4129000.0,
        "Gain On Sale Of Security": 4129000.0,
        "Net Non Operating Interest Income Expense": -307000.0,
        "Interest Expense Non Operating": 376000.0,
        "Interest Income Non Operating": 69000.0,
        "Operating Income": -16658000.0,
        "Operating Expense": 33873000.0,
        "Other Operating Expenses": -27000.0,
        "Research And Development": 25216000.0,
        "Selling General And Administration": 8684000.0,
        "General And Administrative Expense": 8684000.0,
        "Other Gand A": 3605000.0,
        "Salaries And Wages": 5079000.0,
        "Total Revenue": 17215000.0,
        "Operating Revenue": 17215000.0
    },
    "2022-03-31": {
        "Diluted EPS": 1.52,
        "Total Revenue": 115,
        "Gross Profit": 115,
        "Operating Income": 77,
        "EBIT": 79,
        "Net Income": 96
    },
    "2021-12-31": {
        "Diluted EPS": -0.38,
        "Total Revenue": 18,
        "Gross Profit": 18,
        "Operating Income": -18,
        "EBIT": -16,
        "Net Income": -24
    },
    "2021-09-30": {
        "Diluted EPS": -0.51,
        "Total Revenue": 8,
        "Gross Profit": 8,
        "Operating Income": -27,
        "EBIT": -25,
        "Net Income": -32
    },
    "2021-06-30": {
        "Diluted EPS": -0.46,
        "Total Revenue": 6,
        "Gross Profit": 6,
        "Operating Income": -28,
        "EBIT": -27,
        "Net Income": -29
    },
    "2021-03-31": {
        "Diluted EPS": -0.41,
        "Total Revenue": 9,
        "Gross Profit": 9,
        "Operating Income": -29,
        "EBIT": -27,
        "Net Income": -26
    },
    "2020-12-31": {
        "Diluted EPS": 18.62,
        "Total Revenue": 14,
        "Gross Profit": 14,
        "Operating Income": -22,
        "EBIT": -22,
        "Net Income": 4
    },
    "2020-09-30": {
        "Diluted EPS": -3.3,
        "Total Revenue": 9,
        "Gross Profit": 9,
        "Operating Income": -22,
        "EBIT": -20,
        "Net Income": -207
    },
    "2020-06-30": {
        "Diluted EPS": -19.91,
        "Total Revenue": 8,
        "Gross Profit": 8,
        "Operating Income": -22,
        "EBIT": -22,
        "Net Income": -23
    },
    "2020-03-31": {
        "Diluted EPS": -0.18,
        "Total Revenue": NaN,
        "Gross Profit": NaN,
        "Operating Income": -4,
        "EBIT": -4,
        "Net Income": -3
    },
    "2019-12-31": {
        "Diluted EPS": -1.07,
        "Total Revenue": NaN,
        "Gross Profit": NaN,
        "Operating Income": -51,
        "EBIT": -51,
        "Net Income": -34
    },
    "2019-09-30": {
        "Diluted EPS": 0.03,
        "Total Revenue": NaN,
        "Gross Profit": NaN,
        "Operating Income": 0,
        "EBIT": 0,
        "Net Income": 1
    },
    "2019-06-30": {
        "Diluted EPS": 0.05,
        "Total Revenue": NaN,
        "Gross Profit": NaN,
        "Operating Income": 0,
        "EBIT": 0,
        "Net Income": 1
    },
    "2019-03-31": {
        "Diluted EPS": 0.04,
        "Total Revenue": NaN,
        "Gross Profit": NaN,
        "Operating Income": 0,
        "EBIT": 0,
        "Net Income": 1
    },
    "2018-12-31": {
        "Diluted EPS": 0.0,
        "Total Revenue": NaN,
        "Gross Profit": NaN,
        "Operating Income": NaN,
        "EBIT": NaN,
        "Net Income": NaN
    },
    "2018-09-30": {
        "Diluted EPS": 0.0,
        "Total Revenue": NaN,
        "Gross Profit": NaN,
        "Operating Income": 0,
        "EBIT": 0,
        "Net Income": 0
    },
    "2018-06-30": {
        "Diluted EPS": 0.0,
        "Total Revenue": NaN,
        "Gross Profit": NaN,
        "Operating Income": NaN,
        "EBIT": NaN,
        "Net Income": NaN
    },
    "2023-06-30": {
        "Tax Effect Of Unusual Items": NaN,
        "Tax Rate For Calcs": NaN,
        "Normalized EBITDA": NaN,
        "Total Unusual Items": NaN,
        "Total Unusual Items Excluding Goodwill": NaN,
        "Net Income From Continuing Operation Net Minority Interest": NaN,
        "Reconciled Depreciation": NaN,
        "EBITDA": NaN,
        "EBIT": NaN,
        "Net Interest Income": NaN,
        "Interest Expense": NaN,
        "Interest Income": NaN,
        "Normalized Income": NaN,
        "Net Income From Continuing And Discontinued Operation": NaN,
        "Total Expenses": NaN,
        "Total Operating Income As Reported": NaN,
        "Diluted Average Shares": 77311053.0,
        "Basic Average Shares": 77311053.0,
        "Diluted EPS": -0.32,
        "Basic EPS": -0.32,
        "Diluted NI Availto Com Stockholders": NaN,
        "Net Income Common Stockholders": NaN,
        "Otherunder Preferred Stock Dividend": NaN,
        "Net Income": NaN,
        "Net Income Including Noncontrolling Interests": NaN,
        "Net Income Continuous Operations": NaN,
        "Tax Provision": NaN,
        "Pretax Income": NaN,
        "Other Income Expense": NaN,
        "Gain On Sale Of Security": NaN,
        "Net Non Operating Interest Income Expense": NaN,
        "Interest Expense Non Operating": NaN,
        "Interest Income Non Operating": NaN,
        "Operating Income": NaN,
        "Operating Expense": NaN,
        "Other Operating Expenses": NaN,
        "Research And Development": NaN,
        "Selling General And Administration": NaN,
        "General And Administrative Expense": NaN,
        "Other Gand A": NaN,
        "Salaries And Wages": NaN,
        "Total Revenue": NaN,
        "Operating Revenue": NaN
    },
    "2023-09-30": {
        "Tax Effect Of Unusual Items": NaN,
        "Tax Rate For Calcs": NaN,
        "Normalized EBITDA": NaN,
        "Total Unusual Items": NaN,
        "Total Unusual Items Excluding Goodwill": NaN,
        "Net Income From Continuing Operation Net Minority Interest": NaN,
        "Reconciled Depreciation": NaN,
        "EBITDA": NaN,
        "EBIT": NaN,
        "Net Interest Income": NaN,
        "Interest Expense": NaN,
        "Interest Income": NaN,
        "Normalized Income": NaN,
        "Net Income From Continuing And Discontinued Operation": NaN,
        "Total Expenses": NaN,
        "Total Operating Income As Reported": NaN,
        "Diluted Average Shares": 83386502.0,
        "Basic Average Shares": 83386502.0,
        "Diluted EPS": -0.32,
        "Basic EPS": -0.32,
        "Diluted NI Availto Com Stockholders": NaN,
        "Net Income Common Stockholders": NaN,
        "Otherunder Preferred Stock Dividend": 0.0,
        "Net Income": NaN,
        "Net Income Including Noncontrolling Interests": NaN,
        "Net Income Continuous Operations": NaN,
        "Tax Provision": NaN,
        "Pretax Income": NaN,
        "Other Income Expense": NaN,
        "Gain On Sale Of Security": NaN,
        "Net Non Operating Interest Income Expense": NaN,
        "Interest Expense Non Operating": NaN,
        "Interest Income Non Operating": NaN,
        "Operating Income": NaN,
        "Operating Expense": NaN,
        "Other Operating Expenses": NaN,
        "Research And Development": NaN,
        "Selling General And Administration": NaN,
        "General And Administrative Expense": NaN,
        "Other Gand A": NaN,
        "Salaries And Wages": NaN,
        "Total Revenue": NaN,
        "Operating Revenue": NaN
    },
    "2023-12-31": {
        "Tax Effect Of Unusual Items": 0.0,
        "Tax Rate For Calcs": 0.0,
        "Normalized EBITDA": -21060000.0,
        "Total Unusual Items": -3075000.0,
        "Total Unusual Items Excluding Goodwill": -3075000.0,
        "Net Income From Continuing Operation Net Minority Interest": -26148000.0,
        "Reconciled Depreciation": 1802000.0,
        "EBITDA": -24135000.0,
        "EBIT": -25937000.0,
        "Net Interest Income": 4641000.0,
        "Interest Expense": 211000.0,
        "Interest Income": 4852000.0,
        "Normalized Income": -23073000.0,
        "Net Income From Continuing And Discontinued Operation": -26148000.0,
        "Total Expenses": 43635000.0,
        "Total Operating Income As Reported": -27714000.0,
        "Diluted Average Shares": NaN,
        "Basic Average Shares": NaN,
        "Diluted EPS": NaN,
        "Basic EPS": NaN,
        "Diluted NI Availto Com Stockholders": -26148000.0,
        "Net Income Common Stockholders": -26148000.0,
        "Otherunder Preferred Stock Dividend": NaN,
        "Net Income": -26148000.0,
        "Net Income Including Noncontrolling Interests": -26148000.0,
        "Net Income Continuous Operations": -26148000.0,
        "Tax Provision": 0.0,
        "Pretax Income": -26148000.0,
        "Other Income Expense": -3075000.0,
        "Gain On Sale Of Security": -3075000.0,
        "Net Non Operating Interest Income Expense": 4641000.0,
        "Interest Expense Non Operating": 211000.0,
        "Interest Income Non Operating": 4852000.0,
        "Operating Income": -27714000.0,
        "Operating Expense": 43635000.0,
        "Other Operating Expenses": -5000.0,
        "Research And Development": 33267000.0,
        "Selling General And Administration": 10373000.0,
        "General And Administrative Expense": 10373000.0,
        "Other Gand A": 4767000.0,
        "Salaries And Wages": 5606000.0,
        "Total Revenue": 15921000.0,
        "Operating Revenue": 15921000.0
    },
    "2024-03-31": {
        "Tax Effect Of Unusual Items": NaN,
        "Tax Rate For Calcs": NaN,
        "Normalized EBITDA": NaN,
        "Total Unusual Items": NaN,
        "Total Unusual Items Excluding Goodwill": NaN,
        "Net Income From Continuing Operation Net Minority Interest": NaN,
        "Reconciled Depreciation": NaN,
        "EBITDA": NaN,
        "EBIT": NaN,
        "Net Interest Income": NaN,
        "Interest Expense": NaN,
        "Interest Income": NaN,
        "Normalized Income": NaN,
        "Net Income From Continuing And Discontinued Operation": NaN,
        "Total Expenses": NaN,
        "Total Operating Income As Reported": NaN,
        "Diluted Average Shares": 105927722.0,
        "Basic Average Shares": 98740222.0,
        "Diluted EPS": -0.03,
        "Basic EPS": -0.02,
        "Diluted NI Availto Com Stockholders": NaN,
        "Net Income Common Stockholders": NaN,
        "Otherunder Preferred Stock Dividend": NaN,
        "Net Income": NaN,
        "Net Income Including Noncontrolling Interests": NaN,
        "Net Income Continuous Operations": NaN,
        "Tax Provision": NaN,
        "Pretax Income": NaN,
        "Other Income Expense": NaN,
        "Gain On Sale Of Security": NaN,
        "Net Non Operating Interest Income Expense": NaN,
        "Interest Expense Non Operating": NaN,
        "Interest Income Non Operating": NaN,
        "Operating Income": NaN,
        "Operating Expense": NaN,
        "Other Operating Expenses": NaN,
        "Research And Development": NaN,
        "Selling General And Administration": NaN,
        "General And Administrative Expense": NaN,
        "Other Gand A": NaN,
        "Salaries And Wages": NaN,
        "Total Revenue": NaN,
        "Operating Revenue": NaN
    },
    "2024-06-30": {
        "Tax Effect Of Unusual Items": 540120.0,
        "Tax Rate For Calcs": 0.21,
        "Normalized EBITDA": -17096000.0,
        "Total Unusual Items": 2572000.0,
        "Total Unusual Items Excluding Goodwill": 2572000.0,
        "Net Income From Continuing Operation Net Minority Interest": -17992000.0,
        "Reconciled Depreciation": 3102000.0,
        "EBITDA": -14524000.0,
        "EBIT": -17626000.0,
        "Net Interest Income": 6140000.0,
        "Interest Expense": 226000.0,
        "Interest Income": 6366000.0,
        "Normalized Income": -20023880.0,
        "Net Income From Continuing And Discontinued Operation": -17992000.0,
        "Total Expenses": 45319000.0,
        "Total Operating Income As Reported": -26564000.0,
        "Diluted Average Shares": 103071657.0,
        "Basic Average Shares": 103071657.0,
        "Diluted EPS": -0.17,
        "Basic EPS": -0.17,
        "Diluted NI Availto Com Stockholders": -17992000.0,
        "Net Income Common Stockholders": -17992000.0,
        "Otherunder Preferred Stock Dividend": 0.0,
        "Net Income": -17992000.0,
        "Net Income Including Noncontrolling Interests": -17992000.0,
        "Net Income Continuous Operations": -17992000.0,
        "Tax Provision": 140000.0,
        "Pretax Income": -17852000.0,
        "Other Income Expense": 2572000.0,
        "Gain On Sale Of Security": 2572000.0,
        "Net Non Operating Interest Income Expense": 6140000.0,
        "Interest Expense Non Operating": 226000.0,
        "Interest Income Non Operating": 6366000.0,
        "Operating Income": -26564000.0,
        "Operating Expense": 45319000.0,
        "Other Operating Expenses": -25000.0,
        "Research And Development": 35216000.0,
        "Selling General And Administration": 10128000.0,
        "General And Administrative Expense": 10128000.0,
        "Other Gand A": 4506000.0,
        "Salaries And Wages": 5622000.0,
        "Total Revenue": 18755000.0,
        "Operating Revenue": 18755000.0
    },
    "2024-09-30": {
        "Tax Effect Of Unusual Items": -1713180.0,
        "Tax Rate For Calcs": 0.21,
        "Normalized EBITDA": 9073000.0,
        "Total Unusual Items": -8158000.0,
        "Total Unusual Items Excluding Goodwill": -8158000.0,
        "Net Income From Continuing Operation Net Minority Interest": -8570000.0,
        "Reconciled Depreciation": 3033000.0,
        "EBITDA": 915000.0,
        "EBIT": -2118000.0,
        "Net Interest Income": 5291000.0,
        "Interest Expense": 235000.0,
        "Interest Income": 5526000.0,
        "Normalized Income": -2125180.0,
        "Net Income From Continuing And Discontinued Operation": -8570000.0,
        "Total Expenses": 50045000.0,
        "Total Operating Income As Reported": 514000.0,
        "Diluted Average Shares": 110295043.0,
        "Basic Average Shares": 103107543.0,
        "Diluted EPS": -0.11,
        "Basic EPS": -0.08,
        "Diluted NI Availto Com Stockholders": -12403000.0,
        "Net Income Common Stockholders": -12403000.0,
        "Otherunder Preferred Stock Dividend": 3833000.0,
        "Net Income": -8570000.0,
        "Net Income Including Noncontrolling Interests": -8570000.0,
        "Net Income Continuous Operations": -8570000.0,
        "Tax Provision": 6217000.0,
        "Pretax Income": -2353000.0,
        "Other Income Expense": -8158000.0,
        "Gain On Sale Of Security": -8158000.0,
        "Net Non Operating Interest Income Expense": 5291000.0,
        "Interest Expense Non Operating": 235000.0,
        "Interest Income Non Operating": 5526000.0,
        "Operating Income": 514000.0,
        "Operating Expense": 50045000.0,
        "Other Operating Expenses": -17000.0,
        "Research And Development": 38906000.0,
        "Selling General And Administration": 11156000.0,
        "General And Administrative Expense": 11156000.0,
        "Other Gand A": 5332000.0,
        "Salaries And Wages": 5824000.0,
        "Total Revenue": 50559000.0,
        "Operating Revenue": 50559000.0
    },
    "2024-12-31": {
        "Tax Effect Of Unusual Items": 7514640.0,
        "Tax Rate For Calcs": 0.21,
        "Normalized EBITDA": 10795000.0,
        "Total Unusual Items": 35784000.0,
        "Total Unusual Items Excluding Goodwill": 35784000.0,
        "Net Income From Continuing Operation Net Minority Interest": 44863000.0,
        "Reconciled Depreciation": 3076000.0,
        "EBITDA": 46579000.0,
        "EBIT": 43503000.0,
        "Net Interest Income": 6584000.0,
        "Interest Expense": 232000.0,
        "Interest Income": 6816000.0,
        "Normalized Income": 16593640.0,
        "Net Income From Continuing And Discontinued Operation": 44863000.0,
        "Total Expenses": 55349000.0,
        "Total Operating Income As Reported": 903000.0,
        "Diluted Average Shares": NaN,
        "Basic Average Shares": NaN,
        "Diluted EPS": NaN,
        "Basic EPS": NaN,
        "Diluted NI Availto Com Stockholders": 49091000.0,
        "Net Income Common Stockholders": 49091000.0,
        "Otherunder Preferred Stock Dividend": NaN,
        "Net Income": 44863000.0,
        "Net Income Including Noncontrolling Interests": 44863000.0,
        "Net Income Continuous Operations": 44863000.0,
        "Tax Provision": -1592000.0,
        "Pretax Income": 43271000.0,
        "Other Income Expense": 35784000.0,
        "Gain On Sale Of Security": 35784000.0,
        "Net Non Operating Interest Income Expense": 6584000.0,
        "Interest Expense Non Operating": 232000.0,
        "Interest Income Non Operating": 6816000.0,
        "Operating Income": 903000.0,
        "Operating Expense": 55349000.0,
        "Other Operating Expenses": -24000.0,
        "Research And Development": 41849000.0,
        "Selling General And Administration": 13524000.0,
        "General And Administrative Expense": 13524000.0,
        "Other Gand A": 7308000.0,
        "Salaries And Wages": 6216000.0,
        "Total Revenue": 56252000.0,
        "Operating Revenue": 56252000.0
    },
    "2025-03-31": {
        "Tax Effect Of Unusual Items": -260101.006145,
        "Tax Rate For Calcs": 0.024334,
        "Normalized EBITDA": -26771000.0,
        "Total Unusual Items": -10689000.0,
        "Total Unusual Items Excluding Goodwill": -10689000.0,
        "Net Income From Continuing Operation Net Minority Interest": -39855000.0,
        "Reconciled Depreciation": 3140000.0,
        "EBITDA": -37460000.0,
        "EBIT": -40600000.0,
        "Net Interest Income": 5214000.0,
        "Interest Expense": 249000.0,
        "Interest Income": 5463000.0,
        "Normalized Income": -29426101.006145,
        "Net Income From Continuing And Discontinued Operation": -39855000.0,
        "Total Expenses": 53956000.0,
        "Total Operating Income As Reported": -35374000.0,
        "Diluted Average Shares": 121550169.0,
        "Basic Average Shares": 121550169.0,
        "Diluted EPS": -0.33,
        "Basic EPS": -0.33,
        "Diluted NI Availto Com Stockholders": -39855000.0,
        "Net Income Common Stockholders": -39855000.0,
        "Otherunder Preferred Stock Dividend": NaN,
        "Net Income": -39855000.0,
        "Net Income Including Noncontrolling Interests": -39855000.0,
        "Net Income Continuous Operations": -39855000.0,
        "Tax Provision": -994000.0,
        "Pretax Income": -40849000.0,
        "Other Income Expense": -10689000.0,
        "Gain On Sale Of Security": -10689000.0,
        "Net Non Operating Interest Income Expense": 5214000.0,
        "Interest Expense Non Operating": 249000.0,
        "Interest Income Non Operating": 5463000.0,
        "Operating Income": -35374000.0,
        "Operating Expense": 53956000.0,
        "Other Operating Expenses": -19000.0,
        "Research And Development": 41908000.0,
        "Selling General And Administration": 12067000.0,
        "General And Administrative Expense": 12067000.0,
        "Other Gand A": 5485000.0,
        "Salaries And Wages": 6582000.0,
        "Total Revenue": 18582000.0,
        "Operating Revenue": 18582000.0
    },
    "2025-06-30": {
        "Tax Effect Of Unusual Items": -311934.771335,
        "Tax Rate For Calcs": 0.01403,
        "Normalized EBITDA": -45845000.0,
        "Total Unusual Items": -22234000.0,
        "Total Unusual Items Excluding Goodwill": -22234000.0,
        "Net Income From Continuing Operation Net Minority Interest": -70348000.0,
        "Reconciled Depreciation": 3026000.0,
        "EBITDA": -68079000.0,
        "EBIT": -71105000.0,
        "Net Interest Income": 4012000.0,
        "Interest Expense": 244000.0,
        "Interest Income": 4256000.0,
        "Normalized Income": -48425934.771335,
        "Net Income From Continuing And Discontinued Operation": -70348000.0,
        "Total Expenses": 57864000.0,
        "Total Operating Income As Reported": -53127000.0,
        "Diluted Average Shares": 121552940.0,
        "Basic Average Shares": 121552940.0,
        "Diluted EPS": -0.58,
        "Basic EPS": -0.58,
        "Diluted NI Availto Com Stockholders": -70348000.0,
        "Net Income Common Stockholders": -70348000.0,
        "Otherunder Preferred Stock Dividend": 0.0,
        "Net Income": -70348000.0,
        "Net Income Including Noncontrolling Interests": -70348000.0,
        "Net Income Continuous Operations": -70348000.0,
        "Tax Provision": -1001000.0,
        "Pretax Income": -71349000.0,
        "Other Income Expense": -22234000.0,
        "Gain On Sale Of Security": -22234000.0,
        "Net Non Operating Interest Income Expense": 4012000.0,
        "Interest Expense Non Operating": 244000.0,
        "Interest Income Non Operating": 4256000.0,
        "Operating Income": -53127000.0,
        "Operating Expense": 57864000.0,
        "Other Operating Expenses": -22000.0,
        "Research And Development": 45106000.0,
        "Selling General And Administration": 12780000.0,
        "General And Administrative Expense": 12780000.0,
        "Other Gand A": 6122000.0,
        "Salaries And Wages": 6658000.0,
        "Total Revenue": 4737000.0,
        "Operating Revenue": 4737000.0
    }
}