{
    "2023-03-31": {
        "Tax Effect Of Unusual Items": NaN,
        "Tax Rate For Calcs": NaN,
        "Normalized EBITDA": NaN,
        "Total Unusual Items": NaN,
        "Total Unusual Items Excluding Goodwill": NaN,
        "Net Income From Continuing Operation Net Minority Interest": NaN,
        "Reconciled Depreciation": NaN,
        "EBITDA": NaN,
        "EBIT": NaN,
        "Net Interest Income": NaN,
        "Interest Income": NaN,
        "Normalized Income": NaN,
        "Net Income From Continuing And Discontinued Operation": NaN,
        "Total Expenses": NaN,
        "Total Operating Income As Reported": NaN,
        "Diluted Average Shares": 43664783.0,
        "Basic Average Shares": 43664783.0,
        "Diluted EPS": -0.58,
        "Basic EPS": -0.58,
        "Diluted NI Availto Com Stockholders": NaN,
        "Net Income Common Stockholders": NaN,
        "Net Income": NaN,
        "Net Income Including Noncontrolling Interests": NaN,
        "Net Income Continuous Operations": NaN,
        "Pretax Income": NaN,
        "Other Income Expense": NaN,
        "Other Non Operating Income Expenses": NaN,
        "Gain On Sale Of Security": NaN,
        "Net Non Operating Interest Income Expense": NaN,
        "Interest Income Non Operating": NaN,
        "Operating Income": NaN,
        "Operating Expense": NaN,
        "Research And Development": NaN,
        "Selling General And Administration": NaN,
        "General And Administrative Expense": NaN,
        "Other Gand A": NaN,
        "Total Revenue": NaN,
        "Operating Revenue": NaN
    },
    "2022-12-31": {
        "Tax Effect Of Unusual Items": 0.0,
        "Tax Rate For Calcs": 0.0,
        "Normalized EBITDA": -24338000.0,
        "Net Income From Continuing Operation Net Minority Interest": -56474000.0,
        "Reconciled Depreciation": 19000.0,
        "EBITDA": -24338000.0,
        "EBIT": -24357000.0,
        "Net Interest Income": 698000.0,
        "Interest Income": 698000.0,
        "Normalized Income": -56474000.0,
        "Net Income From Continuing And Discontinued Operation": -56474000.0,
        "Total Expenses": 24357000.0,
        "Total Operating Income As Reported": -57327000.0,
        "Diluted Average Shares": NaN,
        "Basic Average Shares": NaN,
        "Diluted EPS": NaN,
        "Basic EPS": NaN,
        "Diluted NI Availto Com Stockholders": -56474000.0,
        "Net Income Common Stockholders": -56474000.0,
        "Net Income": -56474000.0,
        "Net Income Including Noncontrolling Interests": -56474000.0,
        "Net Income Continuous Operations": -56474000.0,
        "Pretax Income": -56474000.0,
        "Other Income Expense": -32815000.0,
        "Other Non Operating Income Expenses": 155000.0,
        "Net Non Operating Interest Income Expense": 698000.0,
        "Interest Income Non Operating": 698000.0,
        "Operating Income": -24357000.0,
        "Operating Expense": 24357000.0,
        "Research And Development": 20735000.0,
        "Selling General And Administration": 3622000.0,
        "General And Administrative Expense": 3622000.0,
        "Other Gand A": 3622000.0,
        "Total Revenue": 0.0,
        "Operating Revenue": 0.0
    },
    "2022-09-30": {
        "Tax Effect Of Unusual Items": NaN,
        "Tax Rate For Calcs": NaN,
        "Normalized EBITDA": NaN,
        "Total Unusual Items": NaN,
        "Total Unusual Items Excluding Goodwill": NaN,
        "Net Income From Continuing Operation Net Minority Interest": NaN,
        "Reconciled Depreciation": NaN,
        "EBITDA": NaN,
        "EBIT": NaN,
        "Net Interest Income": NaN,
        "Interest Income": NaN,
        "Normalized Income": NaN,
        "Net Income From Continuing And Discontinued Operation": NaN,
        "Total Expenses": NaN,
        "Total Operating Income As Reported": NaN,
        "Diluted Average Shares": 30564995.0,
        "Basic Average Shares": 30564995.0,
        "Diluted EPS": -0.69,
        "Basic EPS": -0.69,
        "Diluted NI Availto Com Stockholders": NaN,
        "Net Income Common Stockholders": NaN,
        "Net Income": NaN,
        "Net Income Including Noncontrolling Interests": NaN,
        "Net Income Continuous Operations": NaN,
        "Pretax Income": NaN,
        "Other Income Expense": NaN,
        "Other Non Operating Income Expenses": NaN,
        "Gain On Sale Of Security": NaN,
        "Net Non Operating Interest Income Expense": NaN,
        "Interest Income Non Operating": NaN,
        "Operating Income": NaN,
        "Operating Expense": NaN,
        "Research And Development": NaN,
        "Selling General And Administration": NaN,
        "General And Administrative Expense": NaN,
        "Other Gand A": NaN,
        "Total Revenue": NaN,
        "Operating Revenue": NaN
    },
    "2022-06-30": {
        "Tax Effect Of Unusual Items": 0.0,
        "Tax Rate For Calcs": 0.0,
        "Normalized EBITDA": -20610000.0,
        "Net Income From Continuing Operation Net Minority Interest": -21901000.0,
        "Reconciled Depreciation": 20000.0,
        "EBITDA": -20610000.0,
        "EBIT": -20610000.0,
        "Net Interest Income": 106000.0,
        "Interest Income": 106000.0,
        "Normalized Income": -21901000.0,
        "Net Income From Continuing And Discontinued Operation": -21901000.0,
        "Total Expenses": 20610000.0,
        "Total Operating Income As Reported": -20610000.0,
        "Diluted Average Shares": 30248767.0,
        "Basic Average Shares": 30248767.0,
        "Diluted EPS": -0.72,
        "Basic EPS": -0.72,
        "Diluted NI Availto Com Stockholders": -21901000.0,
        "Net Income Common Stockholders": -21901000.0,
        "Net Income": -21901000.0,
        "Net Income Including Noncontrolling Interests": -21901000.0,
        "Net Income Continuous Operations": -21901000.0,
        "Pretax Income": -21901000.0,
        "Other Income Expense": -1397000.0,
        "Other Non Operating Income Expenses": -1397000.0,
        "Net Non Operating Interest Income Expense": 106000.0,
        "Interest Income Non Operating": 106000.0,
        "Operating Income": -20610000.0,
        "Operating Expense": 20610000.0,
        "Research And Development": 16538000.0,
        "Selling General And Administration": 4072000.0,
        "General And Administrative Expense": 4072000.0,
        "Other Gand A": 4072000.0,
        "Total Revenue": 0.0,
        "Operating Revenue": 0.0
    },
    "2022-03-31": {
        "Diluted EPS": -0.74,
        "Total Revenue": NaN,
        "Gross Profit": NaN,
        "Operating Income": -21,
        "EBIT": -21,
        "Net Income": -21
    },
    "2021-12-31": {
        "Diluted EPS": -0.72,
        "Total Revenue": NaN,
        "Gross Profit": NaN,
        "Operating Income": -22,
        "EBIT": -22,
        "Net Income": -21
    },
    "2021-09-30": {
        "Diluted EPS": -0.76,
        "Total Revenue": NaN,
        "Gross Profit": NaN,
        "Operating Income": -18,
        "EBIT": -18,
        "Net Income": -19
    },
    "2021-06-30": {
        "Diluted EPS": -0.82,
        "Total Revenue": NaN,
        "Gross Profit": NaN,
        "Operating Income": -19,
        "EBIT": -19,
        "Net Income": -18
    },
    "2021-03-31": {
        "Diluted EPS": -1.63,
        "Total Revenue": NaN,
        "Gross Profit": NaN,
        "Operating Income": -32,
        "EBIT": -32,
        "Net Income": -35
    },
    "2020-12-31": {
        "Diluted EPS": -0.42,
        "Total Revenue": NaN,
        "Gross Profit": NaN,
        "Operating Income": -14,
        "EBIT": -14,
        "Net Income": -11
    },
    "2020-09-30": {
        "Diluted EPS": -0.7,
        "Total Revenue": NaN,
        "Gross Profit": NaN,
        "Operating Income": -14,
        "EBIT": -14,
        "Net Income": -13
    },
    "2020-06-30": {
        "Diluted EPS": -0.9,
        "Total Revenue": NaN,
        "Gross Profit": NaN,
        "Operating Income": -12,
        "EBIT": -12,
        "Net Income": -11
    },
    "2020-03-31": {
        "Diluted EPS": -0.79,
        "Total Revenue": NaN,
        "Gross Profit": NaN,
        "Operating Income": -9,
        "EBIT": -9,
        "Net Income": -8
    },
    "2019-12-31": {
        "Diluted EPS": 2.91,
        "Total Revenue": NaN,
        "Gross Profit": NaN,
        "Operating Income": -8,
        "EBIT": -8,
        "Net Income": -8
    },
    "2019-09-30": {
        "Diluted EPS": -0.82,
        "Total Revenue": NaN,
        "Gross Profit": NaN,
        "Operating Income": -9,
        "EBIT": -9,
        "Net Income": -8
    },
    "2019-06-30": {
        "Diluted EPS": -1.52,
        "Total Revenue": NaN,
        "Gross Profit": NaN,
        "Operating Income": -15,
        "EBIT": -15,
        "Net Income": -15
    },
    "2019-03-31": {
        "Diluted EPS": -5.09,
        "Total Revenue": NaN,
        "Gross Profit": NaN,
        "Operating Income": -5,
        "EBIT": -5,
        "Net Income": -4
    },
    "2018-12-31": {
        "Diluted EPS": 5.24,
        "Total Revenue": NaN,
        "Gross Profit": NaN,
        "Operating Income": 7,
        "EBIT": 7,
        "Net Income": 7
    },
    "2018-09-30": {
        "Diluted EPS": -2.12,
        "Total Revenue": NaN,
        "Gross Profit": NaN,
        "Operating Income": -2,
        "EBIT": -2,
        "Net Income": -2
    },
    "2018-06-30": {
        "Diluted EPS": -3.15,
        "Total Revenue": NaN,
        "Gross Profit": NaN,
        "Operating Income": -3,
        "EBIT": -3,
        "Net Income": -3
    },
    "2018-03-31": {
        "Diluted EPS": -13.6,
        "Total Revenue": NaN,
        "Gross Profit": NaN,
        "Operating Income": -14,
        "EBIT": -14,
        "Net Income": -14
    },
    "2017-12-31": {
        "Diluted EPS": -13.2,
        "Total Revenue": NaN,
        "Gross Profit": NaN,
        "Operating Income": -15,
        "EBIT": -15,
        "Net Income": -15
    },
    "2017-09-30": {
        "Diluted EPS": -12.0,
        "Total Revenue": NaN,
        "Gross Profit": NaN,
        "Operating Income": -13,
        "EBIT": -12,
        "Net Income": -12
    },
    "2017-06-30": {
        "Diluted EPS": -11.6,
        "Total Revenue": NaN,
        "Gross Profit": NaN,
        "Operating Income": -13,
        "EBIT": -12,
        "Net Income": -12
    },
    "2017-03-31": {
        "Diluted EPS": -15.6,
        "Total Revenue": NaN,
        "Gross Profit": NaN,
        "Operating Income": -13,
        "EBIT": -12,
        "Net Income": -13
    },
    "2016-12-31": {
        "Diluted EPS": -15.2,
        "Total Revenue": NaN,
        "Gross Profit": NaN,
        "Operating Income": -12,
        "EBIT": -11,
        "Net Income": -12
    },
    "2016-09-30": {
        "Diluted EPS": -12.8,
        "Total Revenue": NaN,
        "Gross Profit": NaN,
        "Operating Income": -10,
        "EBIT": -10,
        "Net Income": -10
    },
    "2016-06-30": {
        "Diluted EPS": -12.0,
        "Total Revenue": NaN,
        "Gross Profit": NaN,
        "Operating Income": -10,
        "EBIT": -9,
        "Net Income": -9
    },
    "2016-03-31": {
        "Diluted EPS": -12.4,
        "Total Revenue": NaN,
        "Gross Profit": NaN,
        "Operating Income": -10,
        "EBIT": -9,
        "Net Income": -10
    },
    "2015-12-31": {
        "Diluted EPS": -12.4,
        "Total Revenue": NaN,
        "Gross Profit": NaN,
        "Operating Income": -10,
        "EBIT": -10,
        "Net Income": -10
    },
    "2015-09-30": {
        "Diluted EPS": -20.4,
        "Total Revenue": NaN,
        "Gross Profit": NaN,
        "Operating Income": -12,
        "EBIT": -12,
        "Net Income": -12
    },
    "2015-06-30": {
        "Diluted EPS": -25.2,
        "Total Revenue": NaN,
        "Gross Profit": NaN,
        "Operating Income": -15,
        "EBIT": -15,
        "Net Income": -15
    },
    "2015-03-31": {
        "Diluted EPS": -24.8,
        "Total Revenue": NaN,
        "Gross Profit": NaN,
        "Operating Income": -15,
        "EBIT": -15,
        "Net Income": -15
    },
    "2014-12-31": {
        "Diluted EPS": 898.0,
        "Total Revenue": NaN,
        "Gross Profit": NaN,
        "Operating Income": -14,
        "EBIT": -14,
        "Net Income": -14
    },
    "2014-09-30": {
        "Diluted EPS": -23.6,
        "Total Revenue": NaN,
        "Gross Profit": NaN,
        "Operating Income": -13,
        "EBIT": -13,
        "Net Income": -13
    },
    "2014-06-30": {
        "Diluted EPS": -36.4,
        "Total Revenue": NaN,
        "Gross Profit": NaN,
        "Operating Income": -12,
        "EBIT": -11,
        "Net Income": -16
    },
    "2014-03-31": {
        "Diluted EPS": -979.6,
        "Total Revenue": NaN,
        "Gross Profit": NaN,
        "Operating Income": -12,
        "EBIT": -12,
        "Net Income": -14
    },
    "2013-12-31": {
        "Diluted EPS": -891.2,
        "Total Revenue": NaN,
        "Gross Profit": NaN,
        "Operating Income": -10,
        "EBIT": -10,
        "Net Income": -10
    },
    "2013-09-30": {
        "Diluted EPS": -652.4,
        "Total Revenue": NaN,
        "Gross Profit": NaN,
        "Operating Income": -9,
        "EBIT": -9,
        "Net Income": -9
    },
    "2013-06-30": {
        "Diluted EPS": -573.2,
        "Total Revenue": NaN,
        "Gross Profit": NaN,
        "Operating Income": -7,
        "EBIT": -7,
        "Net Income": -7
    },
    "2013-03-31": {
        "Diluted EPS": -884.4,
        "Total Revenue": NaN,
        "Gross Profit": NaN,
        "Operating Income": -5,
        "EBIT": -5,
        "Net Income": -10
    },
    "2012-12-31": {
        "Diluted EPS": 0.0,
        "Total Revenue": NaN,
        "Gross Profit": NaN,
        "Operating Income": NaN,
        "EBIT": NaN,
        "Net Income": NaN
    },
    "2023-06-30": {
        "Tax Effect Of Unusual Items": NaN,
        "Tax Rate For Calcs": NaN,
        "Normalized EBITDA": NaN,
        "Total Unusual Items": NaN,
        "Total Unusual Items Excluding Goodwill": NaN,
        "Net Income From Continuing Operation Net Minority Interest": NaN,
        "Reconciled Depreciation": NaN,
        "EBITDA": NaN,
        "EBIT": NaN,
        "Net Interest Income": NaN,
        "Interest Income": NaN,
        "Normalized Income": NaN,
        "Net Income From Continuing And Discontinued Operation": NaN,
        "Total Expenses": NaN,
        "Total Operating Income As Reported": NaN,
        "Diluted Average Shares": 44432955.0,
        "Basic Average Shares": 44432955.0,
        "Diluted EPS": -0.54,
        "Basic EPS": -0.54,
        "Diluted NI Availto Com Stockholders": NaN,
        "Net Income Common Stockholders": NaN,
        "Net Income": NaN,
        "Net Income Including Noncontrolling Interests": NaN,
        "Net Income Continuous Operations": NaN,
        "Pretax Income": NaN,
        "Other Income Expense": NaN,
        "Other Non Operating Income Expenses": NaN,
        "Gain On Sale Of Security": NaN,
        "Net Non Operating Interest Income Expense": NaN,
        "Interest Income Non Operating": NaN,
        "Operating Income": NaN,
        "Operating Expense": NaN,
        "Research And Development": NaN,
        "Selling General And Administration": NaN,
        "General And Administrative Expense": NaN,
        "Other Gand A": NaN,
        "Total Revenue": NaN,
        "Operating Revenue": NaN
    },
    "2023-09-30": {
        "Tax Effect Of Unusual Items": NaN,
        "Tax Rate For Calcs": NaN,
        "Normalized EBITDA": NaN,
        "Total Unusual Items": NaN,
        "Total Unusual Items Excluding Goodwill": NaN,
        "Net Income From Continuing Operation Net Minority Interest": NaN,
        "Reconciled Depreciation": NaN,
        "EBITDA": NaN,
        "EBIT": NaN,
        "Net Interest Income": NaN,
        "Interest Income": NaN,
        "Normalized Income": NaN,
        "Net Income From Continuing And Discontinued Operation": NaN,
        "Total Expenses": NaN,
        "Total Operating Income As Reported": NaN,
        "Diluted Average Shares": 44574377.0,
        "Basic Average Shares": 44574377.0,
        "Diluted EPS": -0.51,
        "Basic EPS": -0.51,
        "Diluted NI Availto Com Stockholders": NaN,
        "Net Income Common Stockholders": NaN,
        "Net Income": NaN,
        "Net Income Including Noncontrolling Interests": NaN,
        "Net Income Continuous Operations": NaN,
        "Pretax Income": NaN,
        "Other Income Expense": NaN,
        "Other Non Operating Income Expenses": NaN,
        "Gain On Sale Of Security": NaN,
        "Net Non Operating Interest Income Expense": NaN,
        "Interest Income Non Operating": NaN,
        "Operating Income": NaN,
        "Operating Expense": NaN,
        "Research And Development": NaN,
        "Selling General And Administration": NaN,
        "General And Administrative Expense": NaN,
        "Other Gand A": NaN,
        "Total Revenue": NaN,
        "Operating Revenue": NaN
    },
    "2023-12-31": {
        "Tax Effect Of Unusual Items": 0.0,
        "Tax Rate For Calcs": 0.0,
        "Normalized EBITDA": -23358000.0,
        "Total Unusual Items": NaN,
        "Total Unusual Items Excluding Goodwill": NaN,
        "Net Income From Continuing Operation Net Minority Interest": -21572000.0,
        "Reconciled Depreciation": 23000.0,
        "EBITDA": -23358000.0,
        "EBIT": -23381000.0,
        "Net Interest Income": 541000.0,
        "Interest Income": 541000.0,
        "Normalized Income": -21572000.0,
        "Net Income From Continuing And Discontinued Operation": -21572000.0,
        "Total Expenses": 23381000.0,
        "Total Operating Income As Reported": -23381000.0,
        "Diluted Average Shares": NaN,
        "Basic Average Shares": NaN,
        "Diluted EPS": NaN,
        "Basic EPS": NaN,
        "Diluted NI Availto Com Stockholders": -21572000.0,
        "Net Income Common Stockholders": -21572000.0,
        "Net Income": -21572000.0,
        "Net Income Including Noncontrolling Interests": -21572000.0,
        "Net Income Continuous Operations": -21572000.0,
        "Pretax Income": -21572000.0,
        "Other Income Expense": 1268000.0,
        "Other Non Operating Income Expenses": 1268000.0,
        "Gain On Sale Of Security": NaN,
        "Net Non Operating Interest Income Expense": 541000.0,
        "Interest Income Non Operating": 541000.0,
        "Operating Income": -23381000.0,
        "Operating Expense": 23381000.0,
        "Research And Development": 19284000.0,
        "Selling General And Administration": 4097000.0,
        "General And Administrative Expense": 4097000.0,
        "Other Gand A": 4097000.0,
        "Total Revenue": 0.0,
        "Operating Revenue": 0.0
    },
    "2024-03-31": {
        "Tax Effect Of Unusual Items": NaN,
        "Tax Rate For Calcs": NaN,
        "Normalized EBITDA": NaN,
        "Total Unusual Items": -4796000.0,
        "Total Unusual Items Excluding Goodwill": -4796000.0,
        "Net Income From Continuing Operation Net Minority Interest": NaN,
        "Reconciled Depreciation": NaN,
        "EBITDA": NaN,
        "EBIT": NaN,
        "Net Interest Income": NaN,
        "Interest Income": NaN,
        "Normalized Income": NaN,
        "Net Income From Continuing And Discontinued Operation": NaN,
        "Total Expenses": NaN,
        "Total Operating Income As Reported": NaN,
        "Diluted Average Shares": 97299955.0,
        "Basic Average Shares": 97299955.0,
        "Diluted EPS": -0.3,
        "Basic EPS": -0.3,
        "Diluted NI Availto Com Stockholders": NaN,
        "Net Income Common Stockholders": NaN,
        "Net Income": NaN,
        "Net Income Including Noncontrolling Interests": NaN,
        "Net Income Continuous Operations": NaN,
        "Pretax Income": NaN,
        "Other Income Expense": NaN,
        "Other Non Operating Income Expenses": NaN,
        "Gain On Sale Of Security": -4796000.0,
        "Net Non Operating Interest Income Expense": NaN,
        "Interest Income Non Operating": NaN,
        "Operating Income": NaN,
        "Operating Expense": NaN,
        "Research And Development": NaN,
        "Selling General And Administration": NaN,
        "General And Administrative Expense": NaN,
        "Other Gand A": NaN,
        "Total Revenue": NaN,
        "Operating Revenue": NaN
    },
    "2024-06-30": {
        "Tax Effect Of Unusual Items": 0.0,
        "Tax Rate For Calcs": 0.0,
        "Normalized EBITDA": -22783000.0,
        "Total Unusual Items": NaN,
        "Total Unusual Items Excluding Goodwill": NaN,
        "Net Income From Continuing Operation Net Minority Interest": -21380000.0,
        "Reconciled Depreciation": 31000.0,
        "EBITDA": -22783000.0,
        "EBIT": -22814000.0,
        "Net Interest Income": 998000.0,
        "Interest Income": 998000.0,
        "Normalized Income": -21380000.0,
        "Net Income From Continuing And Discontinued Operation": -21380000.0,
        "Total Expenses": 22814000.0,
        "Total Operating Income As Reported": -22814000.0,
        "Diluted Average Shares": 101272580.0,
        "Basic Average Shares": 101272580.0,
        "Diluted EPS": -0.21,
        "Basic EPS": -0.21,
        "Diluted NI Availto Com Stockholders": -21380000.0,
        "Net Income Common Stockholders": -21380000.0,
        "Net Income": -21380000.0,
        "Net Income Including Noncontrolling Interests": -21380000.0,
        "Net Income Continuous Operations": -21380000.0,
        "Pretax Income": -21380000.0,
        "Other Income Expense": 436000.0,
        "Other Non Operating Income Expenses": 436000.0,
        "Gain On Sale Of Security": NaN,
        "Net Non Operating Interest Income Expense": 998000.0,
        "Interest Income Non Operating": 998000.0,
        "Operating Income": -22814000.0,
        "Operating Expense": 22814000.0,
        "Research And Development": 18323000.0,
        "Selling General And Administration": 4491000.0,
        "General And Administrative Expense": 4491000.0,
        "Other Gand A": 4491000.0,
        "Total Revenue": 0.0,
        "Operating Revenue": 0.0
    },
    "2024-09-30": {
        "Tax Effect Of Unusual Items": 0.0,
        "Tax Rate For Calcs": 0.0,
        "Normalized EBITDA": -25684000.0,
        "Total Unusual Items": NaN,
        "Total Unusual Items Excluding Goodwill": NaN,
        "Net Income From Continuing Operation Net Minority Interest": -24368000.0,
        "Reconciled Depreciation": 42000.0,
        "EBITDA": -25684000.0,
        "EBIT": -25726000.0,
        "Net Interest Income": 776000.0,
        "Interest Income": 776000.0,
        "Normalized Income": -24368000.0,
        "Net Income From Continuing And Discontinued Operation": -24368000.0,
        "Total Expenses": 25726000.0,
        "Total Operating Income As Reported": -25726000.0,
        "Diluted Average Shares": 101272580.0,
        "Basic Average Shares": 101272580.0,
        "Diluted EPS": -0.24,
        "Basic EPS": -0.24,
        "Diluted NI Availto Com Stockholders": -24368000.0,
        "Net Income Common Stockholders": -24368000.0,
        "Net Income": -24368000.0,
        "Net Income Including Noncontrolling Interests": -24368000.0,
        "Net Income Continuous Operations": -24368000.0,
        "Pretax Income": -24368000.0,
        "Other Income Expense": 582000.0,
        "Other Non Operating Income Expenses": 582000.0,
        "Gain On Sale Of Security": NaN,
        "Net Non Operating Interest Income Expense": 776000.0,
        "Interest Income Non Operating": 776000.0,
        "Operating Income": -25726000.0,
        "Operating Expense": 25726000.0,
        "Research And Development": 21370000.0,
        "Selling General And Administration": 4356000.0,
        "General And Administrative Expense": 4356000.0,
        "Other Gand A": 4356000.0,
        "Total Revenue": 0.0,
        "Operating Revenue": 0.0
    },
    "2024-12-31": {
        "Tax Effect Of Unusual Items": 0.0,
        "Tax Rate For Calcs": 0.0,
        "Normalized EBITDA": -25596000.0,
        "Total Unusual Items": 0.0,
        "Total Unusual Items Excluding Goodwill": 0.0,
        "Net Income From Continuing Operation Net Minority Interest": -25175000.0,
        "Reconciled Depreciation": 35000.0,
        "EBITDA": -25596000.0,
        "EBIT": -25631000.0,
        "Net Interest Income": 429000.0,
        "Interest Income": 429000.0,
        "Normalized Income": -25175000.0,
        "Net Income From Continuing And Discontinued Operation": -25175000.0,
        "Total Expenses": 25631000.0,
        "Total Operating Income As Reported": -25631000.0,
        "Diluted Average Shares": NaN,
        "Basic Average Shares": NaN,
        "Diluted EPS": NaN,
        "Basic EPS": NaN,
        "Diluted NI Availto Com Stockholders": -25175000.0,
        "Net Income Common Stockholders": -25175000.0,
        "Net Income": -25175000.0,
        "Net Income Including Noncontrolling Interests": -25175000.0,
        "Net Income Continuous Operations": -25175000.0,
        "Pretax Income": -25175000.0,
        "Other Income Expense": 27000.0,
        "Other Non Operating Income Expenses": 27000.0,
        "Gain On Sale Of Security": 0.0,
        "Net Non Operating Interest Income Expense": 429000.0,
        "Interest Income Non Operating": 429000.0,
        "Operating Income": -25631000.0,
        "Operating Expense": 25631000.0,
        "Research And Development": 21617000.0,
        "Selling General And Administration": 4014000.0,
        "General And Administrative Expense": 4014000.0,
        "Other Gand A": 4014000.0,
        "Total Revenue": 0.0,
        "Operating Revenue": 0.0
    },
    "2025-03-31": {
        "Tax Effect Of Unusual Items": 0.0,
        "Tax Rate For Calcs": 0.0,
        "Normalized EBITDA": -26782000.0,
        "Total Unusual Items": NaN,
        "Total Unusual Items Excluding Goodwill": NaN,
        "Net Income From Continuing Operation Net Minority Interest": -25473000.0,
        "Reconciled Depreciation": 43000.0,
        "EBITDA": -26782000.0,
        "EBIT": -26825000.0,
        "Net Interest Income": 183000.0,
        "Interest Income": 183000.0,
        "Normalized Income": -25473000.0,
        "Net Income From Continuing And Discontinued Operation": -25473000.0,
        "Total Expenses": 26825000.0,
        "Total Operating Income As Reported": -26825000.0,
        "Diluted Average Shares": 101344433.0,
        "Basic Average Shares": 101344433.0,
        "Diluted EPS": -0.25,
        "Basic EPS": -0.25,
        "Diluted NI Availto Com Stockholders": -25473000.0,
        "Net Income Common Stockholders": -25473000.0,
        "Net Income": -25473000.0,
        "Net Income Including Noncontrolling Interests": -25473000.0,
        "Net Income Continuous Operations": -25473000.0,
        "Pretax Income": -25473000.0,
        "Other Income Expense": 1169000.0,
        "Other Non Operating Income Expenses": 1169000.0,
        "Gain On Sale Of Security": NaN,
        "Net Non Operating Interest Income Expense": 183000.0,
        "Interest Income Non Operating": 183000.0,
        "Operating Income": -26825000.0,
        "Operating Expense": 26825000.0,
        "Research And Development": 21533000.0,
        "Selling General And Administration": 5292000.0,
        "General And Administrative Expense": 5292000.0,
        "Other Gand A": 5292000.0,
        "Total Revenue": 0.0,
        "Operating Revenue": 0.0
    },
    "2025-06-30": {
        "Tax Effect Of Unusual Items": 0.0,
        "Tax Rate For Calcs": 0.0,
        "Normalized EBITDA": -27040000.0,
        "Total Unusual Items": NaN,
        "Total Unusual Items Excluding Goodwill": NaN,
        "Net Income From Continuing Operation Net Minority Interest": -26820000.0,
        "Reconciled Depreciation": 43000.0,
        "EBITDA": -27040000.0,
        "EBIT": -27083000.0,
        "Net Interest Income": 241000.0,
        "Interest Income": 241000.0,
        "Normalized Income": -26820000.0,
        "Net Income From Continuing And Discontinued Operation": -26820000.0,
        "Total Expenses": 27083000.0,
        "Total Operating Income As Reported": -27083000.0,
        "Diluted Average Shares": 132175202.0,
        "Basic Average Shares": 132175202.0,
        "Diluted EPS": -0.2,
        "Basic EPS": -0.2,
        "Diluted NI Availto Com Stockholders": -26820000.0,
        "Net Income Common Stockholders": -26820000.0,
        "Net Income": -26820000.0,
        "Net Income Including Noncontrolling Interests": -26820000.0,
        "Net Income Continuous Operations": -26820000.0,
        "Pretax Income": -26820000.0,
        "Other Income Expense": 22000.0,
        "Other Non Operating Income Expenses": 22000.0,
        "Gain On Sale Of Security": NaN,
        "Net Non Operating Interest Income Expense": 241000.0,
        "Interest Income Non Operating": 241000.0,
        "Operating Income": -27083000.0,
        "Operating Expense": 27083000.0,
        "Research And Development": 21369000.0,
        "Selling General And Administration": 5714000.0,
        "General And Administrative Expense": 5714000.0,
        "Other Gand A": 5714000.0,
        "Total Revenue": 0.0,
        "Operating Revenue": 0.0
    }
}