{
    "2023-03-31": {
        "Tax Effect Of Unusual Items": NaN,
        "Tax Rate For Calcs": NaN,
        "Normalized EBITDA": NaN,
        "Total Unusual Items": NaN,
        "Total Unusual Items Excluding Goodwill": NaN,
        "Net Income From Continuing Operation Net Minority Interest": NaN,
        "Reconciled Depreciation": NaN,
        "Reconciled Cost Of Revenue": NaN,
        "EBITDA": NaN,
        "EBIT": NaN,
        "Net Interest Income": NaN,
        "Interest Expense": NaN,
        "Interest Income": NaN,
        "Normalized Income": NaN,
        "Net Income From Continuing And Discontinued Operation": NaN,
        "Total Expenses": NaN,
        "Total Operating Income As Reported": NaN,
        "Diluted Average Shares": 92389.0,
        "Basic Average Shares": 92389.0,
        "Diluted EPS": -68.67,
        "Basic EPS": -68.67,
        "Diluted NI Availto Com Stockholders": NaN,
        "Net Income Common Stockholders": NaN,
        "Net Income": NaN,
        "Minority Interests": NaN,
        "Net Income Including Noncontrolling Interests": NaN,
        "Net Income Continuous Operations": NaN,
        "Tax Provision": 0.0,
        "Pretax Income": NaN,
        "Other Income Expense": NaN,
        "Special Income Charges": -4096490.0,
        "Impairment Of Capital Assets": 4096490.0,
        "Gain On Sale Of Security": NaN,
        "Net Non Operating Interest Income Expense": NaN,
        "Interest Expense Non Operating": NaN,
        "Interest Income Non Operating": NaN,
        "Operating Income": NaN,
        "Operating Expense": NaN,
        "Other Operating Expenses": NaN,
        "Depreciation Amortization Depletion Income Statement": NaN,
        "Depreciation And Amortization In Income Statement": NaN,
        "Research And Development": NaN,
        "Selling General And Administration": NaN,
        "General And Administrative Expense": NaN,
        "Other Gand A": NaN,
        "Gross Profit": NaN,
        "Cost Of Revenue": NaN,
        "Total Revenue": NaN,
        "Operating Revenue": NaN
    },
    "2022-12-31": {
        "Tax Effect Of Unusual Items": NaN,
        "Tax Rate For Calcs": NaN,
        "Normalized EBITDA": NaN,
        "Total Unusual Items": NaN,
        "Total Unusual Items Excluding Goodwill": NaN,
        "Net Income From Continuing Operation Net Minority Interest": NaN,
        "Reconciled Depreciation": NaN,
        "Reconciled Cost Of Revenue": NaN,
        "EBITDA": NaN,
        "EBIT": NaN,
        "Net Interest Income": NaN,
        "Interest Expense": NaN,
        "Interest Income": NaN,
        "Normalized Income": NaN,
        "Net Income From Continuing And Discontinued Operation": NaN,
        "Total Expenses": NaN,
        "Total Operating Income As Reported": NaN,
        "Diluted Average Shares": 3784.0,
        "Basic Average Shares": 3784.0,
        "Diluted EPS": -110.4,
        "Basic EPS": -110.4,
        "Diluted NI Availto Com Stockholders": NaN,
        "Net Income Common Stockholders": NaN,
        "Net Income": NaN,
        "Minority Interests": NaN,
        "Net Income Including Noncontrolling Interests": NaN,
        "Net Income Continuous Operations": NaN,
        "Tax Provision": NaN,
        "Pretax Income": NaN,
        "Other Income Expense": NaN,
        "Special Income Charges": NaN,
        "Impairment Of Capital Assets": NaN,
        "Gain On Sale Of Security": NaN,
        "Net Non Operating Interest Income Expense": NaN,
        "Interest Expense Non Operating": NaN,
        "Interest Income Non Operating": NaN,
        "Operating Income": NaN,
        "Operating Expense": NaN,
        "Other Operating Expenses": NaN,
        "Depreciation Amortization Depletion Income Statement": NaN,
        "Depreciation And Amortization In Income Statement": NaN,
        "Research And Development": NaN,
        "Selling General And Administration": NaN,
        "General And Administrative Expense": 2245289.0,
        "Other Gand A": 2245289.0,
        "Gross Profit": NaN,
        "Cost Of Revenue": NaN,
        "Total Revenue": NaN,
        "Operating Revenue": NaN
    },
    "2022-09-30": {
        "Tax Effect Of Unusual Items": NaN,
        "Tax Rate For Calcs": NaN,
        "Normalized EBITDA": NaN,
        "Total Unusual Items": NaN,
        "Total Unusual Items Excluding Goodwill": NaN,
        "Net Income From Continuing Operation Net Minority Interest": NaN,
        "Reconciled Depreciation": NaN,
        "Reconciled Cost Of Revenue": NaN,
        "EBITDA": NaN,
        "EBIT": NaN,
        "Net Interest Income": NaN,
        "Interest Expense": NaN,
        "Interest Income": NaN,
        "Normalized Income": NaN,
        "Net Income From Continuing And Discontinued Operation": NaN,
        "Total Expenses": NaN,
        "Total Operating Income As Reported": NaN,
        "Diluted Average Shares": NaN,
        "Basic Average Shares": NaN,
        "Diluted EPS": NaN,
        "Basic EPS": NaN,
        "Diluted NI Availto Com Stockholders": NaN,
        "Net Income Common Stockholders": NaN,
        "Net Income": NaN,
        "Minority Interests": NaN,
        "Net Income Including Noncontrolling Interests": NaN,
        "Net Income Continuous Operations": NaN,
        "Tax Provision": NaN,
        "Pretax Income": NaN,
        "Other Income Expense": NaN,
        "Special Income Charges": NaN,
        "Impairment Of Capital Assets": NaN,
        "Gain On Sale Of Security": NaN,
        "Net Non Operating Interest Income Expense": NaN,
        "Interest Expense Non Operating": NaN,
        "Interest Income Non Operating": NaN,
        "Operating Income": NaN,
        "Operating Expense": NaN,
        "Other Operating Expenses": NaN,
        "Depreciation Amortization Depletion Income Statement": NaN,
        "Depreciation And Amortization In Income Statement": NaN,
        "Research And Development": NaN,
        "Selling General And Administration": NaN,
        "General And Administrative Expense": 1450418.0,
        "Other Gand A": 1450418.0,
        "Gross Profit": NaN,
        "Cost Of Revenue": NaN,
        "Total Revenue": NaN,
        "Operating Revenue": NaN
    },
    "2022-06-30": {
        "Tax Effect Of Unusual Items": 0.0,
        "Tax Rate For Calcs": 0.0,
        "Normalized EBITDA": -2084640.0,
        "Total Unusual Items": -893.0,
        "Total Unusual Items Excluding Goodwill": -893.0,
        "Net Income From Continuing Operation Net Minority Interest": -2078155.0,
        "Reconciled Depreciation": NaN,
        "Reconciled Cost Of Revenue": NaN,
        "EBITDA": -2085533.0,
        "EBIT": -2085533.0,
        "Net Interest Income": 806.0,
        "Interest Expense": 2647.0,
        "Interest Income": 3453.0,
        "Normalized Income": -2077262.0,
        "Net Income From Continuing And Discontinued Operation": -2078155.0,
        "Total Expenses": 2088093.0,
        "Total Operating Income As Reported": -2088093.0,
        "Diluted Average Shares": 744453.0,
        "Basic Average Shares": 744453.0,
        "Diluted EPS": -2.86,
        "Basic EPS": -2.86,
        "Diluted NI Availto Com Stockholders": -2078155.0,
        "Net Income Common Stockholders": -2078155.0,
        "Net Income": -2078155.0,
        "Minority Interests": 10025.0,
        "Net Income Including Noncontrolling Interests": -2088180.0,
        "Net Income Continuous Operations": -2088180.0,
        "Tax Provision": NaN,
        "Pretax Income": -2088180.0,
        "Other Income Expense": -893.0,
        "Special Income Charges": NaN,
        "Impairment Of Capital Assets": NaN,
        "Earnings From Equity Interest": 0.0,
        "Gain On Sale Of Security": -893.0,
        "Net Non Operating Interest Income Expense": 806.0,
        "Interest Expense Non Operating": 2647.0,
        "Interest Income Non Operating": 3453.0,
        "Operating Income": -2088093.0,
        "Operating Expense": 2088093.0,
        "Other Operating Expenses": -66855.0,
        "Depreciation Amortization Depletion Income Statement": NaN,
        "Depreciation And Amortization In Income Statement": NaN,
        "Research And Development": 692613.0,
        "Selling General And Administration": 1462335.0,
        "General And Administrative Expense": 1462335.0,
        "Other Gand A": 1462335.0,
        "Gross Profit": NaN,
        "Cost Of Revenue": NaN,
        "Total Revenue": 0.0,
        "Operating Revenue": 0.0
    },
    "2022-03-31": {
        "Diluted EPS": -1.79,
        "Total Revenue": NaN,
        "Gross Profit": NaN,
        "Operating Income": -1,
        "EBIT": -1,
        "Net Income": -1
    },
    "2021-12-31": {
        "Diluted EPS": -4.65,
        "Total Revenue": NaN,
        "Gross Profit": NaN,
        "Operating Income": -3,
        "EBIT": -3,
        "Net Income": -3
    },
    "2021-09-30": {
        "Diluted EPS": -2.0,
        "Total Revenue": NaN,
        "Gross Profit": NaN,
        "Operating Income": -1,
        "EBIT": -1,
        "Net Income": -1
    },
    "2021-06-30": {
        "Diluted EPS": -1.2,
        "Total Revenue": 2,
        "Gross Profit": 2,
        "Operating Income": -1,
        "EBIT": -1,
        "Net Income": -1
    },
    "2021-03-31": {
        "Diluted EPS": -5.4,
        "Total Revenue": 0,
        "Gross Profit": 0,
        "Operating Income": -3,
        "EBIT": -3,
        "Net Income": -3
    },
    "2020-12-31": {
        "Diluted EPS": -4.6,
        "Total Revenue": 0,
        "Gross Profit": 0,
        "Operating Income": -1,
        "EBIT": -1,
        "Net Income": -2
    },
    "2020-09-30": {
        "Diluted EPS": -2.4,
        "Total Revenue": 0,
        "Gross Profit": 0,
        "Operating Income": -1,
        "EBIT": -1,
        "Net Income": -1
    },
    "2020-06-30": {
        "Diluted EPS": 0.0,
        "Total Revenue": NaN,
        "Gross Profit": NaN,
        "Operating Income": NaN,
        "EBIT": NaN,
        "Net Income": NaN
    },
    "2020-03-31": {
        "Diluted EPS": -0.2,
        "Total Revenue": 0,
        "Gross Profit": 0,
        "Operating Income": 0,
        "EBIT": 0,
        "Net Income": 0
    },
    "2019-12-31": {
        "Diluted EPS": -4.4,
        "Total Revenue": 0,
        "Gross Profit": 0,
        "Operating Income": -2,
        "EBIT": -2,
        "Net Income": -2
    },
    "2023-06-30": {
        "Tax Effect Of Unusual Items": NaN,
        "Tax Rate For Calcs": NaN,
        "Normalized EBITDA": NaN,
        "Total Unusual Items": NaN,
        "Total Unusual Items Excluding Goodwill": NaN,
        "Net Income From Continuing Operation Net Minority Interest": NaN,
        "Reconciled Depreciation": NaN,
        "Reconciled Cost Of Revenue": NaN,
        "EBITDA": NaN,
        "EBIT": NaN,
        "Net Interest Income": NaN,
        "Interest Expense": NaN,
        "Interest Income": NaN,
        "Normalized Income": NaN,
        "Net Income From Continuing And Discontinued Operation": NaN,
        "Total Expenses": NaN,
        "Total Operating Income As Reported": NaN,
        "Diluted Average Shares": NaN,
        "Basic Average Shares": NaN,
        "Diluted EPS": NaN,
        "Basic EPS": NaN,
        "Diluted NI Availto Com Stockholders": NaN,
        "Net Income Common Stockholders": NaN,
        "Net Income": NaN,
        "Minority Interests": NaN,
        "Net Income Including Noncontrolling Interests": NaN,
        "Net Income Continuous Operations": NaN,
        "Pretax Income": NaN,
        "Other Income Expense": NaN,
        "Special Income Charges": -62180.0,
        "Impairment Of Capital Assets": 62180.0,
        "Gain On Sale Of Security": NaN,
        "Net Non Operating Interest Income Expense": NaN,
        "Interest Expense Non Operating": NaN,
        "Interest Income Non Operating": NaN,
        "Operating Income": NaN,
        "Operating Expense": NaN,
        "Other Operating Expenses": NaN,
        "Depreciation Amortization Depletion Income Statement": NaN,
        "Depreciation And Amortization In Income Statement": NaN,
        "Research And Development": NaN,
        "Selling General And Administration": NaN,
        "General And Administrative Expense": NaN,
        "Other Gand A": NaN,
        "Gross Profit": NaN,
        "Cost Of Revenue": NaN,
        "Total Revenue": NaN,
        "Operating Revenue": NaN
    },
    "2023-09-30": {
        "Tax Effect Of Unusual Items": 0.0,
        "Tax Rate For Calcs": 0.0,
        "Normalized EBITDA": -2218666.0,
        "Total Unusual Items": 131250.0,
        "Total Unusual Items Excluding Goodwill": 131250.0,
        "Net Income From Continuing Operation Net Minority Interest": -2425204.0,
        "Reconciled Depreciation": 307560.0,
        "Reconciled Cost Of Revenue": 563763.0,
        "EBITDA": -2087416.0,
        "EBIT": -2394976.0,
        "Net Interest Income": -37309.0,
        "Interest Expense": 37448.0,
        "Interest Income": 139.0,
        "Normalized Income": -2556454.0,
        "Net Income From Continuing And Discontinued Operation": -2425204.0,
        "Total Expenses": 3322459.0,
        "Total Operating Income As Reported": -2526365.0,
        "Diluted Average Shares": 194200.0,
        "Basic Average Shares": 194200.0,
        "Diluted EPS": -12.48,
        "Basic EPS": -12.48,
        "Diluted NI Availto Com Stockholders": -2425204.0,
        "Net Income Common Stockholders": -2425204.0,
        "Net Income": -2425204.0,
        "Minority Interests": 7220.0,
        "Net Income Including Noncontrolling Interests": -2432424.0,
        "Net Income Continuous Operations": -2432424.0,
        "Pretax Income": -2432424.0,
        "Other Income Expense": 131250.0,
        "Special Income Charges": NaN,
        "Impairment Of Capital Assets": NaN,
        "Gain On Sale Of Security": 131250.0,
        "Net Non Operating Interest Income Expense": -37309.0,
        "Interest Expense Non Operating": 37448.0,
        "Interest Income Non Operating": 139.0,
        "Operating Income": -2526365.0,
        "Operating Expense": 2758696.0,
        "Other Operating Expenses": -109871.0,
        "Depreciation Amortization Depletion Income Statement": 307560.0,
        "Depreciation And Amortization In Income Statement": 307560.0,
        "Research And Development": 103947.0,
        "Selling General And Administration": 2457060.0,
        "General And Administrative Expense": 2457060.0,
        "Other Gand A": 2457060.0,
        "Gross Profit": 232331.0,
        "Cost Of Revenue": 563763.0,
        "Total Revenue": 796094.0,
        "Operating Revenue": 796094.0
    },
    "2023-12-31": {
        "Tax Effect Of Unusual Items": 0.0,
        "Tax Rate For Calcs": 0.0,
        "Normalized EBITDA": -1697535.0,
        "Total Unusual Items": 43933.0,
        "Total Unusual Items Excluding Goodwill": 43933.0,
        "Net Income From Continuing Operation Net Minority Interest": -1969641.0,
        "Reconciled Depreciation": 290313.0,
        "Reconciled Cost Of Revenue": 564815.0,
        "EBITDA": -1653602.0,
        "EBIT": -1943915.0,
        "Net Interest Income": -28959.0,
        "Interest Expense": 32468.0,
        "Interest Income": 3509.0,
        "Normalized Income": -2013574.0,
        "Net Income From Continuing And Discontinued Operation": -1969641.0,
        "Total Expenses": 2755420.0,
        "Total Operating Income As Reported": -1991357.0,
        "Diluted Average Shares": 79138.0,
        "Basic Average Shares": 79138.0,
        "Diluted EPS": -24.84,
        "Basic EPS": -24.84,
        "Diluted NI Availto Com Stockholders": -1969641.0,
        "Net Income Common Stockholders": -1969641.0,
        "Net Income": -1969641.0,
        "Minority Interests": 6742.0,
        "Net Income Including Noncontrolling Interests": -1976383.0,
        "Net Income Continuous Operations": -1976383.0,
        "Pretax Income": -1976383.0,
        "Other Income Expense": 43933.0,
        "Special Income Charges": NaN,
        "Impairment Of Capital Assets": NaN,
        "Gain On Sale Of Security": 43933.0,
        "Net Non Operating Interest Income Expense": -28959.0,
        "Interest Expense Non Operating": 32468.0,
        "Interest Income Non Operating": 3509.0,
        "Operating Income": -1991357.0,
        "Operating Expense": 2190605.0,
        "Other Operating Expenses": -153204.0,
        "Depreciation Amortization Depletion Income Statement": 290313.0,
        "Depreciation And Amortization In Income Statement": 290313.0,
        "Research And Development": 348452.0,
        "Selling General And Administration": 1705044.0,
        "General And Administrative Expense": 1705044.0,
        "Other Gand A": 1705044.0,
        "Gross Profit": 199248.0,
        "Cost Of Revenue": 564815.0,
        "Total Revenue": 764063.0,
        "Operating Revenue": 764063.0
    },
    "2024-03-31": {
        "Tax Effect Of Unusual Items": 0.0,
        "Tax Rate For Calcs": 0.0,
        "Normalized EBITDA": -2615569.0,
        "Total Unusual Items": -996.0,
        "Total Unusual Items Excluding Goodwill": -996.0,
        "Net Income From Continuing Operation Net Minority Interest": -2977667.0,
        "Reconciled Depreciation": 327526.0,
        "Reconciled Cost Of Revenue": 636708.0,
        "EBITDA": -2616565.0,
        "EBIT": -2944091.0,
        "Net Interest Income": -32034.0,
        "Interest Expense": 42674.0,
        "Interest Income": 10640.0,
        "Normalized Income": -2976671.0,
        "Net Income From Continuing And Discontinued Operation": -2977667.0,
        "Total Expenses": 3777535.0,
        "Total Operating Income As Reported": -2953735.0,
        "Diluted Average Shares": 2079864.0,
        "Basic Average Shares": 2079864.0,
        "Diluted EPS": -1.43,
        "Basic EPS": -1.43,
        "Diluted NI Availto Com Stockholders": -2977667.0,
        "Net Income Common Stockholders": -2977667.0,
        "Net Income": -2977667.0,
        "Minority Interests": 9098.0,
        "Net Income Including Noncontrolling Interests": -2986765.0,
        "Net Income Continuous Operations": -2986765.0,
        "Pretax Income": -2986765.0,
        "Other Income Expense": -996.0,
        "Special Income Charges": 0.0,
        "Impairment Of Capital Assets": 0.0,
        "Gain On Sale Of Security": -996.0,
        "Net Non Operating Interest Income Expense": -32034.0,
        "Interest Expense Non Operating": 42674.0,
        "Interest Income Non Operating": 10640.0,
        "Operating Income": -2953735.0,
        "Operating Expense": 3132224.0,
        "Other Operating Expenses": -83842.0,
        "Depreciation Amortization Depletion Income Statement": 318923.0,
        "Depreciation And Amortization In Income Statement": 318923.0,
        "Research And Development": 471313.0,
        "Selling General And Administration": 2425830.0,
        "General And Administrative Expense": NaN,
        "Other Gand A": NaN,
        "Gross Profit": 178489.0,
        "Cost Of Revenue": 645311.0,
        "Total Revenue": 823800.0,
        "Operating Revenue": 823800.0
    },
    "2024-06-30": {
        "Tax Effect Of Unusual Items": 0.0,
        "Tax Rate For Calcs": 0.0,
        "Normalized EBITDA": -2453497.0,
        "Total Unusual Items": 373.0,
        "Total Unusual Items Excluding Goodwill": 373.0,
        "Net Income From Continuing Operation Net Minority Interest": -2784247.0,
        "Reconciled Depreciation": 287686.0,
        "Reconciled Cost Of Revenue": -87734.0,
        "EBITDA": -2453124.0,
        "EBIT": -2740810.0,
        "Net Interest Income": 15984.0,
        "Interest Expense": 54550.0,
        "Interest Income": 70534.0,
        "Normalized Income": -2784620.0,
        "Net Income From Continuing And Discontinued Operation": -2784247.0,
        "Total Expenses": 3539541.0,
        "Total Operating Income As Reported": -2811717.0,
        "Diluted Average Shares": NaN,
        "Basic Average Shares": NaN,
        "Diluted EPS": NaN,
        "Basic EPS": NaN,
        "Diluted NI Availto Com Stockholders": -2784247.0,
        "Net Income Common Stockholders": -2784247.0,
        "Net Income": -2784247.0,
        "Minority Interests": 11113.0,
        "Net Income Including Noncontrolling Interests": -2795360.0,
        "Net Income Continuous Operations": -2795360.0,
        "Pretax Income": -2795360.0,
        "Other Income Expense": 373.0,
        "Special Income Charges": 0.0,
        "Impairment Of Capital Assets": 0.0,
        "Gain On Sale Of Security": 373.0,
        "Net Non Operating Interest Income Expense": 15984.0,
        "Interest Expense Non Operating": 54550.0,
        "Interest Income Non Operating": 70534.0,
        "Operating Income": -2811717.0,
        "Operating Expense": 3627275.0,
        "Other Operating Expenses": -77859.0,
        "Depreciation Amortization Depletion Income Statement": 284478.0,
        "Depreciation And Amortization In Income Statement": 284478.0,
        "Research And Development": 750094.0,
        "Selling General And Administration": 2670562.0,
        "General And Administrative Expense": NaN,
        "Other Gand A": NaN,
        "Gross Profit": 815558.0,
        "Cost Of Revenue": -87734.0,
        "Total Revenue": 727824.0,
        "Operating Revenue": 727824.0
    },
    "2024-09-30": {
        "Tax Effect Of Unusual Items": 0.0,
        "Tax Rate For Calcs": 0.0,
        "Normalized EBITDA": -2369310.0,
        "Total Unusual Items": -51.0,
        "Total Unusual Items Excluding Goodwill": -51.0,
        "Net Income From Continuing Operation Net Minority Interest": -2685633.0,
        "Reconciled Depreciation": 303111.0,
        "Reconciled Cost Of Revenue": 522797.0,
        "EBITDA": -2369361.0,
        "EBIT": -2672472.0,
        "Net Interest Income": 30513.0,
        "Interest Expense": 22327.0,
        "Interest Income": 52840.0,
        "Normalized Income": -2685582.0,
        "Net Income From Continuing And Discontinued Operation": -2685633.0,
        "Total Expenses": 3597548.0,
        "Total Operating Income As Reported": -2725261.0,
        "Diluted Average Shares": 317591.0,
        "Basic Average Shares": 317591.0,
        "Diluted EPS": -8.4,
        "Basic EPS": -8.4,
        "Diluted NI Availto Com Stockholders": -2685633.0,
        "Net Income Common Stockholders": -2685633.0,
        "Net Income": -2685633.0,
        "Minority Interests": 9166.0,
        "Net Income Including Noncontrolling Interests": -2694799.0,
        "Net Income Continuous Operations": -2694799.0,
        "Pretax Income": -2694799.0,
        "Other Income Expense": -51.0,
        "Special Income Charges": NaN,
        "Impairment Of Capital Assets": NaN,
        "Gain On Sale Of Security": -51.0,
        "Net Non Operating Interest Income Expense": 30513.0,
        "Interest Expense Non Operating": 22327.0,
        "Interest Income Non Operating": 52840.0,
        "Operating Income": -2725261.0,
        "Operating Expense": 3072062.0,
        "Other Operating Expenses": -126128.0,
        "Depreciation Amortization Depletion Income Statement": 300422.0,
        "Depreciation And Amortization In Income Statement": 300422.0,
        "Research And Development": 948752.0,
        "Selling General And Administration": 1949016.0,
        "General And Administrative Expense": NaN,
        "Other Gand A": NaN,
        "Gross Profit": 346801.0,
        "Cost Of Revenue": 525486.0,
        "Total Revenue": 872287.0,
        "Operating Revenue": 872287.0
    }
}