{
    "2023-03-31": {
        "Tax Effect Of Unusual Items": 0.0,
        "Tax Rate For Calcs": 0.0,
        "Normalized EBITDA": -39246000.0,
        "Total Unusual Items": NaN,
        "Total Unusual Items Excluding Goodwill": NaN,
        "Net Income From Continuing Operation Net Minority Interest": -39611000.0,
        "Reconciled Depreciation": 295000.0,
        "EBITDA": -39246000.0,
        "EBIT": -39541000.0,
        "Net Interest Income": NaN,
        "Interest Expense": NaN,
        "Interest Income": NaN,
        "Normalized Income": -39611000.0,
        "Net Income From Continuing And Discontinued Operation": -39611000.0,
        "Total Expenses": 39541000.0,
        "Total Operating Income As Reported": -39541000.0,
        "Diluted Average Shares": 14241175.0,
        "Basic Average Shares": 14241175.0,
        "Diluted EPS": -2.781442,
        "Basic EPS": -2.781442,
        "Diluted NI Availto Com Stockholders": -39611000.0,
        "Net Income Common Stockholders": -39611000.0,
        "Net Income": -39611000.0,
        "Net Income Including Noncontrolling Interests": -39611000.0,
        "Net Income Continuous Operations": -39611000.0,
        "Tax Provision": NaN,
        "Pretax Income": -39611000.0,
        "Other Income Expense": -70000.0,
        "Other Non Operating Income Expenses": -70000.0,
        "Special Income Charges": NaN,
        "Restructuring And Mergern Acquisition": NaN,
        "Net Non Operating Interest Income Expense": NaN,
        "Interest Expense Non Operating": NaN,
        "Interest Income Non Operating": NaN,
        "Operating Income": -39541000.0,
        "Operating Expense": 39541000.0,
        "Research And Development": 34207000.0,
        "Selling General And Administration": 5334000.0,
        "General And Administrative Expense": 5334000.0,
        "Other Gand A": 5334000.0,
        "Total Revenue": 0.0,
        "Operating Revenue": 0.0
    },
    "2022-12-31": {
        "Tax Effect Of Unusual Items": NaN,
        "Tax Rate For Calcs": NaN,
        "Normalized EBITDA": NaN,
        "Net Income From Continuing Operation Net Minority Interest": NaN,
        "Reconciled Depreciation": NaN,
        "EBITDA": NaN,
        "EBIT": NaN,
        "Net Interest Income": NaN,
        "Interest Expense": NaN,
        "Interest Income": NaN,
        "Normalized Income": NaN,
        "Net Income From Continuing And Discontinued Operation": NaN,
        "Total Expenses": NaN,
        "Total Operating Income As Reported": NaN,
        "Diluted Average Shares": 43268000.0,
        "Basic Average Shares": 43268000.0,
        "Diluted EPS": -0.95,
        "Basic EPS": -0.95,
        "Diluted NI Availto Com Stockholders": NaN,
        "Net Income Common Stockholders": NaN,
        "Net Income": NaN,
        "Net Income Including Noncontrolling Interests": NaN,
        "Net Income Continuous Operations": NaN,
        "Tax Provision": NaN,
        "Pretax Income": NaN,
        "Other Income Expense": NaN,
        "Other Non Operating Income Expenses": NaN,
        "Net Non Operating Interest Income Expense": NaN,
        "Interest Expense Non Operating": NaN,
        "Interest Income Non Operating": NaN,
        "Operating Income": NaN,
        "Operating Expense": NaN,
        "Other Operating Expenses": 0.0,
        "Research And Development": NaN,
        "Selling General And Administration": NaN,
        "General And Administrative Expense": NaN,
        "Other Gand A": NaN,
        "Total Revenue": NaN,
        "Operating Revenue": NaN
    },
    "2022-09-30": {
        "Tax Effect Of Unusual Items": 0.0,
        "Tax Rate For Calcs": 0.0,
        "Normalized EBITDA": -30003000.0,
        "Net Income From Continuing Operation Net Minority Interest": -35325000.0,
        "Reconciled Depreciation": 309000.0,
        "EBITDA": -30003000.0,
        "EBIT": -30003000.0,
        "Net Interest Income": -5340000.0,
        "Interest Expense": 5340000.0,
        "Interest Income": NaN,
        "Normalized Income": -35325000.0,
        "Net Income From Continuing And Discontinued Operation": -35325000.0,
        "Total Expenses": 30281000.0,
        "Total Operating Income As Reported": -30003000.0,
        "Diluted Average Shares": 39071000.0,
        "Basic Average Shares": 39071000.0,
        "Diluted EPS": -0.9,
        "Basic EPS": -0.9,
        "Diluted NI Availto Com Stockholders": -35325000.0,
        "Net Income Common Stockholders": -35325000.0,
        "Net Income": -35325000.0,
        "Net Income Including Noncontrolling Interests": -35325000.0,
        "Net Income Continuous Operations": -35325000.0,
        "Tax Provision": 0.0,
        "Pretax Income": -35325000.0,
        "Other Income Expense": -5322000.0,
        "Other Non Operating Income Expenses": -5322000.0,
        "Net Non Operating Interest Income Expense": -5340000.0,
        "Interest Expense Non Operating": 5340000.0,
        "Interest Income Non Operating": NaN,
        "Operating Income": -30003000.0,
        "Operating Expense": 30281000.0,
        "Other Operating Expenses": NaN,
        "Research And Development": 24934000.0,
        "Selling General And Administration": 5347000.0,
        "General And Administrative Expense": 5347000.0,
        "Other Gand A": 5347000.0,
        "Total Revenue": 278000.0,
        "Operating Revenue": 278000.0
    },
    "2022-06-30": {
        "Tax Effect Of Unusual Items": 0.0,
        "Tax Rate For Calcs": 0.4,
        "Normalized EBITDA": -34273000.0,
        "Net Income From Continuing Operation Net Minority Interest": -37732000.0,
        "Reconciled Depreciation": 307000.0,
        "EBITDA": -34273000.0,
        "EBIT": -34580000.0,
        "Net Interest Income": -3148000.0,
        "Interest Expense": 3148000.0,
        "Interest Income": NaN,
        "Normalized Income": -37732000.0,
        "Net Income From Continuing And Discontinued Operation": -37732000.0,
        "Total Expenses": 35308000.0,
        "Total Operating Income As Reported": -34597000.0,
        "Diluted Average Shares": 39040000.0,
        "Basic Average Shares": 39040000.0,
        "Diluted EPS": -0.97,
        "Basic EPS": -0.97,
        "Diluted NI Availto Com Stockholders": -37732000.0,
        "Net Income Common Stockholders": -37732000.0,
        "Net Income": -37732000.0,
        "Net Income Including Noncontrolling Interests": -37732000.0,
        "Net Income Continuous Operations": -37732000.0,
        "Tax Provision": 4000.0,
        "Pretax Income": -37728000.0,
        "Other Income Expense": 17000.0,
        "Other Non Operating Income Expenses": 17000.0,
        "Net Non Operating Interest Income Expense": -3148000.0,
        "Interest Expense Non Operating": 3148000.0,
        "Interest Income Non Operating": NaN,
        "Operating Income": -34597000.0,
        "Operating Expense": 35308000.0,
        "Other Operating Expenses": NaN,
        "Research And Development": 29906000.0,
        "Selling General And Administration": 5402000.0,
        "General And Administrative Expense": 5402000.0,
        "Other Gand A": 5402000.0,
        "Total Revenue": 711000.0,
        "Operating Revenue": 711000.0
    },
    "2022-03-31": {
        "Diluted EPS": -0.8,
        "Total Revenue": 1,
        "Gross Profit": 1,
        "Operating Income": -29,
        "EBIT": -28,
        "Net Income": -31
    },
    "2021-12-31": {
        "Diluted EPS": -0.55,
        "Total Revenue": 3,
        "Gross Profit": 3,
        "Operating Income": -19,
        "EBIT": -19,
        "Net Income": -21
    },
    "2021-09-30": {
        "Diluted EPS": -0.54,
        "Total Revenue": 3,
        "Gross Profit": 3,
        "Operating Income": -19,
        "EBIT": -18,
        "Net Income": -21
    },
    "2021-06-30": {
        "Diluted EPS": -0.55,
        "Total Revenue": 1,
        "Gross Profit": 1,
        "Operating Income": -20,
        "EBIT": -19,
        "Net Income": -21
    },
    "2021-03-31": {
        "Diluted EPS": -0.51,
        "Total Revenue": 1,
        "Gross Profit": 1,
        "Operating Income": -19,
        "EBIT": -18,
        "Net Income": -19
    },
    "2020-12-31": {
        "Diluted EPS": -0.14,
        "Total Revenue": 3,
        "Gross Profit": 3,
        "Operating Income": -17,
        "EBIT": -17,
        "Net Income": -18
    },
    "2020-09-30": {
        "Diluted EPS": -0.77,
        "Total Revenue": 6,
        "Gross Profit": 6,
        "Operating Income": -16,
        "EBIT": -11,
        "Net Income": -20
    },
    "2020-06-30": {
        "Diluted EPS": -0.99,
        "Total Revenue": 3,
        "Gross Profit": 3,
        "Operating Income": -17,
        "EBIT": -13,
        "Net Income": -18
    },
    "2020-03-31": {
        "Diluted EPS": -1.11,
        "Total Revenue": 1,
        "Gross Profit": 1,
        "Operating Income": -18,
        "EBIT": -16,
        "Net Income": -20
    },
    "2019-12-31": {
        "Diluted EPS": 0.0,
        "Total Revenue": NaN,
        "Gross Profit": NaN,
        "Operating Income": NaN,
        "EBIT": NaN,
        "Net Income": NaN
    },
    "2019-09-30": {
        "Diluted EPS": -1.11,
        "Total Revenue": 1,
        "Gross Profit": 1,
        "Operating Income": -13,
        "EBIT": -13,
        "Net Income": -20
    },
    "2023-06-30": {
        "Tax Effect Of Unusual Items": NaN,
        "Tax Rate For Calcs": NaN,
        "Normalized EBITDA": NaN,
        "Total Unusual Items": 0.0,
        "Total Unusual Items Excluding Goodwill": 0.0,
        "Net Income From Continuing Operation Net Minority Interest": NaN,
        "Reconciled Depreciation": NaN,
        "EBITDA": NaN,
        "EBIT": NaN,
        "Net Interest Income": -5491000.0,
        "Interest Expense": 7905000.0,
        "Interest Income": 2414000.0,
        "Normalized Income": NaN,
        "Net Income From Continuing And Discontinued Operation": NaN,
        "Total Expenses": NaN,
        "Total Operating Income As Reported": NaN,
        "Diluted Average Shares": 14241175.0,
        "Basic Average Shares": 14241175.0,
        "Diluted EPS": -3.303941,
        "Basic EPS": -3.303941,
        "Diluted NI Availto Com Stockholders": NaN,
        "Net Income Common Stockholders": NaN,
        "Net Income": NaN,
        "Net Income Including Noncontrolling Interests": NaN,
        "Net Income Continuous Operations": NaN,
        "Tax Provision": NaN,
        "Pretax Income": NaN,
        "Other Income Expense": NaN,
        "Other Non Operating Income Expenses": NaN,
        "Special Income Charges": 0.0,
        "Restructuring And Mergern Acquisition": 0.0,
        "Net Non Operating Interest Income Expense": -5491000.0,
        "Interest Expense Non Operating": 7905000.0,
        "Interest Income Non Operating": 2414000.0,
        "Operating Income": NaN,
        "Operating Expense": NaN,
        "Research And Development": NaN,
        "Selling General And Administration": NaN,
        "General And Administrative Expense": NaN,
        "Other Gand A": NaN,
        "Total Revenue": NaN,
        "Operating Revenue": NaN
    },
    "2023-09-30": {
        "Tax Effect Of Unusual Items": NaN,
        "Tax Rate For Calcs": NaN,
        "Normalized EBITDA": NaN,
        "Total Unusual Items": 0.0,
        "Total Unusual Items Excluding Goodwill": 0.0,
        "Net Income From Continuing Operation Net Minority Interest": NaN,
        "Reconciled Depreciation": NaN,
        "EBITDA": NaN,
        "EBIT": NaN,
        "Net Interest Income": NaN,
        "Interest Expense": NaN,
        "Interest Income": NaN,
        "Normalized Income": NaN,
        "Net Income From Continuing And Discontinued Operation": NaN,
        "Total Expenses": NaN,
        "Total Operating Income As Reported": NaN,
        "Diluted Average Shares": NaN,
        "Basic Average Shares": NaN,
        "Diluted EPS": NaN,
        "Basic EPS": NaN,
        "Diluted NI Availto Com Stockholders": NaN,
        "Net Income Common Stockholders": NaN,
        "Net Income": NaN,
        "Net Income Including Noncontrolling Interests": NaN,
        "Net Income Continuous Operations": NaN,
        "Tax Provision": NaN,
        "Pretax Income": NaN,
        "Other Income Expense": NaN,
        "Other Non Operating Income Expenses": NaN,
        "Special Income Charges": 0.0,
        "Restructuring And Mergern Acquisition": 0.0,
        "Net Non Operating Interest Income Expense": NaN,
        "Interest Expense Non Operating": NaN,
        "Interest Income Non Operating": NaN,
        "Operating Income": NaN,
        "Operating Expense": NaN,
        "Research And Development": NaN,
        "Selling General And Administration": NaN,
        "General And Administrative Expense": NaN,
        "Other Gand A": NaN,
        "Total Revenue": NaN,
        "Operating Revenue": NaN
    },
    "2023-12-31": {
        "Tax Effect Of Unusual Items": 0.0,
        "Tax Rate For Calcs": 0.000717,
        "Normalized EBITDA": -28316000.0,
        "Total Unusual Items": NaN,
        "Total Unusual Items Excluding Goodwill": NaN,
        "Net Income From Continuing Operation Net Minority Interest": -7207000.0,
        "Reconciled Depreciation": 298000.0,
        "EBITDA": -28316000.0,
        "EBIT": -28614000.0,
        "Net Interest Income": NaN,
        "Interest Expense": NaN,
        "Interest Income": NaN,
        "Normalized Income": -7207000.0,
        "Net Income From Continuing And Discontinued Operation": -7207000.0,
        "Total Expenses": 23283000.0,
        "Total Operating Income As Reported": -21815000.0,
        "Diluted Average Shares": NaN,
        "Basic Average Shares": NaN,
        "Diluted EPS": NaN,
        "Basic EPS": NaN,
        "Diluted NI Availto Com Stockholders": -7207000.0,
        "Net Income Common Stockholders": -7207000.0,
        "Net Income": -7207000.0,
        "Net Income Including Noncontrolling Interests": -7207000.0,
        "Net Income Continuous Operations": -7207000.0,
        "Tax Provision": -4000.0,
        "Pretax Income": -5577000.0,
        "Other Income Expense": -158000.0,
        "Other Non Operating Income Expenses": -158000.0,
        "Special Income Charges": NaN,
        "Restructuring And Mergern Acquisition": NaN,
        "Net Non Operating Interest Income Expense": NaN,
        "Interest Expense Non Operating": NaN,
        "Interest Income Non Operating": NaN,
        "Operating Income": -21815000.0,
        "Operating Expense": 23283000.0,
        "Research And Development": 20584000.0,
        "Selling General And Administration": 2699000.0,
        "General And Administrative Expense": 2699000.0,
        "Other Gand A": 2699000.0,
        "Total Revenue": 1468000.0,
        "Operating Revenue": 1468000.0
    },
    "2024-03-31": {
        "Tax Effect Of Unusual Items": 0.0,
        "Tax Rate For Calcs": 0.0,
        "Normalized EBITDA": -70220000.0,
        "Total Unusual Items": NaN,
        "Total Unusual Items Excluding Goodwill": NaN,
        "Net Income From Continuing Operation Net Minority Interest": -78710000.0,
        "Reconciled Depreciation": 360000.0,
        "EBITDA": -70220000.0,
        "EBIT": -70580000.0,
        "Net Interest Income": -4826000.0,
        "Interest Expense": 8130000.0,
        "Interest Income": 3304000.0,
        "Normalized Income": -78710000.0,
        "Net Income From Continuing And Discontinued Operation": -78710000.0,
        "Total Expenses": 73825000.0,
        "Total Operating Income As Reported": -73825000.0,
        "Diluted Average Shares": 14241175.0,
        "Basic Average Shares": 14241175.0,
        "Diluted EPS": -5.526932,
        "Basic EPS": -5.526932,
        "Diluted NI Availto Com Stockholders": -78710000.0,
        "Net Income Common Stockholders": -78710000.0,
        "Net Income": -78710000.0,
        "Net Income Including Noncontrolling Interests": -78710000.0,
        "Net Income Continuous Operations": -78710000.0,
        "Tax Provision": 0.0,
        "Pretax Income": -78710000.0,
        "Other Income Expense": -59000.0,
        "Other Non Operating Income Expenses": -59000.0,
        "Special Income Charges": NaN,
        "Restructuring And Mergern Acquisition": NaN,
        "Net Non Operating Interest Income Expense": -4826000.0,
        "Interest Expense Non Operating": 8130000.0,
        "Interest Income Non Operating": 3304000.0,
        "Operating Income": -73825000.0,
        "Operating Expense": 73825000.0,
        "Research And Development": 63851000.0,
        "Selling General And Administration": 9974000.0,
        "General And Administrative Expense": 9974000.0,
        "Other Gand A": 9974000.0,
        "Total Revenue": 0.0,
        "Operating Revenue": 0.0
    },
    "2024-06-30": {
        "Tax Effect Of Unusual Items": 2175.978317,
        "Tax Rate For Calcs": 1e-06,
        "Normalized EBITDA": -157648000.0,
        "Total Unusual Items": 2021498000.0,
        "Total Unusual Items Excluding Goodwill": 2021498000.0,
        "Net Income From Continuing Operation Net Minority Interest": 1858011000.0,
        "Reconciled Depreciation": 476000.0,
        "EBITDA": 1863850000.0,
        "EBIT": 1863374000.0,
        "Net Interest Income": -2620000.0,
        "Interest Expense": 5361000.0,
        "Interest Income": 2741000.0,
        "Normalized Income": -163484824.021683,
        "Net Income From Continuing And Discontinued Operation": 1858011000.0,
        "Total Expenses": 160998000.0,
        "Total Operating Income As Reported": -160898000.0,
        "Diluted Average Shares": 14807000.0,
        "Basic Average Shares": 14619000.0,
        "Diluted EPS": 125.48,
        "Basic EPS": 127.1,
        "Diluted NI Availto Com Stockholders": 1858011000.0,
        "Net Income Common Stockholders": 1858011000.0,
        "Net Income": 1858011000.0,
        "Net Income Including Noncontrolling Interests": 1858011000.0,
        "Net Income Continuous Operations": 1858011000.0,
        "Tax Provision": 2000.0,
        "Pretax Income": 1858013000.0,
        "Other Income Expense": 2021531000.0,
        "Other Non Operating Income Expenses": 33000.0,
        "Special Income Charges": 2021498000.0,
        "Restructuring And Mergern Acquisition": -2021498000.0,
        "Net Non Operating Interest Income Expense": -2620000.0,
        "Interest Expense Non Operating": 5361000.0,
        "Interest Income Non Operating": 2741000.0,
        "Operating Income": -160898000.0,
        "Operating Expense": 160998000.0,
        "Research And Development": 67632000.0,
        "Selling General And Administration": 93366000.0,
        "General And Administrative Expense": 93366000.0,
        "Other Gand A": 93366000.0,
        "Total Revenue": 100000.0,
        "Operating Revenue": 100000.0
    },
    "2024-09-30": {
        "Tax Effect Of Unusual Items": 0.0,
        "Tax Rate For Calcs": 0.0,
        "Normalized EBITDA": -43104000.0,
        "Total Unusual Items": 0.0,
        "Total Unusual Items Excluding Goodwill": 0.0,
        "Net Income From Continuing Operation Net Minority Interest": -43864000.0,
        "Reconciled Depreciation": 760000.0,
        "EBITDA": -43104000.0,
        "EBIT": -43864000.0,
        "Net Interest Income": 2892000.0,
        "Interest Expense": 0.0,
        "Interest Income": 2892000.0,
        "Normalized Income": -43864000.0,
        "Net Income From Continuing And Discontinued Operation": -43864000.0,
        "Total Expenses": 46797000.0,
        "Total Operating Income As Reported": -46797000.0,
        "Diluted Average Shares": 15468000.0,
        "Basic Average Shares": 15468000.0,
        "Diluted EPS": -2.84,
        "Basic EPS": -2.84,
        "Diluted NI Availto Com Stockholders": -43864000.0,
        "Net Income Common Stockholders": -43864000.0,
        "Net Income": -43864000.0,
        "Net Income Including Noncontrolling Interests": -43864000.0,
        "Net Income Continuous Operations": -43864000.0,
        "Tax Provision": 0.0,
        "Pretax Income": -43864000.0,
        "Other Income Expense": 41000.0,
        "Other Non Operating Income Expenses": 41000.0,
        "Special Income Charges": 0.0,
        "Restructuring And Mergern Acquisition": 0.0,
        "Net Non Operating Interest Income Expense": 2892000.0,
        "Interest Expense Non Operating": 0.0,
        "Interest Income Non Operating": 2892000.0,
        "Operating Income": -46797000.0,
        "Operating Expense": 46797000.0,
        "Research And Development": 38893000.0,
        "Selling General And Administration": 7904000.0,
        "General And Administrative Expense": 7904000.0,
        "Other Gand A": 7904000.0,
        "Total Revenue": 0.0,
        "Operating Revenue": 0.0
    },
    "2024-12-31": {
        "Tax Effect Of Unusual Items": 0.0,
        "Tax Rate For Calcs": 0.0,
        "Normalized EBITDA": -47176000.0,
        "Total Unusual Items": 0.0,
        "Total Unusual Items Excluding Goodwill": 0.0,
        "Net Income From Continuing Operation Net Minority Interest": -47865000.0,
        "Reconciled Depreciation": 689000.0,
        "EBITDA": -47176000.0,
        "EBIT": -47865000.0,
        "Net Interest Income": 2003000.0,
        "Interest Expense": 0.0,
        "Interest Income": 2003000.0,
        "Normalized Income": -47865000.0,
        "Net Income From Continuing And Discontinued Operation": -47865000.0,
        "Total Expenses": 50028000.0,
        "Total Operating Income As Reported": -49928000.0,
        "Diluted Average Shares": 15468000.0,
        "Basic Average Shares": 15468000.0,
        "Diluted EPS": -3.09,
        "Basic EPS": -3.09,
        "Diluted NI Availto Com Stockholders": -47865000.0,
        "Net Income Common Stockholders": -47865000.0,
        "Net Income": -47865000.0,
        "Net Income Including Noncontrolling Interests": -47865000.0,
        "Net Income Continuous Operations": -47865000.0,
        "Tax Provision": 0.0,
        "Pretax Income": -47865000.0,
        "Other Income Expense": 60000.0,
        "Other Non Operating Income Expenses": 60000.0,
        "Special Income Charges": 0.0,
        "Restructuring And Mergern Acquisition": 0.0,
        "Net Non Operating Interest Income Expense": 2003000.0,
        "Interest Expense Non Operating": 0.0,
        "Interest Income Non Operating": 2003000.0,
        "Operating Income": -49928000.0,
        "Operating Expense": 50028000.0,
        "Research And Development": 33367000.0,
        "Selling General And Administration": 16661000.0,
        "General And Administrative Expense": 16661000.0,
        "Other Gand A": 16661000.0,
        "Total Revenue": 100000.0,
        "Operating Revenue": 100000.0
    },
    "2025-03-31": {
        "Tax Effect Of Unusual Items": 0.0,
        "Tax Rate For Calcs": 0.0,
        "Normalized EBITDA": -39947000.0,
        "Total Unusual Items": NaN,
        "Total Unusual Items Excluding Goodwill": NaN,
        "Net Income From Continuing Operation Net Minority Interest": -43311000.0,
        "Reconciled Depreciation": 675000.0,
        "EBITDA": -39947000.0,
        "EBIT": -40622000.0,
        "Net Interest Income": -360000.0,
        "Interest Expense": 2689000.0,
        "Interest Income": 2329000.0,
        "Normalized Income": -43311000.0,
        "Net Income From Continuing And Discontinued Operation": -43311000.0,
        "Total Expenses": 42901000.0,
        "Total Operating Income As Reported": -42901000.0,
        "Diluted Average Shares": 15468000.0,
        "Basic Average Shares": 15468000.0,
        "Diluted EPS": -2.8,
        "Basic EPS": -2.8,
        "Diluted NI Availto Com Stockholders": -43311000.0,
        "Net Income Common Stockholders": -43311000.0,
        "Net Income": -43311000.0,
        "Net Income Including Noncontrolling Interests": -43311000.0,
        "Net Income Continuous Operations": -43311000.0,
        "Tax Provision": 0.0,
        "Pretax Income": -43311000.0,
        "Other Income Expense": -50000.0,
        "Other Non Operating Income Expenses": -50000.0,
        "Special Income Charges": NaN,
        "Restructuring And Mergern Acquisition": NaN,
        "Net Non Operating Interest Income Expense": -360000.0,
        "Interest Expense Non Operating": 2689000.0,
        "Interest Income Non Operating": 2329000.0,
        "Operating Income": -42901000.0,
        "Operating Expense": 42901000.0,
        "Research And Development": 36877000.0,
        "Selling General And Administration": 6024000.0,
        "General And Administrative Expense": 6024000.0,
        "Other Gand A": 6024000.0,
        "Total Revenue": 0.0,
        "Operating Revenue": 0.0
    }
}