{
    "2023-03-31": {
        "Tax Effect Of Unusual Items": NaN,
        "Tax Rate For Calcs": NaN,
        "Normalized EBITDA": NaN,
        "Total Unusual Items": NaN,
        "Total Unusual Items Excluding Goodwill": NaN,
        "Net Income From Continuing Operation Net Minority Interest": NaN,
        "Reconciled Depreciation": NaN,
        "Reconciled Cost Of Revenue": NaN,
        "EBITDA": NaN,
        "EBIT": NaN,
        "Net Interest Income": NaN,
        "Interest Expense": NaN,
        "Interest Income": NaN,
        "Normalized Income": NaN,
        "Net Income From Continuing And Discontinued Operation": NaN,
        "Total Expenses": NaN,
        "Total Operating Income As Reported": NaN,
        "Diluted Average Shares": NaN,
        "Basic Average Shares": NaN,
        "Diluted EPS": NaN,
        "Basic EPS": NaN,
        "Diluted NI Availto Com Stockholders": NaN,
        "Net Income Common Stockholders": NaN,
        "Net Income": NaN,
        "Minority Interests": NaN,
        "Net Income Including Noncontrolling Interests": NaN,
        "Net Income Continuous Operations": NaN,
        "Tax Provision": NaN,
        "Pretax Income": NaN,
        "Other Income Expense": NaN,
        "Other Non Operating Income Expenses": NaN,
        "Special Income Charges": NaN,
        "Restructuring And Mergern Acquisition": NaN,
        "Gain On Sale Of Security": -47332000.0,
        "Net Non Operating Interest Income Expense": NaN,
        "Total Other Finance Cost": 26000.0,
        "Interest Expense Non Operating": NaN,
        "Interest Income Non Operating": NaN,
        "Operating Income": NaN,
        "Operating Expense": NaN,
        "Research And Development": NaN,
        "Selling General And Administration": NaN,
        "General And Administrative Expense": NaN,
        "Other Gand A": NaN,
        "Salaries And Wages": NaN,
        "Gross Profit": NaN,
        "Cost Of Revenue": NaN,
        "Total Revenue": NaN,
        "Operating Revenue": NaN
    },
    "2022-12-31": {
        "Tax Effect Of Unusual Items": NaN,
        "Tax Rate For Calcs": NaN,
        "Normalized EBITDA": NaN,
        "Total Unusual Items": NaN,
        "Total Unusual Items Excluding Goodwill": NaN,
        "Net Income From Continuing Operation Net Minority Interest": NaN,
        "Reconciled Depreciation": NaN,
        "Reconciled Cost Of Revenue": NaN,
        "EBITDA": NaN,
        "EBIT": NaN,
        "Net Interest Income": NaN,
        "Interest Expense": NaN,
        "Interest Income": NaN,
        "Normalized Income": NaN,
        "Net Income From Continuing And Discontinued Operation": NaN,
        "Total Expenses": NaN,
        "Total Operating Income As Reported": NaN,
        "Diluted Average Shares": NaN,
        "Basic Average Shares": NaN,
        "Diluted EPS": NaN,
        "Basic EPS": NaN,
        "Diluted NI Availto Com Stockholders": NaN,
        "Net Income Common Stockholders": NaN,
        "Net Income": NaN,
        "Minority Interests": NaN,
        "Net Income Including Noncontrolling Interests": NaN,
        "Net Income Continuous Operations": NaN,
        "Tax Provision": NaN,
        "Pretax Income": NaN,
        "Other Income Expense": NaN,
        "Other Non Operating Income Expenses": NaN,
        "Special Income Charges": NaN,
        "Restructuring And Mergern Acquisition": NaN,
        "Gain On Sale Of Security": 6474000.0,
        "Net Non Operating Interest Income Expense": NaN,
        "Total Other Finance Cost": NaN,
        "Interest Expense Non Operating": NaN,
        "Interest Income Non Operating": NaN,
        "Operating Income": NaN,
        "Operating Expense": NaN,
        "Research And Development": NaN,
        "Selling General And Administration": NaN,
        "General And Administrative Expense": NaN,
        "Other Gand A": NaN,
        "Salaries And Wages": NaN,
        "Gross Profit": NaN,
        "Cost Of Revenue": NaN,
        "Total Revenue": NaN,
        "Operating Revenue": NaN
    },
    "2022-09-30": {
        "Tax Effect Of Unusual Items": NaN,
        "Tax Rate For Calcs": NaN,
        "Normalized EBITDA": NaN,
        "Total Unusual Items": NaN,
        "Total Unusual Items Excluding Goodwill": NaN,
        "Net Income From Continuing Operation Net Minority Interest": NaN,
        "Reconciled Depreciation": NaN,
        "Reconciled Cost Of Revenue": NaN,
        "EBITDA": NaN,
        "EBIT": NaN,
        "Net Interest Income": NaN,
        "Interest Expense": NaN,
        "Interest Income": NaN,
        "Normalized Income": NaN,
        "Net Income From Continuing And Discontinued Operation": NaN,
        "Total Expenses": NaN,
        "Total Operating Income As Reported": NaN,
        "Diluted Average Shares": NaN,
        "Basic Average Shares": NaN,
        "Diluted EPS": NaN,
        "Basic EPS": NaN,
        "Diluted NI Availto Com Stockholders": NaN,
        "Net Income Common Stockholders": NaN,
        "Net Income": NaN,
        "Minority Interests": NaN,
        "Net Income Including Noncontrolling Interests": NaN,
        "Net Income Continuous Operations": NaN,
        "Tax Provision": NaN,
        "Pretax Income": NaN,
        "Other Income Expense": NaN,
        "Other Non Operating Income Expenses": NaN,
        "Special Income Charges": NaN,
        "Restructuring And Mergern Acquisition": NaN,
        "Gain On Sale Of Security": NaN,
        "Net Non Operating Interest Income Expense": NaN,
        "Total Other Finance Cost": 75000.0,
        "Interest Expense Non Operating": NaN,
        "Interest Income Non Operating": NaN,
        "Operating Income": NaN,
        "Operating Expense": NaN,
        "Research And Development": NaN,
        "Selling General And Administration": NaN,
        "General And Administrative Expense": NaN,
        "Other Gand A": NaN,
        "Salaries And Wages": NaN,
        "Gross Profit": NaN,
        "Cost Of Revenue": NaN,
        "Total Revenue": NaN,
        "Operating Revenue": NaN
    },
    "2022-06-30": {
        "Tax Effect Of Unusual Items": 3362395.107727,
        "Tax Rate For Calcs": 0.140774,
        "Normalized EBITDA": -29791000.0,
        "Total Unusual Items": 23885000.0,
        "Total Unusual Items Excluding Goodwill": 23885000.0,
        "Net Income From Continuing Operation Net Minority Interest": -4234000.0,
        "Reconciled Depreciation": 5580000.0,
        "Reconciled Cost Of Revenue": 15178000.0,
        "EBITDA": -5906000.0,
        "EBIT": -5906000.0,
        "Net Interest Income": -92000.0,
        "Interest Expense": 267000.0,
        "Interest Income": 175000.0,
        "Normalized Income": -24756604.892273,
        "Net Income From Continuing And Discontinued Operation": -4234000.0,
        "Total Expenses": 55730000.0,
        "Total Operating Income As Reported": -29975000.0,
        "Diluted Average Shares": 116983265.0,
        "Basic Average Shares": 116983265.0,
        "Diluted EPS": -0.04,
        "Basic EPS": -0.04,
        "Diluted NI Availto Com Stockholders": -4234000.0,
        "Average Dilution Earnings": 0.0,
        "Net Income Common Stockholders": -4234000.0,
        "Net Income": -4234000.0,
        "Minority Interests": 1070000.0,
        "Net Income Including Noncontrolling Interests": -5304000.0,
        "Net Income Continuous Operations": -5304000.0,
        "Tax Provision": -869000.0,
        "Pretax Income": -6173000.0,
        "Other Income Expense": 23894000.0,
        "Other Non Operating Income Expenses": 9000.0,
        "Special Income Charges": 3584000.0,
        "Restructuring And Mergern Acquisition": -3584000.0,
        "Gain On Sale Of Security": 20301000.0,
        "Net Non Operating Interest Income Expense": -92000.0,
        "Interest Expense Non Operating": 267000.0,
        "Interest Income Non Operating": 175000.0,
        "Operating Income": -29975000.0,
        "Operating Expense": 40552000.0,
        "Research And Development": 28467000.0,
        "Selling General And Administration": 12085000.0,
        "General And Administrative Expense": NaN,
        "Other Gand A": NaN,
        "Salaries And Wages": NaN,
        "Gross Profit": 10577000.0,
        "Cost Of Revenue": 15178000.0,
        "Total Revenue": 25755000.0,
        "Operating Revenue": 25755000.0
    },
    "2022-03-31": {
        "Diluted EPS": 0.07,
        "Total Revenue": 22,
        "Gross Profit": 8,
        "Operating Income": -34,
        "EBIT": -28,
        "Net Income": 11
    },
    "2021-12-31": {
        "Diluted EPS": -0.14,
        "Total Revenue": 19,
        "Gross Profit": 7,
        "Operating Income": -27,
        "EBIT": -23,
        "Net Income": -25
    },
    "2021-09-30": {
        "Diluted EPS": -0.83,
        "Total Revenue": 12,
        "Gross Profit": 5,
        "Operating Income": -21,
        "EBIT": -20,
        "Net Income": -80
    },
    "2021-06-30": {
        "Diluted EPS": 0.06,
        "Total Revenue": 9,
        "Gross Profit": 4,
        "Operating Income": -19,
        "EBIT": -18,
        "Net Income": 6
    },
    "2021-03-31": {
        "Diluted EPS": -0.35,
        "Total Revenue": 8,
        "Gross Profit": 3,
        "Operating Income": -8,
        "EBIT": -7,
        "Net Income": 11
    },
    "2020-12-31": {
        "Diluted EPS": -2.78,
        "Total Revenue": 11,
        "Gross Profit": 4,
        "Operating Income": -11,
        "EBIT": -10,
        "Net Income": -75
    },
    "2020-09-30": {
        "Diluted EPS": -0.7,
        "Total Revenue": 8,
        "Gross Profit": 4,
        "Operating Income": -3,
        "EBIT": -2,
        "Net Income": -22
    },
    "2020-06-30": {
        "Diluted EPS": -0.22,
        "Total Revenue": 4,
        "Gross Profit": 2,
        "Operating Income": -5,
        "EBIT": -5,
        "Net Income": -7
    },
    "2020-03-31": {
        "Diluted EPS": 0.58,
        "Total Revenue": NaN,
        "Gross Profit": NaN,
        "Operating Income": 0,
        "EBIT": 0,
        "Net Income": 7
    },
    "2019-12-31": {
        "Diluted EPS": 0.0,
        "Total Revenue": NaN,
        "Gross Profit": NaN,
        "Operating Income": NaN,
        "EBIT": NaN,
        "Net Income": NaN
    },
    "2019-09-30": {
        "Diluted EPS": -0.01,
        "Total Revenue": NaN,
        "Gross Profit": NaN,
        "Operating Income": 0,
        "EBIT": 0,
        "Net Income": 1
    },
    "2019-06-30": {
        "Diluted EPS": -0.0,
        "Total Revenue": NaN,
        "Gross Profit": NaN,
        "Operating Income": 0,
        "EBIT": 0,
        "Net Income": 0
    },
    "2023-06-30": {
        "Tax Effect Of Unusual Items": NaN,
        "Tax Rate For Calcs": NaN,
        "Normalized EBITDA": NaN,
        "Total Unusual Items": NaN,
        "Total Unusual Items Excluding Goodwill": NaN,
        "Net Income From Continuing Operation Net Minority Interest": NaN,
        "Reconciled Depreciation": NaN,
        "Reconciled Cost Of Revenue": NaN,
        "EBITDA": NaN,
        "EBIT": NaN,
        "Net Interest Income": NaN,
        "Interest Expense": NaN,
        "Interest Income": NaN,
        "Normalized Income": NaN,
        "Net Income From Continuing And Discontinued Operation": NaN,
        "Total Expenses": NaN,
        "Total Operating Income As Reported": NaN,
        "Diluted Average Shares": NaN,
        "Basic Average Shares": NaN,
        "Diluted EPS": NaN,
        "Basic EPS": NaN,
        "Diluted NI Availto Com Stockholders": NaN,
        "Net Income Common Stockholders": NaN,
        "Net Income": NaN,
        "Minority Interests": NaN,
        "Net Income Including Noncontrolling Interests": NaN,
        "Net Income Continuous Operations": NaN,
        "Tax Provision": NaN,
        "Pretax Income": NaN,
        "Other Income Expense": NaN,
        "Other Non Operating Income Expenses": NaN,
        "Special Income Charges": NaN,
        "Restructuring And Mergern Acquisition": NaN,
        "Gain On Sale Of Security": 25046000.0,
        "Net Non Operating Interest Income Expense": NaN,
        "Total Other Finance Cost": NaN,
        "Interest Expense Non Operating": NaN,
        "Interest Income Non Operating": NaN,
        "Operating Income": NaN,
        "Operating Expense": NaN,
        "Research And Development": NaN,
        "Selling General And Administration": NaN,
        "General And Administrative Expense": 18637000.0,
        "Other Gand A": 13573000.0,
        "Salaries And Wages": 5064000.0,
        "Gross Profit": NaN,
        "Cost Of Revenue": NaN,
        "Total Revenue": NaN,
        "Operating Revenue": NaN
    },
    "2023-09-30": {
        "Tax Effect Of Unusual Items": NaN,
        "Tax Rate For Calcs": NaN,
        "Normalized EBITDA": NaN,
        "Total Unusual Items": NaN,
        "Total Unusual Items Excluding Goodwill": NaN,
        "Net Income From Continuing Operation Net Minority Interest": NaN,
        "Reconciled Depreciation": NaN,
        "Reconciled Cost Of Revenue": NaN,
        "EBITDA": NaN,
        "EBIT": NaN,
        "Net Interest Income": NaN,
        "Interest Expense": NaN,
        "Interest Income": NaN,
        "Normalized Income": NaN,
        "Net Income From Continuing And Discontinued Operation": NaN,
        "Total Expenses": NaN,
        "Total Operating Income As Reported": NaN,
        "Diluted Average Shares": NaN,
        "Basic Average Shares": NaN,
        "Diluted EPS": NaN,
        "Basic EPS": NaN,
        "Diluted NI Availto Com Stockholders": NaN,
        "Net Income Common Stockholders": NaN,
        "Net Income": NaN,
        "Minority Interests": NaN,
        "Net Income Including Noncontrolling Interests": NaN,
        "Net Income Continuous Operations": NaN,
        "Tax Provision": NaN,
        "Pretax Income": NaN,
        "Other Income Expense": NaN,
        "Other Non Operating Income Expenses": NaN,
        "Special Income Charges": NaN,
        "Restructuring And Mergern Acquisition": NaN,
        "Gain On Sale Of Security": 15660000.0,
        "Net Non Operating Interest Income Expense": NaN,
        "Total Other Finance Cost": 246000.0,
        "Interest Expense Non Operating": NaN,
        "Interest Income Non Operating": NaN,
        "Operating Income": NaN,
        "Operating Expense": NaN,
        "Research And Development": NaN,
        "Selling General And Administration": NaN,
        "Gross Profit": NaN,
        "Cost Of Revenue": NaN,
        "Total Revenue": NaN,
        "Operating Revenue": NaN
    },
    "2023-12-31": {
        "Tax Effect Of Unusual Items": NaN,
        "Tax Rate For Calcs": NaN,
        "Normalized EBITDA": NaN,
        "Total Unusual Items": NaN,
        "Total Unusual Items Excluding Goodwill": NaN,
        "Net Income From Continuing Operation Net Minority Interest": NaN,
        "Reconciled Depreciation": NaN,
        "Reconciled Cost Of Revenue": NaN,
        "EBITDA": NaN,
        "EBIT": NaN,
        "Net Interest Income": NaN,
        "Interest Expense": NaN,
        "Interest Income": NaN,
        "Normalized Income": NaN,
        "Net Income From Continuing And Discontinued Operation": NaN,
        "Total Expenses": NaN,
        "Total Operating Income As Reported": NaN,
        "Diluted Average Shares": NaN,
        "Basic Average Shares": NaN,
        "Diluted EPS": NaN,
        "Basic EPS": NaN,
        "Diluted NI Availto Com Stockholders": NaN,
        "Net Income Common Stockholders": NaN,
        "Net Income": NaN,
        "Minority Interests": NaN,
        "Net Income Including Noncontrolling Interests": NaN,
        "Net Income Continuous Operations": NaN,
        "Tax Provision": NaN,
        "Pretax Income": NaN,
        "Other Income Expense": NaN,
        "Other Non Operating Income Expenses": NaN,
        "Special Income Charges": NaN,
        "Other Special Charges": NaN,
        "Restructuring And Mergern Acquisition": NaN,
        "Gain On Sale Of Security": 13692000.0,
        "Net Non Operating Interest Income Expense": NaN,
        "Total Other Finance Cost": 0.0,
        "Interest Expense Non Operating": NaN,
        "Interest Income Non Operating": NaN,
        "Operating Income": NaN,
        "Operating Expense": NaN,
        "Research And Development": NaN,
        "Selling General And Administration": NaN,
        "Gross Profit": NaN,
        "Cost Of Revenue": NaN,
        "Total Revenue": NaN,
        "Operating Revenue": NaN
    },
    "2024-03-31": {
        "Tax Effect Of Unusual Items": NaN,
        "Tax Rate For Calcs": NaN,
        "Normalized EBITDA": NaN,
        "Total Unusual Items": NaN,
        "Total Unusual Items Excluding Goodwill": NaN,
        "Net Income From Continuing Operation Net Minority Interest": NaN,
        "Reconciled Depreciation": NaN,
        "Reconciled Cost Of Revenue": NaN,
        "EBITDA": NaN,
        "EBIT": NaN,
        "Net Interest Income": NaN,
        "Interest Expense": NaN,
        "Interest Income": NaN,
        "Normalized Income": NaN,
        "Net Income From Continuing And Discontinued Operation": NaN,
        "Total Expenses": NaN,
        "Total Operating Income As Reported": NaN,
        "Diluted Average Shares": NaN,
        "Basic Average Shares": NaN,
        "Diluted EPS": NaN,
        "Basic EPS": NaN,
        "Diluted NI Availto Com Stockholders": NaN,
        "Net Income Common Stockholders": NaN,
        "Net Income": NaN,
        "Minority Interests": NaN,
        "Net Income Including Noncontrolling Interests": NaN,
        "Net Income Continuous Operations": NaN,
        "Tax Provision": NaN,
        "Pretax Income": NaN,
        "Other Income Expense": NaN,
        "Other Non Operating Income Expenses": NaN,
        "Special Income Charges": NaN,
        "Other Special Charges": NaN,
        "Restructuring And Mergern Acquisition": NaN,
        "Gain On Sale Of Security": NaN,
        "Net Non Operating Interest Income Expense": NaN,
        "Total Other Finance Cost": 250000.0,
        "Interest Expense Non Operating": NaN,
        "Interest Income Non Operating": NaN,
        "Operating Income": NaN,
        "Operating Expense": NaN,
        "Research And Development": NaN,
        "Selling General And Administration": NaN,
        "Gross Profit": NaN,
        "Cost Of Revenue": NaN,
        "Total Revenue": NaN,
        "Operating Revenue": NaN
    },
    "2024-06-30": {
        "Tax Effect Of Unusual Items": 3639510.0,
        "Tax Rate For Calcs": 0.21,
        "Normalized EBITDA": -25670000.0,
        "Total Unusual Items": 17331000.0,
        "Total Unusual Items Excluding Goodwill": 17331000.0,
        "Net Income From Continuing Operation Net Minority Interest": -19160000.0,
        "Reconciled Depreciation": 10441000.0,
        "Reconciled Cost Of Revenue": 30241000.0,
        "EBITDA": -8339000.0,
        "EBIT": -18780000.0,
        "Net Interest Income": -1058000.0,
        "Interest Expense": 2134000.0,
        "Interest Income": 1076000.0,
        "Normalized Income": -32851490.0,
        "Net Income From Continuing And Discontinued Operation": -19160000.0,
        "Total Expenses": 88989000.0,
        "Total Operating Income As Reported": -36634000.0,
        "Diluted Average Shares": 170164241.0,
        "Basic Average Shares": 170164241.0,
        "Diluted EPS": -0.11,
        "Basic EPS": -0.11,
        "Diluted NI Availto Com Stockholders": -19160000.0,
        "Net Income Common Stockholders": -19160000.0,
        "Net Income": -19160000.0,
        "Minority Interests": 1840000.0,
        "Net Income Including Noncontrolling Interests": -21000000.0,
        "Net Income Continuous Operations": -21000000.0,
        "Tax Provision": 86000.0,
        "Pretax Income": -20914000.0,
        "Other Income Expense": 16778000.0,
        "Other Non Operating Income Expenses": -553000.0,
        "Special Income Charges": 17331000.0,
        "Other Special Charges": NaN,
        "Restructuring And Mergern Acquisition": -17331000.0,
        "Gain On Sale Of Security": NaN,
        "Net Non Operating Interest Income Expense": -1058000.0,
        "Total Other Finance Cost": NaN,
        "Interest Expense Non Operating": 2134000.0,
        "Interest Income Non Operating": 1076000.0,
        "Operating Income": -36634000.0,
        "Operating Expense": 58748000.0,
        "Research And Development": 41301000.0,
        "Selling General And Administration": 17447000.0,
        "Gross Profit": 22114000.0,
        "Cost Of Revenue": 30241000.0,
        "Total Revenue": 52355000.0,
        "Operating Revenue": 52355000.0
    },
    "2024-09-30": {
        "Tax Effect Of Unusual Items": -50740.757603,
        "Tax Rate For Calcs": 0.005737,
        "Normalized EBITDA": -31323000.0,
        "Total Unusual Items": -8845000.0,
        "Total Unusual Items Excluding Goodwill": -8845000.0,
        "Net Income From Continuing Operation Net Minority Interest": -49682000.0,
        "Reconciled Depreciation": 12562000.0,
        "Reconciled Cost Of Revenue": 32730000.0,
        "EBITDA": -40168000.0,
        "EBIT": -52730000.0,
        "Net Interest Income": -1186000.0,
        "Interest Expense": 2180000.0,
        "Interest Income": 994000.0,
        "Normalized Income": -40887740.757603,
        "Net Income From Continuing And Discontinued Operation": -49682000.0,
        "Total Expenses": 99546000.0,
        "Total Operating Income As Reported": -49903000.0,
        "Diluted Average Shares": 179491349.0,
        "Basic Average Shares": 179491349.0,
        "Diluted EPS": -0.28,
        "Basic EPS": -0.28,
        "Diluted NI Availto Com Stockholders": -49682000.0,
        "Net Income Common Stockholders": -49682000.0,
        "Net Income": -49682000.0,
        "Minority Interests": 4913000.0,
        "Net Income Including Noncontrolling Interests": -54595000.0,
        "Net Income Continuous Operations": -54595000.0,
        "Tax Provision": -315000.0,
        "Pretax Income": -54910000.0,
        "Other Income Expense": -8143000.0,
        "Other Non Operating Income Expenses": 702000.0,
        "Special Income Charges": -8845000.0,
        "Other Special Charges": NaN,
        "Restructuring And Mergern Acquisition": 8845000.0,
        "Gain On Sale Of Security": NaN,
        "Net Non Operating Interest Income Expense": -1186000.0,
        "Total Other Finance Cost": NaN,
        "Interest Expense Non Operating": 2180000.0,
        "Interest Income Non Operating": 994000.0,
        "Operating Income": -45581000.0,
        "Operating Expense": 66816000.0,
        "Research And Development": 45968000.0,
        "Selling General And Administration": 20848000.0,
        "Gross Profit": 21235000.0,
        "Cost Of Revenue": 32730000.0,
        "Total Revenue": 53965000.0,
        "Operating Revenue": 53965000.0
    },
    "2024-12-31": {
        "Tax Effect Of Unusual Items": 14435.842417,
        "Tax Rate For Calcs": 0.016708,
        "Normalized EBITDA": -23440000.0,
        "Total Unusual Items": 864000.0,
        "Total Unusual Items Excluding Goodwill": 864000.0,
        "Net Income From Continuing Operation Net Minority Interest": -32582000.0,
        "Reconciled Depreciation": 9685000.0,
        "Reconciled Cost Of Revenue": 33313000.0,
        "EBITDA": -22576000.0,
        "EBIT": -32261000.0,
        "Net Interest Income": -1629000.0,
        "Interest Expense": 2692000.0,
        "Interest Income": 1209000.0,
        "Normalized Income": -33431564.157583,
        "Net Income From Continuing And Discontinued Operation": -32582000.0,
        "Total Expenses": 91895000.0,
        "Total Operating Income As Reported": -33896000.0,
        "Diluted Average Shares": 185682996.0,
        "Basic Average Shares": 185682996.0,
        "Diluted EPS": -0.18,
        "Basic EPS": -0.18,
        "Diluted NI Availto Com Stockholders": -32582000.0,
        "Net Income Common Stockholders": -32582000.0,
        "Net Income": -32582000.0,
        "Minority Interests": 1787000.0,
        "Net Income Including Noncontrolling Interests": -34369000.0,
        "Net Income Continuous Operations": -34369000.0,
        "Tax Provision": -584000.0,
        "Pretax Income": -34953000.0,
        "Other Income Expense": 562000.0,
        "Other Non Operating Income Expenses": -302000.0,
        "Special Income Charges": 864000.0,
        "Other Special Charges": NaN,
        "Restructuring And Mergern Acquisition": -864000.0,
        "Gain On Sale Of Security": NaN,
        "Net Non Operating Interest Income Expense": -1629000.0,
        "Total Other Finance Cost": NaN,
        "Interest Expense Non Operating": 2692000.0,
        "Interest Income Non Operating": 1209000.0,
        "Operating Income": -33886000.0,
        "Operating Expense": 58582000.0,
        "Research And Development": 38254000.0,
        "Selling General And Administration": 20328000.0,
        "Gross Profit": 24696000.0,
        "Cost Of Revenue": 33313000.0,
        "Total Revenue": 58009000.0,
        "Operating Revenue": 58009000.0
    },
    "2025-03-31": {
        "Tax Effect Of Unusual Items": 1008630.0,
        "Tax Rate For Calcs": 0.21,
        "Normalized EBITDA": -26882000.0,
        "Total Unusual Items": 4803000.0,
        "Total Unusual Items Excluding Goodwill": 4803000.0,
        "Net Income From Continuing Operation Net Minority Interest": -34546000.0,
        "Reconciled Depreciation": 10520000.0,
        "Reconciled Cost Of Revenue": 31528000.0,
        "EBITDA": -22079000.0,
        "EBIT": -32599000.0,
        "Net Interest Income": -2249000.0,
        "Interest Expense": 4516000.0,
        "Interest Income": 2267000.0,
        "Normalized Income": -38340370.0,
        "Net Income From Continuing And Discontinued Operation": -34546000.0,
        "Total Expenses": 93010000.0,
        "Total Operating Income As Reported": -38933000.0,
        "Diluted Average Shares": 191463848.0,
        "Basic Average Shares": 191463848.0,
        "Diluted EPS": -0.18,
        "Basic EPS": -0.18,
        "Diluted NI Availto Com Stockholders": -34546000.0,
        "Net Income Common Stockholders": -34546000.0,
        "Net Income": -34546000.0,
        "Minority Interests": 2625000.0,
        "Net Income Including Noncontrolling Interests": -37171000.0,
        "Net Income Continuous Operations": -37171000.0,
        "Tax Provision": 56000.0,
        "Pretax Income": -37115000.0,
        "Other Income Expense": 4067000.0,
        "Other Non Operating Income Expenses": -736000.0,
        "Special Income Charges": 4803000.0,
        "Other Special Charges": NaN,
        "Restructuring And Mergern Acquisition": -4803000.0,
        "Gain On Sale Of Security": NaN,
        "Net Non Operating Interest Income Expense": -2249000.0,
        "Total Other Finance Cost": NaN,
        "Interest Expense Non Operating": 4516000.0,
        "Interest Income Non Operating": 2267000.0,
        "Operating Income": -38933000.0,
        "Operating Expense": 61482000.0,
        "Research And Development": 42115000.0,
        "Selling General And Administration": 19367000.0,
        "Gross Profit": 22549000.0,
        "Cost Of Revenue": 31528000.0,
        "Total Revenue": 54077000.0,
        "Operating Revenue": 54077000.0
    },
    "2025-06-30": {
        "Tax Effect Of Unusual Items": -922740.0,
        "Tax Rate For Calcs": 0.21,
        "Normalized EBITDA": -20900000.0,
        "Total Unusual Items": -4394000.0,
        "Total Unusual Items Excluding Goodwill": -4394000.0,
        "Net Income From Continuing Operation Net Minority Interest": -39038000.0,
        "Reconciled Depreciation": 11232000.0,
        "Reconciled Cost Of Revenue": 30693000.0,
        "EBITDA": -25294000.0,
        "EBIT": -36526000.0,
        "Net Interest Income": -2301000.0,
        "Interest Expense": 4527000.0,
        "Interest Income": 2226000.0,
        "Normalized Income": -35566740.0,
        "Net Income From Continuing And Discontinued Operation": -39038000.0,
        "Total Expenses": 87520000.0,
        "Total Operating Income As Reported": -42993000.0,
        "Diluted Average Shares": 195370583.0,
        "Basic Average Shares": 195370583.0,
        "Diluted EPS": -0.2,
        "Basic EPS": -0.2,
        "Diluted NI Availto Com Stockholders": -39038000.0,
        "Net Income Common Stockholders": -39038000.0,
        "Net Income": -39038000.0,
        "Minority Interests": 2580000.0,
        "Net Income Including Noncontrolling Interests": -41618000.0,
        "Net Income Continuous Operations": -41618000.0,
        "Tax Provision": 565000.0,
        "Pretax Income": -41053000.0,
        "Other Income Expense": -2866000.0,
        "Other Non Operating Income Expenses": 1528000.0,
        "Special Income Charges": -4394000.0,
        "Other Special Charges": -2623000.0,
        "Restructuring And Mergern Acquisition": 7017000.0,
        "Gain On Sale Of Security": NaN,
        "Net Non Operating Interest Income Expense": -2301000.0,
        "Total Other Finance Cost": NaN,
        "Interest Expense Non Operating": 4527000.0,
        "Interest Income Non Operating": 2226000.0,
        "Operating Income": -35886000.0,
        "Operating Expense": 56827000.0,
        "Research And Development": 38472000.0,
        "Selling General And Administration": 18355000.0,
        "Gross Profit": 20941000.0,
        "Cost Of Revenue": 30693000.0,
        "Total Revenue": 51634000.0,
        "Operating Revenue": 51634000.0
    }
}