{
    "2023-03-31": {
        "Tax Effect Of Unusual Items": NaN,
        "Tax Rate For Calcs": NaN,
        "Normalized EBITDA": NaN,
        "Net Income From Continuing Operation Net Minority Interest": NaN,
        "Reconciled Depreciation": NaN,
        "EBITDA": NaN,
        "EBIT": NaN,
        "Normalized Income": NaN,
        "Net Income From Continuing And Discontinued Operation": NaN,
        "Total Expenses": NaN,
        "Total Operating Income As Reported": NaN,
        "Diluted Average Shares": 8401047.0,
        "Basic Average Shares": 8401047.0,
        "Diluted EPS": -0.51,
        "Basic EPS": -0.51,
        "Diluted NI Availto Com Stockholders": NaN,
        "Net Income Common Stockholders": NaN,
        "Net Income": NaN,
        "Net Income Including Noncontrolling Interests": NaN,
        "Net Income Continuous Operations": NaN,
        "Pretax Income": NaN,
        "Other Income Expense": NaN,
        "Other Non Operating Income Expenses": NaN,
        "Operating Income": NaN,
        "Operating Expense": NaN,
        "Research And Development": NaN,
        "Selling General And Administration": NaN,
        "General And Administrative Expense": NaN,
        "Other Gand A": NaN,
        "Salaries And Wages": NaN,
        "Total Revenue": NaN,
        "Operating Revenue": NaN
    },
    "2022-12-31": {
        "Tax Effect Of Unusual Items": 0.0,
        "Tax Rate For Calcs": 0.0,
        "Normalized EBITDA": -4086702.0,
        "Net Income From Continuing Operation Net Minority Interest": -3655777.0,
        "Reconciled Depreciation": 321.0,
        "EBITDA": -4086702.0,
        "EBIT": -4087023.0,
        "Normalized Income": -3655777.0,
        "Net Income From Continuing And Discontinued Operation": -3655777.0,
        "Total Expenses": 4087023.0,
        "Total Operating Income As Reported": -4087023.0,
        "Diluted Average Shares": NaN,
        "Basic Average Shares": NaN,
        "Diluted EPS": NaN,
        "Basic EPS": NaN,
        "Diluted NI Availto Com Stockholders": -3655777.0,
        "Net Income Common Stockholders": -3655777.0,
        "Net Income": -3655777.0,
        "Net Income Including Noncontrolling Interests": -3655777.0,
        "Net Income Continuous Operations": -3655777.0,
        "Pretax Income": -3655777.0,
        "Other Income Expense": NaN,
        "Other Non Operating Income Expenses": NaN,
        "Operating Income": -4087023.0,
        "Operating Expense": 4087023.0,
        "Research And Development": 1911840.0,
        "Selling General And Administration": 2175183.0,
        "General And Administrative Expense": 2175183.0,
        "Other Gand A": 2175183.0,
        "Salaries And Wages": NaN,
        "Total Revenue": 0.0,
        "Operating Revenue": 0.0
    },
    "2022-09-30": {
        "Tax Effect Of Unusual Items": NaN,
        "Tax Rate For Calcs": NaN,
        "Normalized EBITDA": NaN,
        "Net Income From Continuing Operation Net Minority Interest": NaN,
        "Reconciled Depreciation": NaN,
        "EBITDA": NaN,
        "EBIT": NaN,
        "Normalized Income": NaN,
        "Net Income From Continuing And Discontinued Operation": NaN,
        "Total Expenses": NaN,
        "Total Operating Income As Reported": NaN,
        "Diluted Average Shares": 8258597.0,
        "Basic Average Shares": 8258597.0,
        "Diluted EPS": -0.42,
        "Basic EPS": -0.42,
        "Diluted NI Availto Com Stockholders": NaN,
        "Net Income Common Stockholders": NaN,
        "Net Income": NaN,
        "Net Income Including Noncontrolling Interests": NaN,
        "Net Income Continuous Operations": NaN,
        "Pretax Income": NaN,
        "Other Income Expense": NaN,
        "Other Non Operating Income Expenses": NaN,
        "Operating Income": NaN,
        "Operating Expense": NaN,
        "Research And Development": NaN,
        "Selling General And Administration": NaN,
        "General And Administrative Expense": NaN,
        "Other Gand A": NaN,
        "Salaries And Wages": NaN,
        "Total Revenue": NaN,
        "Operating Revenue": NaN
    },
    "2022-06-30": {
        "Tax Effect Of Unusual Items": 0.0,
        "Tax Rate For Calcs": 0.0,
        "Normalized EBITDA": -3868726.0,
        "Net Income From Continuing Operation Net Minority Interest": -3835502.0,
        "Reconciled Depreciation": 534.0,
        "EBITDA": -3868726.0,
        "EBIT": -3869260.0,
        "Normalized Income": -3835502.0,
        "Net Income From Continuing And Discontinued Operation": -3835502.0,
        "Total Expenses": 3869260.0,
        "Total Operating Income As Reported": -3869260.0,
        "Diluted Average Shares": 8258597.0,
        "Basic Average Shares": 8258597.0,
        "Diluted EPS": -0.46,
        "Basic EPS": -0.46,
        "Diluted NI Availto Com Stockholders": -3835502.0,
        "Net Income Common Stockholders": -3835502.0,
        "Net Income": -3835502.0,
        "Net Income Including Noncontrolling Interests": -3835502.0,
        "Net Income Continuous Operations": -3835502.0,
        "Pretax Income": -3835502.0,
        "Other Income Expense": 33758.0,
        "Other Non Operating Income Expenses": 33758.0,
        "Operating Income": -3869260.0,
        "Operating Expense": 3869260.0,
        "Research And Development": 1506165.0,
        "Selling General And Administration": 2363095.0,
        "General And Administrative Expense": 2363095.0,
        "Other Gand A": 2363095.0,
        "Salaries And Wages": NaN,
        "Total Revenue": 0.0,
        "Operating Revenue": 0.0
    },
    "2022-03-31": {
        "Diluted EPS": -0.41,
        "Total Revenue": NaN,
        "Gross Profit": NaN,
        "Operating Income": -3,
        "EBIT": -3,
        "Net Income": -3
    },
    "2021-12-31": {
        "Diluted EPS": -0.5,
        "Total Revenue": NaN,
        "Gross Profit": NaN,
        "Operating Income": -3,
        "EBIT": -3,
        "Net Income": -3
    },
    "2021-09-30": {
        "Diluted EPS": -0.81,
        "Total Revenue": NaN,
        "Gross Profit": NaN,
        "Operating Income": -3,
        "EBIT": -3,
        "Net Income": -3
    },
    "2021-06-30": {
        "Diluted EPS": -0.27,
        "Total Revenue": NaN,
        "Gross Profit": NaN,
        "Operating Income": -1,
        "EBIT": -1,
        "Net Income": -1
    },
    "2021-03-31": {
        "Diluted EPS": -0.31,
        "Total Revenue": NaN,
        "Gross Profit": NaN,
        "Operating Income": -1,
        "EBIT": -1,
        "Net Income": -1
    },
    "2020-12-31": {
        "Diluted EPS": 9.21,
        "Total Revenue": NaN,
        "Gross Profit": NaN,
        "Operating Income": 5,
        "EBIT": 5,
        "Net Income": 5
    },
    "2020-09-30": {
        "Diluted EPS": -0.79,
        "Total Revenue": NaN,
        "Gross Profit": NaN,
        "Operating Income": -2,
        "EBIT": -2,
        "Net Income": -2
    },
    "2020-06-30": {
        "Diluted EPS": -3.66,
        "Total Revenue": NaN,
        "Gross Profit": NaN,
        "Operating Income": -3,
        "EBIT": -3,
        "Net Income": -3
    },
    "2020-03-31": {
        "Diluted EPS": -6.6,
        "Total Revenue": NaN,
        "Gross Profit": NaN,
        "Operating Income": -4,
        "EBIT": -3,
        "Net Income": -4
    },
    "2019-12-31": {
        "Diluted EPS": -14.48,
        "Total Revenue": NaN,
        "Gross Profit": NaN,
        "Operating Income": -6,
        "EBIT": -6,
        "Net Income": -7
    },
    "2019-09-30": {
        "Diluted EPS": -48.64,
        "Total Revenue": NaN,
        "Gross Profit": NaN,
        "Operating Income": -20,
        "EBIT": -20,
        "Net Income": -20
    },
    "2019-06-30": {
        "Diluted EPS": -24.0,
        "Total Revenue": NaN,
        "Gross Profit": NaN,
        "Operating Income": -10,
        "EBIT": -10,
        "Net Income": -10
    },
    "2019-03-31": {
        "Diluted EPS": -25.6,
        "Total Revenue": NaN,
        "Gross Profit": NaN,
        "Operating Income": -11,
        "EBIT": -11,
        "Net Income": -11
    },
    "2018-12-31": {
        "Diluted EPS": -29.6,
        "Total Revenue": NaN,
        "Gross Profit": NaN,
        "Operating Income": -12,
        "EBIT": -12,
        "Net Income": -13
    },
    "2018-09-30": {
        "Diluted EPS": -22.4,
        "Total Revenue": NaN,
        "Gross Profit": NaN,
        "Operating Income": -10,
        "EBIT": -9,
        "Net Income": -9
    },
    "2018-06-30": {
        "Diluted EPS": -27.2,
        "Total Revenue": NaN,
        "Gross Profit": NaN,
        "Operating Income": -11,
        "EBIT": -10,
        "Net Income": -11
    },
    "2018-03-31": {
        "Diluted EPS": -32.8,
        "Total Revenue": NaN,
        "Gross Profit": NaN,
        "Operating Income": -11,
        "EBIT": -11,
        "Net Income": -11
    },
    "2017-12-31": {
        "Diluted EPS": -29.6,
        "Total Revenue": NaN,
        "Gross Profit": NaN,
        "Operating Income": -11,
        "EBIT": -10,
        "Net Income": -10
    },
    "2017-09-30": {
        "Diluted EPS": -32.0,
        "Total Revenue": NaN,
        "Gross Profit": NaN,
        "Operating Income": -7,
        "EBIT": -7,
        "Net Income": -8
    },
    "2017-06-30": {
        "Diluted EPS": -37.6,
        "Total Revenue": NaN,
        "Gross Profit": NaN,
        "Operating Income": -7,
        "EBIT": -6,
        "Net Income": -7
    },
    "2017-03-31": {
        "Diluted EPS": -32.0,
        "Total Revenue": NaN,
        "Gross Profit": NaN,
        "Operating Income": -5,
        "EBIT": -5,
        "Net Income": -5
    },
    "2016-09-30": {
        "Diluted EPS": -23.2,
        "Total Revenue": NaN,
        "Gross Profit": NaN,
        "Operating Income": -3,
        "EBIT": -3,
        "Net Income": -3
    },
    "2016-06-30": {
        "Diluted EPS": -14.4,
        "Total Revenue": NaN,
        "Gross Profit": NaN,
        "Operating Income": -2,
        "EBIT": -2,
        "Net Income": -2
    },
    "2015-09-30": {
        "Diluted EPS": -12.8,
        "Total Revenue": NaN,
        "Gross Profit": NaN,
        "Operating Income": -2,
        "EBIT": -2,
        "Net Income": -1
    },
    "2015-06-30": {
        "Diluted EPS": -12.8,
        "Total Revenue": NaN,
        "Gross Profit": NaN,
        "Operating Income": -1,
        "EBIT": -1,
        "Net Income": 0
    },
    "2014-12-31": {
        "Diluted EPS": 0.0,
        "Total Revenue": NaN,
        "Gross Profit": NaN,
        "Operating Income": NaN,
        "EBIT": NaN,
        "Net Income": NaN
    },
    "2023-06-30": {
        "Tax Effect Of Unusual Items": NaN,
        "Tax Rate For Calcs": NaN,
        "Normalized EBITDA": NaN,
        "Net Income From Continuing Operation Net Minority Interest": NaN,
        "Reconciled Depreciation": NaN,
        "EBITDA": NaN,
        "EBIT": NaN,
        "Normalized Income": NaN,
        "Net Income From Continuing And Discontinued Operation": NaN,
        "Total Expenses": NaN,
        "Total Operating Income As Reported": NaN,
        "Diluted Average Shares": 8401047.0,
        "Basic Average Shares": 8401047.0,
        "Diluted EPS": -0.39,
        "Basic EPS": -0.39,
        "Diluted NI Availto Com Stockholders": NaN,
        "Net Income Common Stockholders": NaN,
        "Net Income": NaN,
        "Net Income Including Noncontrolling Interests": NaN,
        "Net Income Continuous Operations": NaN,
        "Pretax Income": NaN,
        "Other Income Expense": NaN,
        "Other Non Operating Income Expenses": NaN,
        "Operating Income": NaN,
        "Operating Expense": NaN,
        "Research And Development": NaN,
        "Selling General And Administration": NaN,
        "General And Administrative Expense": NaN,
        "Other Gand A": NaN,
        "Salaries And Wages": 534780.0,
        "Total Revenue": NaN,
        "Operating Revenue": NaN
    },
    "2023-09-30": {
        "Tax Effect Of Unusual Items": NaN,
        "Tax Rate For Calcs": NaN,
        "Normalized EBITDA": NaN,
        "Net Income From Continuing Operation Net Minority Interest": NaN,
        "Reconciled Depreciation": NaN,
        "EBITDA": NaN,
        "EBIT": NaN,
        "Normalized Income": NaN,
        "Net Income From Continuing And Discontinued Operation": NaN,
        "Total Expenses": NaN,
        "Total Operating Income As Reported": NaN,
        "Diluted Average Shares": 8401047.0,
        "Basic Average Shares": 8401047.0,
        "Diluted EPS": -0.47,
        "Basic EPS": -0.47,
        "Diluted NI Availto Com Stockholders": NaN,
        "Net Income Common Stockholders": NaN,
        "Net Income": NaN,
        "Net Income Including Noncontrolling Interests": NaN,
        "Net Income Continuous Operations": NaN,
        "Pretax Income": NaN,
        "Other Income Expense": NaN,
        "Other Non Operating Income Expenses": NaN,
        "Operating Income": NaN,
        "Operating Expense": NaN,
        "Research And Development": NaN,
        "Selling General And Administration": NaN,
        "General And Administrative Expense": NaN,
        "Other Gand A": NaN,
        "Total Revenue": NaN,
        "Operating Revenue": NaN
    },
    "2023-12-31": {
        "Tax Effect Of Unusual Items": 0.0,
        "Tax Rate For Calcs": 0.0,
        "Normalized EBITDA": -4179314.0,
        "Net Income From Continuing Operation Net Minority Interest": -4002780.0,
        "Reconciled Depreciation": 320.0,
        "EBITDA": -4179314.0,
        "EBIT": -4179634.0,
        "Normalized Income": -4002780.0,
        "Net Income From Continuing And Discontinued Operation": -4002780.0,
        "Total Expenses": 4179634.0,
        "Total Operating Income As Reported": -4179634.0,
        "Diluted Average Shares": NaN,
        "Basic Average Shares": NaN,
        "Diluted EPS": NaN,
        "Basic EPS": NaN,
        "Diluted NI Availto Com Stockholders": -4002780.0,
        "Net Income Common Stockholders": -4002780.0,
        "Net Income": -4002780.0,
        "Net Income Including Noncontrolling Interests": -4002780.0,
        "Net Income Continuous Operations": -4002780.0,
        "Pretax Income": -4002780.0,
        "Other Income Expense": 176854.0,
        "Other Non Operating Income Expenses": 176854.0,
        "Operating Income": -4179634.0,
        "Operating Expense": 4179634.0,
        "Research And Development": 2034634.0,
        "Selling General And Administration": 2145000.0,
        "General And Administrative Expense": 2145000.0,
        "Other Gand A": 2145000.0,
        "Total Revenue": 0.0,
        "Operating Revenue": 0.0
    },
    "2024-03-31": {
        "Tax Effect Of Unusual Items": 0.0,
        "Tax Rate For Calcs": 0.0,
        "Normalized EBITDA": -3942504.0,
        "Net Income From Continuing Operation Net Minority Interest": -3806677.0,
        "Reconciled Depreciation": 735.0,
        "EBITDA": -3942504.0,
        "EBIT": -3943239.0,
        "Normalized Income": -3806677.0,
        "Net Income From Continuing And Discontinued Operation": -3806677.0,
        "Total Expenses": 3943239.0,
        "Total Operating Income As Reported": -3943239.0,
        "Diluted Average Shares": 8442364.0,
        "Basic Average Shares": 8442364.0,
        "Diluted EPS": -0.45,
        "Basic EPS": -0.45,
        "Diluted NI Availto Com Stockholders": -3806677.0,
        "Net Income Common Stockholders": -3806677.0,
        "Net Income": -3806677.0,
        "Net Income Including Noncontrolling Interests": -3806677.0,
        "Net Income Continuous Operations": -3806677.0,
        "Pretax Income": -3806677.0,
        "Other Income Expense": 136562.0,
        "Other Non Operating Income Expenses": 136562.0,
        "Operating Income": -3943239.0,
        "Operating Expense": 3943239.0,
        "Research And Development": 1591142.0,
        "Selling General And Administration": 2352097.0,
        "General And Administrative Expense": 2352097.0,
        "Other Gand A": 2352097.0,
        "Total Revenue": 0.0,
        "Operating Revenue": 0.0
    },
    "2024-06-30": {
        "Tax Effect Of Unusual Items": 0.0,
        "Tax Rate For Calcs": 0.0,
        "Normalized EBITDA": -4108885.0,
        "Net Income From Continuing Operation Net Minority Interest": -4015267.0,
        "Reconciled Depreciation": 0.0,
        "EBITDA": -4108885.0,
        "EBIT": -4108885.0,
        "Normalized Income": -4015267.0,
        "Net Income From Continuing And Discontinued Operation": -4015267.0,
        "Total Expenses": 4108885.0,
        "Total Operating Income As Reported": -4108885.0,
        "Diluted Average Shares": 8543919.0,
        "Basic Average Shares": 8543919.0,
        "Diluted EPS": -0.47,
        "Basic EPS": -0.47,
        "Diluted NI Availto Com Stockholders": -4015267.0,
        "Net Income Common Stockholders": -4015267.0,
        "Net Income": -4015267.0,
        "Net Income Including Noncontrolling Interests": -4015267.0,
        "Net Income Continuous Operations": -4015267.0,
        "Pretax Income": -4015267.0,
        "Other Income Expense": 93618.0,
        "Other Non Operating Income Expenses": 93618.0,
        "Operating Income": -4108885.0,
        "Operating Expense": 4108885.0,
        "Research And Development": 1713973.0,
        "Selling General And Administration": 2394912.0,
        "General And Administrative Expense": 2394912.0,
        "Other Gand A": 2394912.0,
        "Total Revenue": 0.0,
        "Operating Revenue": 0.0
    },
    "2024-09-30": {
        "Tax Effect Of Unusual Items": 0.0,
        "Tax Rate For Calcs": 0.0,
        "Normalized EBITDA": -3142057.0,
        "Net Income From Continuing Operation Net Minority Interest": -3069036.0,
        "Reconciled Depreciation": 0.0,
        "EBITDA": -3142057.0,
        "EBIT": -3142057.0,
        "Normalized Income": -3069036.0,
        "Net Income From Continuing And Discontinued Operation": -3069036.0,
        "Total Expenses": 3142057.0,
        "Total Operating Income As Reported": -3142057.0,
        "Diluted Average Shares": 9510447.0,
        "Basic Average Shares": 9510447.0,
        "Diluted EPS": -0.32,
        "Basic EPS": -0.32,
        "Diluted NI Availto Com Stockholders": -3069036.0,
        "Net Income Common Stockholders": -3069036.0,
        "Net Income": -3069036.0,
        "Net Income Including Noncontrolling Interests": -3069036.0,
        "Net Income Continuous Operations": -3069036.0,
        "Pretax Income": -3069036.0,
        "Other Income Expense": 73021.0,
        "Other Non Operating Income Expenses": 73021.0,
        "Operating Income": -3142057.0,
        "Operating Expense": 3142057.0,
        "Research And Development": 1466037.0,
        "Selling General And Administration": 1676020.0,
        "General And Administrative Expense": 1676020.0,
        "Other Gand A": 1676020.0,
        "Total Revenue": 0.0,
        "Operating Revenue": 0.0
    },
    "2024-12-31": {
        "Tax Effect Of Unusual Items": 0.0,
        "Tax Rate For Calcs": 0.0,
        "Normalized EBITDA": -4171570.0,
        "Net Income From Continuing Operation Net Minority Interest": -4131047.0,
        "Reconciled Depreciation": 0.0,
        "EBITDA": -4171570.0,
        "EBIT": -4171570.0,
        "Normalized Income": -4131047.0,
        "Net Income From Continuing And Discontinued Operation": -4131047.0,
        "Total Expenses": 4171570.0,
        "Total Operating Income As Reported": -4171570.0,
        "Diluted Average Shares": NaN,
        "Basic Average Shares": NaN,
        "Diluted EPS": NaN,
        "Basic EPS": NaN,
        "Diluted NI Availto Com Stockholders": -4131047.0,
        "Net Income Common Stockholders": -4131047.0,
        "Net Income": -4131047.0,
        "Net Income Including Noncontrolling Interests": -4131047.0,
        "Net Income Continuous Operations": -4131047.0,
        "Pretax Income": -4131047.0,
        "Other Income Expense": 40523.0,
        "Other Non Operating Income Expenses": 40523.0,
        "Operating Income": -4171570.0,
        "Operating Expense": 4171570.0,
        "Research And Development": 2479945.0,
        "Selling General And Administration": 1691625.0,
        "General And Administrative Expense": 1691625.0,
        "Other Gand A": 1691625.0,
        "Total Revenue": 0.0,
        "Operating Revenue": 0.0
    },
    "2025-03-31": {
        "Tax Effect Of Unusual Items": 0.0,
        "Tax Rate For Calcs": 0.0,
        "Normalized EBITDA": -4572559.0,
        "Net Income From Continuing Operation Net Minority Interest": -4532430.0,
        "Reconciled Depreciation": 0.0,
        "EBITDA": -4572559.0,
        "EBIT": -4572559.0,
        "Normalized Income": -4532430.0,
        "Net Income From Continuing And Discontinued Operation": -4532430.0,
        "Total Expenses": 4572559.0,
        "Total Operating Income As Reported": -4572559.0,
        "Diluted Average Shares": 14102378.0,
        "Basic Average Shares": 14102378.0,
        "Diluted EPS": -0.32,
        "Basic EPS": -0.32,
        "Diluted NI Availto Com Stockholders": -4532430.0,
        "Net Income Common Stockholders": -4532430.0,
        "Net Income": -4532430.0,
        "Net Income Including Noncontrolling Interests": -4532430.0,
        "Net Income Continuous Operations": -4532430.0,
        "Pretax Income": -4532430.0,
        "Other Income Expense": 40129.0,
        "Other Non Operating Income Expenses": 40129.0,
        "Operating Income": -4572559.0,
        "Operating Expense": 4572559.0,
        "Research And Development": 2810840.0,
        "Selling General And Administration": 1761719.0,
        "General And Administrative Expense": 1761719.0,
        "Other Gand A": 1761719.0,
        "Total Revenue": 0.0,
        "Operating Revenue": 0.0
    }
}