{
    "2023-12-31": {
        "Tax Effect Of Unusual Items": 0.0,
        "Tax Rate For Calcs": 0.21,
        "Normalized EBITDA": 4374000.0,
        "Net Income From Continuing Operation Net Minority Interest": 72000.0,
        "Reconciled Depreciation": 3144000.0,
        "Reconciled Cost Of Revenue": 13993000.0,
        "EBITDA": 4374000.0,
        "EBIT": 1230000.0,
        "Net Interest Income": -503000.0,
        "Interest Expense": 503000.0,
        "Normalized Income": 72000.0,
        "Net Income From Continuing And Discontinued Operation": 72000.0,
        "Total Expenses": 30521000.0,
        "Total Operating Income As Reported": 1250000.0,
        "Diluted Average Shares": 21758959.0,
        "Basic Average Shares": 21189579.0,
        "Diluted EPS": 0.003309,
        "Basic EPS": 0.003398,
        "Diluted NI Availto Com Stockholders": 72000.0,
        "Net Income Common Stockholders": 72000.0,
        "Net Income": 72000.0,
        "Net Income Including Noncontrolling Interests": 72000.0,
        "Net Income Continuous Operations": 72000.0,
        "Tax Provision": 655000.0,
        "Pretax Income": 727000.0,
        "Other Income Expense": -20000.0,
        "Other Non Operating Income Expenses": -20000.0,
        "Net Non Operating Interest Income Expense": -503000.0,
        "Interest Expense Non Operating": 503000.0,
        "Operating Income": 1250000.0,
        "Operating Expense": 13631000.0,
        "Provision For Doubtful Accounts": NaN,
        "Depreciation Amortization Depletion Income Statement": 247000.0,
        "Depreciation And Amortization In Income Statement": 247000.0,
        "Amortization": 247000.0,
        "Amortization Of Intangibles Income Statement": 247000.0,
        "Selling General And Administration": 13262000.0,
        "Selling And Marketing Expense": 3717000.0,
        "General And Administrative Expense": 9545000.0,
        "Other Gand A": 9545000.0,
        "Gross Profit": 14881000.0,
        "Cost Of Revenue": 16890000.0,
        "Total Revenue": 31771000.0,
        "Operating Revenue": 31771000.0
    },
    "2023-09-30": {
        "Tax Effect Of Unusual Items": NaN,
        "Tax Rate For Calcs": NaN,
        "Normalized EBITDA": NaN,
        "Net Income From Continuing Operation Net Minority Interest": NaN,
        "Reconciled Depreciation": NaN,
        "Reconciled Cost Of Revenue": NaN,
        "EBITDA": NaN,
        "EBIT": NaN,
        "Net Interest Income": NaN,
        "Interest Expense": NaN,
        "Normalized Income": NaN,
        "Net Income From Continuing And Discontinued Operation": NaN,
        "Total Expenses": NaN,
        "Total Operating Income As Reported": NaN,
        "Diluted Average Shares": 21719404.0,
        "Basic Average Shares": 21095404.0,
        "Diluted EPS": 0.03,
        "Basic EPS": 0.03,
        "Diluted NI Availto Com Stockholders": NaN,
        "Net Income Common Stockholders": NaN,
        "Net Income": NaN,
        "Net Income Including Noncontrolling Interests": NaN,
        "Net Income Continuous Operations": NaN,
        "Tax Provision": NaN,
        "Pretax Income": NaN,
        "Other Income Expense": NaN,
        "Other Non Operating Income Expenses": NaN,
        "Net Non Operating Interest Income Expense": NaN,
        "Interest Expense Non Operating": NaN,
        "Operating Income": NaN,
        "Operating Expense": NaN,
        "Provision For Doubtful Accounts": -169000.0,
        "Depreciation Amortization Depletion Income Statement": NaN,
        "Depreciation And Amortization In Income Statement": NaN,
        "Amortization": NaN,
        "Amortization Of Intangibles Income Statement": NaN,
        "Selling General And Administration": NaN,
        "Selling And Marketing Expense": NaN,
        "General And Administrative Expense": NaN,
        "Other Gand A": NaN,
        "Gross Profit": NaN,
        "Cost Of Revenue": NaN,
        "Total Revenue": NaN,
        "Operating Revenue": NaN
    },
    "2023-06-30": {
        "Tax Effect Of Unusual Items": NaN,
        "Tax Rate For Calcs": NaN,
        "Normalized EBITDA": NaN,
        "Net Income From Continuing Operation Net Minority Interest": NaN,
        "Reconciled Depreciation": NaN,
        "Reconciled Cost Of Revenue": NaN,
        "EBITDA": NaN,
        "EBIT": NaN,
        "Net Interest Income": NaN,
        "Interest Expense": NaN,
        "Normalized Income": NaN,
        "Net Income From Continuing And Discontinued Operation": NaN,
        "Total Expenses": NaN,
        "Total Operating Income As Reported": NaN,
        "Diluted Average Shares": NaN,
        "Basic Average Shares": NaN,
        "Diluted EPS": NaN,
        "Basic EPS": NaN,
        "Diluted NI Availto Com Stockholders": NaN,
        "Net Income Common Stockholders": NaN,
        "Net Income": NaN,
        "Net Income Including Noncontrolling Interests": NaN,
        "Net Income Continuous Operations": NaN,
        "Tax Provision": NaN,
        "Pretax Income": NaN,
        "Other Income Expense": NaN,
        "Other Non Operating Income Expenses": NaN,
        "Net Non Operating Interest Income Expense": NaN,
        "Interest Expense Non Operating": NaN,
        "Operating Income": NaN,
        "Operating Expense": NaN,
        "Provision For Doubtful Accounts": -67000.0,
        "Depreciation Amortization Depletion Income Statement": NaN,
        "Depreciation And Amortization In Income Statement": NaN,
        "Amortization": NaN,
        "Amortization Of Intangibles Income Statement": NaN,
        "Selling General And Administration": NaN,
        "Selling And Marketing Expense": NaN,
        "General And Administrative Expense": NaN,
        "Other Gand A": NaN,
        "Gross Profit": NaN,
        "Cost Of Revenue": NaN,
        "Total Revenue": NaN,
        "Operating Revenue": NaN
    },
    "2023-03-31": {
        "Tax Effect Of Unusual Items": NaN,
        "Tax Rate For Calcs": NaN,
        "Normalized EBITDA": NaN,
        "Net Income From Continuing Operation Net Minority Interest": NaN,
        "Reconciled Depreciation": NaN,
        "Reconciled Cost Of Revenue": NaN,
        "EBITDA": NaN,
        "EBIT": NaN,
        "Net Interest Income": NaN,
        "Interest Expense": NaN,
        "Normalized Income": NaN,
        "Net Income From Continuing And Discontinued Operation": NaN,
        "Total Expenses": NaN,
        "Total Operating Income As Reported": NaN,
        "Diluted Average Shares": NaN,
        "Basic Average Shares": NaN,
        "Diluted EPS": NaN,
        "Basic EPS": NaN,
        "Diluted NI Availto Com Stockholders": NaN,
        "Net Income Common Stockholders": NaN,
        "Net Income": NaN,
        "Net Income Including Noncontrolling Interests": NaN,
        "Net Income Continuous Operations": NaN,
        "Tax Provision": NaN,
        "Pretax Income": NaN,
        "Other Income Expense": NaN,
        "Other Non Operating Income Expenses": NaN,
        "Net Non Operating Interest Income Expense": NaN,
        "Interest Expense Non Operating": NaN,
        "Operating Income": NaN,
        "Operating Expense": NaN,
        "Provision For Doubtful Accounts": 114000.0,
        "Depreciation Amortization Depletion Income Statement": NaN,
        "Depreciation And Amortization In Income Statement": NaN,
        "Amortization": NaN,
        "Amortization Of Intangibles Income Statement": NaN,
        "Selling General And Administration": NaN,
        "Selling And Marketing Expense": NaN,
        "General And Administrative Expense": NaN,
        "Other Gand A": NaN,
        "Gross Profit": NaN,
        "Cost Of Revenue": NaN,
        "Total Revenue": NaN,
        "Operating Revenue": NaN
    },
    "2024-03-31": {
        "Tax Effect Of Unusual Items": 0.0,
        "Tax Rate For Calcs": 0.143,
        "Normalized EBITDA": 2058000.0,
        "Net Income From Continuing Operation Net Minority Interest": -1112000.0,
        "Reconciled Depreciation": 2900000.0,
        "Reconciled Cost Of Revenue": 12869000.0,
        "EBITDA": 2058000.0,
        "EBIT": -842000.0,
        "Net Interest Income": -456000.0,
        "Interest Expense": 456000.0,
        "Normalized Income": -1112000.0,
        "Net Income From Continuing And Discontinued Operation": -1112000.0,
        "Total Expenses": 32840000.0,
        "Total Operating Income As Reported": -845000.0,
        "Diluted Average Shares": 21225768.0,
        "Basic Average Shares": 21225768.0,
        "Diluted EPS": -0.05,
        "Basic EPS": -0.05,
        "Diluted NI Availto Com Stockholders": -1112000.0,
        "Net Income Common Stockholders": -1112000.0,
        "Net Income": -1112000.0,
        "Net Income Including Noncontrolling Interests": -1112000.0,
        "Net Income Continuous Operations": -1112000.0,
        "Tax Provision": -186000.0,
        "Pretax Income": -1298000.0,
        "Other Income Expense": 3000.0,
        "Other Non Operating Income Expenses": 3000.0,
        "Net Non Operating Interest Income Expense": -456000.0,
        "Interest Expense Non Operating": 456000.0,
        "Operating Income": -845000.0,
        "Operating Expense": 17319000.0,
        "Provision For Doubtful Accounts": NaN,
        "Depreciation Amortization Depletion Income Statement": 248000.0,
        "Depreciation And Amortization In Income Statement": 248000.0,
        "Amortization": 248000.0,
        "Amortization Of Intangibles Income Statement": 248000.0,
        "Selling General And Administration": 17071000.0,
        "Selling And Marketing Expense": 3376000.0,
        "General And Administrative Expense": 13695000.0,
        "Other Gand A": 13695000.0,
        "Gross Profit": 16474000.0,
        "Cost Of Revenue": 15521000.0,
        "Total Revenue": 31995000.0,
        "Operating Revenue": 31995000.0
    },
    "2022-12-31": {
        "Tax Effect Of Unusual Items": NaN,
        "Tax Rate For Calcs": NaN,
        "Normalized EBITDA": NaN,
        "Net Income From Continuing Operation Net Minority Interest": NaN,
        "Reconciled Depreciation": NaN,
        "Reconciled Cost Of Revenue": NaN,
        "EBITDA": NaN,
        "EBIT": NaN,
        "Net Interest Income": NaN,
        "Interest Expense": NaN,
        "Normalized Income": NaN,
        "Net Income From Continuing And Discontinued Operation": NaN,
        "Total Expenses": NaN,
        "Total Operating Income As Reported": NaN,
        "Diluted Average Shares": NaN,
        "Basic Average Shares": NaN,
        "Diluted EPS": NaN,
        "Basic EPS": NaN,
        "Diluted NI Availto Com Stockholders": NaN,
        "Net Income Common Stockholders": NaN,
        "Net Income": NaN,
        "Net Income Including Noncontrolling Interests": NaN,
        "Net Income Continuous Operations": NaN,
        "Tax Provision": NaN,
        "Pretax Income": NaN,
        "Other Income Expense": NaN,
        "Other Non Operating Income Expenses": NaN,
        "Net Non Operating Interest Income Expense": NaN,
        "Interest Expense Non Operating": NaN,
        "Operating Income": NaN,
        "Operating Expense": NaN,
        "Provision For Doubtful Accounts": 171000.0,
        "Depreciation Amortization Depletion Income Statement": NaN,
        "Depreciation And Amortization In Income Statement": NaN,
        "Amortization": NaN,
        "Amortization Of Intangibles Income Statement": NaN,
        "Selling General And Administration": NaN,
        "Selling And Marketing Expense": NaN,
        "General And Administrative Expense": NaN,
        "Other Gand A": NaN,
        "Gross Profit": NaN,
        "Cost Of Revenue": NaN,
        "Total Revenue": NaN,
        "Operating Revenue": NaN
    },
    "2022-09-30": {
        "Tax Effect Of Unusual Items": NaN,
        "Tax Rate For Calcs": NaN,
        "Normalized EBITDA": NaN,
        "Net Income From Continuing Operation Net Minority Interest": NaN,
        "Reconciled Depreciation": NaN,
        "Reconciled Cost Of Revenue": NaN,
        "EBITDA": NaN,
        "EBIT": NaN,
        "Net Interest Income": NaN,
        "Interest Expense": NaN,
        "Normalized Income": NaN,
        "Net Income From Continuing And Discontinued Operation": NaN,
        "Total Expenses": NaN,
        "Total Operating Income As Reported": NaN,
        "Diluted Average Shares": NaN,
        "Basic Average Shares": NaN,
        "Diluted EPS": NaN,
        "Basic EPS": NaN,
        "Diluted NI Availto Com Stockholders": NaN,
        "Net Income Common Stockholders": NaN,
        "Net Income": NaN,
        "Net Income Including Noncontrolling Interests": NaN,
        "Net Income Continuous Operations": NaN,
        "Tax Provision": NaN,
        "Pretax Income": NaN,
        "Other Income Expense": NaN,
        "Other Non Operating Income Expenses": NaN,
        "Net Non Operating Interest Income Expense": NaN,
        "Interest Expense Non Operating": NaN,
        "Operating Income": NaN,
        "Operating Expense": NaN,
        "Provision For Doubtful Accounts": -90000.0,
        "Depreciation Amortization Depletion Income Statement": NaN,
        "Depreciation And Amortization In Income Statement": NaN,
        "Amortization": NaN,
        "Amortization Of Intangibles Income Statement": NaN,
        "Selling General And Administration": NaN,
        "Selling And Marketing Expense": NaN,
        "General And Administrative Expense": NaN,
        "Other Gand A": NaN,
        "Gross Profit": NaN,
        "Cost Of Revenue": NaN,
        "Total Revenue": NaN,
        "Operating Revenue": NaN
    },
    "2024-06-30": {
        "Tax Effect Of Unusual Items": 0.0,
        "Tax Rate For Calcs": 0.21,
        "Normalized EBITDA": 4825000.0,
        "Net Income From Continuing Operation Net Minority Interest": 717000.0,
        "Reconciled Depreciation": 3033000.0,
        "Reconciled Cost Of Revenue": 14244000.0,
        "EBITDA": 4825000.0,
        "EBIT": 1792000.0,
        "Net Interest Income": -484000.0,
        "Interest Expense": 484000.0,
        "Normalized Income": 717000.0,
        "Net Income From Continuing And Discontinued Operation": 717000.0,
        "Total Expenses": 31843000.0,
        "Total Operating Income As Reported": 1855000.0,
        "Diluted Average Shares": 21711198.0,
        "Basic Average Shares": 21299089.0,
        "Diluted EPS": 0.03,
        "Basic EPS": 0.03,
        "Diluted NI Availto Com Stockholders": 717000.0,
        "Net Income Common Stockholders": 717000.0,
        "Net Income": 717000.0,
        "Net Income Including Noncontrolling Interests": 717000.0,
        "Net Income Continuous Operations": 717000.0,
        "Tax Provision": 591000.0,
        "Pretax Income": 1308000.0,
        "Other Income Expense": -63000.0,
        "Other Non Operating Income Expenses": -63000.0,
        "Net Non Operating Interest Income Expense": -484000.0,
        "Interest Expense Non Operating": 484000.0,
        "Operating Income": 1855000.0,
        "Operating Expense": 14813000.0,
        "Provision For Doubtful Accounts": NaN,
        "Depreciation Amortization Depletion Income Statement": 247000.0,
        "Depreciation And Amortization In Income Statement": 247000.0,
        "Amortization": 247000.0,
        "Amortization Of Intangibles Income Statement": 247000.0,
        "Selling General And Administration": 14566000.0,
        "Selling And Marketing Expense": 3042000.0,
        "General And Administrative Expense": 11524000.0,
        "Other Gand A": 11524000.0,
        "Gross Profit": 16668000.0,
        "Cost Of Revenue": 17030000.0,
        "Total Revenue": 33698000.0,
        "Operating Revenue": 33698000.0
    },
    "2024-09-30": {
        "Tax Effect Of Unusual Items": 0.0,
        "Tax Rate For Calcs": 0.351,
        "Normalized EBITDA": 6406000.0,
        "Net Income From Continuing Operation Net Minority Interest": 1807000.0,
        "Reconciled Depreciation": 3145000.0,
        "Reconciled Cost Of Revenue": 13378000.0,
        "EBITDA": 6406000.0,
        "EBIT": 3261000.0,
        "Net Interest Income": -476000.0,
        "Interest Expense": 476000.0,
        "Normalized Income": 1807000.0,
        "Net Income From Continuing And Discontinued Operation": 1807000.0,
        "Total Expenses": 32055000.0,
        "Total Operating Income As Reported": 3265000.0,
        "Diluted Average Shares": 21652457.0,
        "Basic Average Shares": 21290512.0,
        "Diluted EPS": 0.08,
        "Basic EPS": 0.08,
        "Diluted NI Availto Com Stockholders": 1807000.0,
        "Net Income Common Stockholders": 1807000.0,
        "Net Income": 1807000.0,
        "Net Income Including Noncontrolling Interests": 1807000.0,
        "Net Income Continuous Operations": 1807000.0,
        "Tax Provision": 978000.0,
        "Pretax Income": 2785000.0,
        "Other Income Expense": -4000.0,
        "Other Non Operating Income Expenses": -4000.0,
        "Net Non Operating Interest Income Expense": -476000.0,
        "Interest Expense Non Operating": 476000.0,
        "Operating Income": 3265000.0,
        "Operating Expense": 15780000.0,
        "Provision For Doubtful Accounts": NaN,
        "Depreciation Amortization Depletion Income Statement": 248000.0,
        "Depreciation And Amortization In Income Statement": 248000.0,
        "Amortization": 248000.0,
        "Amortization Of Intangibles Income Statement": 248000.0,
        "Selling General And Administration": 15532000.0,
        "Selling And Marketing Expense": 2755000.0,
        "General And Administrative Expense": 12777000.0,
        "Other Gand A": 12777000.0,
        "Gross Profit": 19045000.0,
        "Cost Of Revenue": 16275000.0,
        "Total Revenue": 35320000.0,
        "Operating Revenue": 35320000.0
    },
    "2024-12-31": {
        "Tax Effect Of Unusual Items": 0.0,
        "Tax Rate For Calcs": 0.21,
        "Normalized EBITDA": 6046000.0,
        "Net Income From Continuing Operation Net Minority Interest": 933000.0,
        "Reconciled Depreciation": 3421000.0,
        "Reconciled Cost Of Revenue": 12459000.0,
        "EBITDA": 6046000.0,
        "EBIT": 2625000.0,
        "Net Interest Income": -361000.0,
        "Interest Expense": 361000.0,
        "Normalized Income": 933000.0,
        "Net Income From Continuing And Discontinued Operation": 933000.0,
        "Total Expenses": 31232000.0,
        "Total Operating Income As Reported": 2616000.0,
        "Diluted Average Shares": NaN,
        "Basic Average Shares": NaN,
        "Diluted EPS": NaN,
        "Basic EPS": NaN,
        "Diluted NI Availto Com Stockholders": 933000.0,
        "Net Income Common Stockholders": 933000.0,
        "Net Income": 933000.0,
        "Net Income Including Noncontrolling Interests": 933000.0,
        "Net Income Continuous Operations": 933000.0,
        "Tax Provision": 1331000.0,
        "Pretax Income": 2264000.0,
        "Other Income Expense": 9000.0,
        "Other Non Operating Income Expenses": 9000.0,
        "Net Non Operating Interest Income Expense": -361000.0,
        "Interest Expense Non Operating": 361000.0,
        "Operating Income": 2616000.0,
        "Operating Expense": 15600000.0,
        "Provision For Doubtful Accounts": NaN,
        "Depreciation Amortization Depletion Income Statement": 248000.0,
        "Depreciation And Amortization In Income Statement": 248000.0,
        "Amortization": 248000.0,
        "Amortization Of Intangibles Income Statement": 248000.0,
        "Selling General And Administration": 15352000.0,
        "Selling And Marketing Expense": 2139000.0,
        "General And Administrative Expense": 13213000.0,
        "Other Gand A": 13213000.0,
        "Gross Profit": 18216000.0,
        "Cost Of Revenue": 15632000.0,
        "Total Revenue": 33848000.0,
        "Operating Revenue": 33848000.0
    }
}