{
    "2023-03-31": {
        "Tax Effect Of Unusual Items": NaN,
        "Tax Rate For Calcs": NaN,
        "Normalized EBITDA": NaN,
        "Total Unusual Items": NaN,
        "Total Unusual Items Excluding Goodwill": NaN,
        "Net Income From Continuing Operation Net Minority Interest": NaN,
        "Reconciled Depreciation": NaN,
        "Reconciled Cost Of Revenue": NaN,
        "EBITDA": NaN,
        "EBIT": NaN,
        "Net Interest Income": NaN,
        "Interest Income": NaN,
        "Normalized Income": NaN,
        "Net Income From Continuing And Discontinued Operation": NaN,
        "Total Expenses": NaN,
        "Diluted Average Shares": 166409.0,
        "Basic Average Shares": 166409.0,
        "Diluted EPS": -12.0,
        "Basic EPS": -12.0,
        "Diluted NI Availto Com Stockholders": NaN,
        "Net Income Common Stockholders": NaN,
        "Net Income": NaN,
        "Net Income Including Noncontrolling Interests": NaN,
        "Net Income Continuous Operations": NaN,
        "Tax Provision": NaN,
        "Pretax Income": NaN,
        "Other Income Expense": NaN,
        "Gain On Sale Of Security": NaN,
        "Net Non Operating Interest Income Expense": NaN,
        "Interest Income Non Operating": NaN,
        "Operating Income": NaN,
        "Operating Expense": NaN,
        "Depreciation Amortization Depletion Income Statement": NaN,
        "Depreciation And Amortization In Income Statement": NaN,
        "Research And Development": NaN,
        "Selling General And Administration": NaN,
        "General And Administrative Expense": NaN,
        "Other Gand A": NaN,
        "Gross Profit": NaN,
        "Cost Of Revenue": NaN,
        "Total Revenue": NaN,
        "Operating Revenue": NaN
    },
    "2022-12-31": {
        "Tax Effect Of Unusual Items": NaN,
        "Tax Rate For Calcs": NaN,
        "Normalized EBITDA": NaN,
        "Total Unusual Items": NaN,
        "Total Unusual Items Excluding Goodwill": NaN,
        "Net Income From Continuing Operation Net Minority Interest": NaN,
        "Reconciled Depreciation": NaN,
        "Reconciled Cost Of Revenue": NaN,
        "EBITDA": NaN,
        "EBIT": NaN,
        "Net Interest Income": NaN,
        "Interest Income": NaN,
        "Normalized Income": NaN,
        "Net Income From Continuing And Discontinued Operation": NaN,
        "Total Expenses": NaN,
        "Diluted Average Shares": 2300526.0,
        "Basic Average Shares": 2300526.0,
        "Diluted EPS": -0.91,
        "Basic EPS": -0.91,
        "Diluted NI Availto Com Stockholders": NaN,
        "Net Income Common Stockholders": NaN,
        "Net Income": NaN,
        "Net Income Including Noncontrolling Interests": NaN,
        "Net Income Continuous Operations": NaN,
        "Tax Provision": NaN,
        "Pretax Income": NaN,
        "Other Income Expense": NaN,
        "Gain On Sale Of Security": NaN,
        "Net Non Operating Interest Income Expense": NaN,
        "Interest Income Non Operating": NaN,
        "Operating Income": NaN,
        "Operating Expense": NaN,
        "Depreciation Amortization Depletion Income Statement": NaN,
        "Depreciation And Amortization In Income Statement": NaN,
        "Research And Development": NaN,
        "Selling General And Administration": NaN,
        "General And Administrative Expense": NaN,
        "Other Gand A": NaN,
        "Gross Profit": NaN,
        "Cost Of Revenue": NaN,
        "Total Revenue": NaN,
        "Operating Revenue": NaN
    },
    "2022-09-30": {
        "Tax Effect Of Unusual Items": -38716.4,
        "Tax Rate For Calcs": 0.4,
        "Normalized EBITDA": -3233897.0,
        "Total Unusual Items": -96791.0,
        "Total Unusual Items Excluding Goodwill": -96791.0,
        "Net Income From Continuing Operation Net Minority Interest": -3510200.0,
        "Reconciled Depreciation": 148508.0,
        "Reconciled Cost Of Revenue": 712346.0,
        "EBITDA": -3330688.0,
        "EBIT": -3479196.0,
        "Net Interest Income": 72587.0,
        "Interest Income": 72587.0,
        "Normalized Income": -3452125.4,
        "Net Income From Continuing And Discontinued Operation": -3510200.0,
        "Total Expenses": 3799984.0,
        "Diluted Average Shares": 865619.0,
        "Basic Average Shares": 865619.0,
        "Diluted EPS": -4.06,
        "Basic EPS": -4.06,
        "Diluted NI Availto Com Stockholders": -3510200.0,
        "Net Income Common Stockholders": -3510200.0,
        "Net Income": -3510200.0,
        "Net Income Including Noncontrolling Interests": -3510200.0,
        "Net Income Continuous Operations": -3510200.0,
        "Tax Provision": 6800.0,
        "Pretax Income": -3503400.0,
        "Other Income Expense": -96791.0,
        "Gain On Sale Of Security": -96791.0,
        "Net Non Operating Interest Income Expense": 72587.0,
        "Interest Income Non Operating": 72587.0,
        "Operating Income": -3479196.0,
        "Operating Expense": 2988178.0,
        "Depreciation Amortization Depletion Income Statement": 49048.0,
        "Depreciation And Amortization In Income Statement": 49048.0,
        "Research And Development": 1378653.0,
        "Selling General And Administration": 1560477.0,
        "General And Administrative Expense": 1560477.0,
        "Other Gand A": 1560477.0,
        "Gross Profit": -491018.0,
        "Cost Of Revenue": 811806.0,
        "Total Revenue": 320788.0,
        "Operating Revenue": 320788.0
    },
    "2022-06-30": {
        "Tax Effect Of Unusual Items": 0.0,
        "Tax Rate For Calcs": 0.0,
        "Normalized EBITDA": -2859624.0,
        "Total Unusual Items": -4856342.0,
        "Total Unusual Items Excluding Goodwill": -4856342.0,
        "Net Income From Continuing Operation Net Minority Interest": -7870023.0,
        "Reconciled Depreciation": 154057.0,
        "Reconciled Cost Of Revenue": 164975.0,
        "EBITDA": -7715966.0,
        "EBIT": -7870023.0,
        "Net Interest Income": 33701.0,
        "Interest Expense": 0.0,
        "Interest Income": 33701.0,
        "Normalized Income": -3013681.0,
        "Net Income From Continuing And Discontinued Operation": -7870023.0,
        "Total Expenses": 3562140.0,
        "Diluted Average Shares": 644106.0,
        "Basic Average Shares": 644106.0,
        "Diluted EPS": -13.04,
        "Basic EPS": -13.04,
        "Diluted NI Availto Com Stockholders": -7870023.0,
        "Net Income Common Stockholders": -7870023.0,
        "Net Income": -7870023.0,
        "Net Income Including Noncontrolling Interests": -7870023.0,
        "Net Income Continuous Operations": -7870023.0,
        "Tax Provision": NaN,
        "Pretax Income": -7870023.0,
        "Other Income Expense": -4856342.0,
        "Gain On Sale Of Security": -1383749.0,
        "Net Non Operating Interest Income Expense": 33701.0,
        "Interest Expense Non Operating": 0.0,
        "Interest Income Non Operating": 33701.0,
        "Operating Income": -3047382.0,
        "Operating Expense": 3297096.0,
        "Depreciation Amortization Depletion Income Statement": 53988.0,
        "Depreciation And Amortization In Income Statement": 53988.0,
        "Research And Development": 1500748.0,
        "Selling General And Administration": 1742360.0,
        "General And Administrative Expense": 1742360.0,
        "Other Gand A": 1742360.0,
        "Gross Profit": 249714.0,
        "Cost Of Revenue": 265044.0,
        "Total Revenue": 514758.0,
        "Operating Revenue": 514758.0
    },
    "2022-03-31": {
        "Diluted EPS": -6.14,
        "Total Revenue": 0,
        "Gross Profit": 0,
        "Operating Income": -4,
        "EBIT": -3,
        "Net Income": -3
    },
    "2021-12-31": {
        "Diluted EPS": -7.73,
        "Total Revenue": 0,
        "Gross Profit": 0,
        "Operating Income": -4,
        "EBIT": -4,
        "Net Income": -4
    },
    "2021-09-30": {
        "Diluted EPS": -6.17,
        "Total Revenue": NaN,
        "Gross Profit": NaN,
        "Operating Income": -3,
        "EBIT": -3,
        "Net Income": -3
    },
    "2021-06-30": {
        "Diluted EPS": -10.71,
        "Total Revenue": NaN,
        "Gross Profit": NaN,
        "Operating Income": -3,
        "EBIT": -3,
        "Net Income": -3
    },
    "2021-03-31": {
        "Diluted EPS": -10.25,
        "Total Revenue": NaN,
        "Gross Profit": NaN,
        "Operating Income": -3,
        "EBIT": -3,
        "Net Income": -3
    },
    "2020-12-31": {
        "Diluted EPS": -9.25,
        "Total Revenue": NaN,
        "Gross Profit": NaN,
        "Operating Income": -2,
        "EBIT": -2,
        "Net Income": -2
    },
    "2020-09-30": {
        "Diluted EPS": -7.75,
        "Total Revenue": NaN,
        "Gross Profit": NaN,
        "Operating Income": -2,
        "EBIT": -2,
        "Net Income": -2
    },
    "2020-06-30": {
        "Diluted EPS": -7.5,
        "Total Revenue": NaN,
        "Gross Profit": NaN,
        "Operating Income": -2,
        "EBIT": -2,
        "Net Income": -2
    },
    "2020-03-31": {
        "Diluted EPS": -9.75,
        "Total Revenue": NaN,
        "Gross Profit": NaN,
        "Operating Income": -2,
        "EBIT": -2,
        "Net Income": -2
    },
    "2019-12-31": {
        "Diluted EPS": -12.0,
        "Total Revenue": NaN,
        "Gross Profit": NaN,
        "Operating Income": -3,
        "EBIT": -2,
        "Net Income": -2
    },
    "2019-09-30": {
        "Diluted EPS": -13.5,
        "Total Revenue": NaN,
        "Gross Profit": NaN,
        "Operating Income": -3,
        "EBIT": -3,
        "Net Income": -3
    },
    "2019-06-30": {
        "Diluted EPS": 0.0,
        "Total Revenue": NaN,
        "Gross Profit": NaN,
        "Operating Income": NaN,
        "EBIT": NaN,
        "Net Income": NaN
    },
    "2023-06-30": {
        "Tax Effect Of Unusual Items": 12444.8,
        "Tax Rate For Calcs": 0.4,
        "Normalized EBITDA": -396402.0,
        "Total Unusual Items": 31112.0,
        "Total Unusual Items Excluding Goodwill": 31112.0,
        "Net Income From Continuing Operation Net Minority Interest": -338391.0,
        "Reconciled Depreciation": 150972.0,
        "Reconciled Cost Of Revenue": 643176.0,
        "EBITDA": -365290.0,
        "EBIT": -516262.0,
        "Net Interest Income": 148559.0,
        "Interest Income": 148559.0,
        "Normalized Income": -357058.2,
        "Net Income From Continuing And Discontinued Operation": -338391.0,
        "Total Expenses": 2827327.0,
        "Diluted Average Shares": NaN,
        "Basic Average Shares": NaN,
        "Diluted EPS": NaN,
        "Basic EPS": NaN,
        "Diluted NI Availto Com Stockholders": -338391.0,
        "Net Income Common Stockholders": -338391.0,
        "Net Income": -338391.0,
        "Net Income Including Noncontrolling Interests": -338391.0,
        "Net Income Continuous Operations": -338391.0,
        "Tax Provision": 1800.0,
        "Pretax Income": -336591.0,
        "Other Income Expense": 31112.0,
        "Gain On Sale Of Security": 31112.0,
        "Net Non Operating Interest Income Expense": 148559.0,
        "Interest Income Non Operating": 148559.0,
        "Operating Income": -516262.0,
        "Operating Expense": 2086642.0,
        "Depreciation Amortization Depletion Income Statement": 53463.0,
        "Depreciation And Amortization In Income Statement": 53463.0,
        "Research And Development": 623744.0,
        "Selling General And Administration": 1409435.0,
        "General And Administrative Expense": 1409435.0,
        "Other Gand A": 1409435.0,
        "Gross Profit": 1570380.0,
        "Cost Of Revenue": 740685.0,
        "Total Revenue": 2311065.0,
        "Operating Revenue": 2311065.0
    },
    "2023-09-30": {
        "Tax Effect Of Unusual Items": NaN,
        "Tax Rate For Calcs": NaN,
        "Normalized EBITDA": NaN,
        "Total Unusual Items": NaN,
        "Total Unusual Items Excluding Goodwill": NaN,
        "Net Income From Continuing Operation Net Minority Interest": NaN,
        "Reconciled Depreciation": NaN,
        "Reconciled Cost Of Revenue": NaN,
        "EBITDA": NaN,
        "EBIT": NaN,
        "Net Interest Income": NaN,
        "Interest Expense": NaN,
        "Interest Income": NaN,
        "Normalized Income": NaN,
        "Net Income From Continuing And Discontinued Operation": NaN,
        "Total Expenses": NaN,
        "Diluted Average Shares": 166410.0,
        "Basic Average Shares": 166410.0,
        "Diluted EPS": -15.24,
        "Basic EPS": -15.24,
        "Diluted NI Availto Com Stockholders": NaN,
        "Net Income Common Stockholders": NaN,
        "Net Income": NaN,
        "Net Income Including Noncontrolling Interests": NaN,
        "Net Income Continuous Operations": NaN,
        "Tax Provision": NaN,
        "Pretax Income": NaN,
        "Other Income Expense": NaN,
        "Gain On Sale Of Security": NaN,
        "Net Non Operating Interest Income Expense": NaN,
        "Interest Expense Non Operating": NaN,
        "Interest Income Non Operating": NaN,
        "Operating Income": NaN,
        "Operating Expense": NaN,
        "Depreciation Amortization Depletion Income Statement": NaN,
        "Depreciation And Amortization In Income Statement": NaN,
        "Research And Development": NaN,
        "Selling General And Administration": NaN,
        "General And Administrative Expense": NaN,
        "Other Gand A": NaN,
        "Gross Profit": NaN,
        "Cost Of Revenue": NaN,
        "Total Revenue": NaN,
        "Operating Revenue": NaN
    },
    "2023-12-31": {
        "Tax Effect Of Unusual Items": NaN,
        "Tax Rate For Calcs": NaN,
        "Normalized EBITDA": NaN,
        "Total Unusual Items": NaN,
        "Total Unusual Items Excluding Goodwill": NaN,
        "Net Income From Continuing Operation Net Minority Interest": NaN,
        "Reconciled Depreciation": NaN,
        "Reconciled Cost Of Revenue": NaN,
        "EBITDA": NaN,
        "EBIT": NaN,
        "Net Interest Income": NaN,
        "Interest Expense": 0.0,
        "Interest Income": NaN,
        "Normalized Income": NaN,
        "Net Income From Continuing And Discontinued Operation": NaN,
        "Total Expenses": NaN,
        "Diluted Average Shares": 398673.0,
        "Basic Average Shares": 398673.0,
        "Diluted EPS": -3.71,
        "Basic EPS": -3.71,
        "Diluted NI Availto Com Stockholders": NaN,
        "Net Income Common Stockholders": NaN,
        "Net Income": NaN,
        "Net Income Including Noncontrolling Interests": NaN,
        "Net Income Continuous Operations": NaN,
        "Tax Provision": 0.0,
        "Pretax Income": NaN,
        "Other Income Expense": NaN,
        "Gain On Sale Of Security": NaN,
        "Net Non Operating Interest Income Expense": NaN,
        "Interest Expense Non Operating": 0.0,
        "Interest Income Non Operating": NaN,
        "Operating Income": NaN,
        "Operating Expense": NaN,
        "Depreciation Amortization Depletion Income Statement": NaN,
        "Depreciation And Amortization In Income Statement": NaN,
        "Research And Development": NaN,
        "Selling General And Administration": NaN,
        "General And Administrative Expense": NaN,
        "Other Gand A": NaN,
        "Gross Profit": NaN,
        "Cost Of Revenue": NaN,
        "Total Revenue": NaN,
        "Operating Revenue": NaN
    },
    "2024-03-31": {
        "Tax Effect Of Unusual Items": 0.0,
        "Tax Rate For Calcs": 0.0,
        "Normalized EBITDA": -1524025.0,
        "Total Unusual Items": -48156.0,
        "Total Unusual Items Excluding Goodwill": -48156.0,
        "Net Income From Continuing Operation Net Minority Interest": -1722866.0,
        "Reconciled Depreciation": 150685.0,
        "Reconciled Cost Of Revenue": 787225.0,
        "EBITDA": -1572181.0,
        "EBIT": -1722866.0,
        "Net Interest Income": 121458.0,
        "Interest Expense": 0.0,
        "Interest Income": 121458.0,
        "Normalized Income": -1674710.0,
        "Net Income From Continuing And Discontinued Operation": -1722866.0,
        "Total Expenses": 2968769.0,
        "Diluted Average Shares": 480649.0,
        "Basic Average Shares": 480649.0,
        "Diluted EPS": -3.58,
        "Basic EPS": -3.58,
        "Diluted NI Availto Com Stockholders": -1722866.0,
        "Net Income Common Stockholders": -1722866.0,
        "Net Income": -1722866.0,
        "Net Income Including Noncontrolling Interests": -1722866.0,
        "Net Income Continuous Operations": -1722866.0,
        "Tax Provision": 0.0,
        "Pretax Income": -1722866.0,
        "Other Income Expense": -48156.0,
        "Gain On Sale Of Security": -48156.0,
        "Net Non Operating Interest Income Expense": 121458.0,
        "Interest Expense Non Operating": 0.0,
        "Interest Income Non Operating": 121458.0,
        "Operating Income": -1796168.0,
        "Operating Expense": 2085626.0,
        "Depreciation Amortization Depletion Income Statement": 54767.0,
        "Depreciation And Amortization In Income Statement": 54767.0,
        "Research And Development": 656764.0,
        "Selling General And Administration": 1374095.0,
        "General And Administrative Expense": 1374095.0,
        "Other Gand A": 1374095.0,
        "Gross Profit": 289458.0,
        "Cost Of Revenue": 883143.0,
        "Total Revenue": 1172601.0,
        "Operating Revenue": 1172601.0
    },
    "2024-06-30": {
        "Tax Effect Of Unusual Items": -3780.6,
        "Tax Rate For Calcs": 0.15,
        "Normalized EBITDA": -1831942.0,
        "Total Unusual Items": -25204.0,
        "Total Unusual Items Excluding Goodwill": -25204.0,
        "Net Income From Continuing Operation Net Minority Interest": -1937671.0,
        "Reconciled Depreciation": 151861.0,
        "Reconciled Cost Of Revenue": 719902.0,
        "EBITDA": -1857146.0,
        "EBIT": -2009007.0,
        "Net Interest Income": 103640.0,
        "Interest Expense": NaN,
        "Interest Income": 103640.0,
        "Normalized Income": -1916247.6,
        "Net Income From Continuing And Discontinued Operation": -1937671.0,
        "Total Expenses": 3292074.0,
        "Diluted Average Shares": NaN,
        "Basic Average Shares": NaN,
        "Diluted EPS": NaN,
        "Basic EPS": NaN,
        "Diluted NI Availto Com Stockholders": -1937671.0,
        "Net Income Common Stockholders": -1937671.0,
        "Net Income": -1937671.0,
        "Net Income Including Noncontrolling Interests": -1937671.0,
        "Net Income Continuous Operations": -1937671.0,
        "Tax Provision": 7100.0,
        "Pretax Income": -1930571.0,
        "Other Income Expense": -25204.0,
        "Gain On Sale Of Security": -25204.0,
        "Net Non Operating Interest Income Expense": 103640.0,
        "Interest Expense Non Operating": NaN,
        "Interest Income Non Operating": 103640.0,
        "Operating Income": -2009007.0,
        "Operating Expense": 2475078.0,
        "Depreciation Amortization Depletion Income Statement": 54767.0,
        "Depreciation And Amortization In Income Statement": 54767.0,
        "Research And Development": 1206380.0,
        "Selling General And Administration": 1213931.0,
        "General And Administrative Expense": 1213931.0,
        "Other Gand A": 1213931.0,
        "Gross Profit": 466071.0,
        "Cost Of Revenue": 816996.0,
        "Total Revenue": 1283067.0,
        "Operating Revenue": 1283067.0
    },
    "2024-09-30": {
        "Tax Effect Of Unusual Items": 0.0,
        "Tax Rate For Calcs": 0.0,
        "Normalized EBITDA": -1628602.0,
        "Total Unusual Items": 19310.0,
        "Total Unusual Items Excluding Goodwill": 19310.0,
        "Net Income From Continuing Operation Net Minority Interest": -1677868.0,
        "Reconciled Depreciation": 144980.0,
        "Reconciled Cost Of Revenue": 680824.0,
        "EBITDA": -1609292.0,
        "EBIT": -1754272.0,
        "Net Interest Income": 57094.0,
        "Interest Expense": NaN,
        "Interest Income": 57094.0,
        "Normalized Income": -1697178.0,
        "Net Income From Continuing And Discontinued Operation": -1677868.0,
        "Total Expenses": 3018910.0,
        "Diluted Average Shares": 620127.0,
        "Basic Average Shares": 620127.0,
        "Diluted EPS": -2.71,
        "Basic EPS": -2.71,
        "Diluted NI Availto Com Stockholders": -1677868.0,
        "Net Income Common Stockholders": -1677868.0,
        "Net Income": -1677868.0,
        "Net Income Including Noncontrolling Interests": -1677868.0,
        "Net Income Continuous Operations": -1677868.0,
        "Tax Provision": 0.0,
        "Pretax Income": -1677868.0,
        "Other Income Expense": 19310.0,
        "Gain On Sale Of Security": 19310.0,
        "Net Non Operating Interest Income Expense": 57094.0,
        "Interest Expense Non Operating": NaN,
        "Interest Income Non Operating": 57094.0,
        "Operating Income": -1754272.0,
        "Operating Expense": 2247685.0,
        "Depreciation Amortization Depletion Income Statement": 54579.0,
        "Depreciation And Amortization In Income Statement": 54579.0,
        "Research And Development": 771180.0,
        "Selling General And Administration": 1421926.0,
        "General And Administrative Expense": 1421926.0,
        "Other Gand A": 1421926.0,
        "Gross Profit": 493413.0,
        "Cost Of Revenue": 771225.0,
        "Total Revenue": 1264638.0,
        "Operating Revenue": 1264638.0
    },
    "2024-12-31": {
        "Tax Effect Of Unusual Items": 0.0,
        "Tax Rate For Calcs": 0.0,
        "Normalized EBITDA": -2046643.0,
        "Total Unusual Items": -47753.0,
        "Total Unusual Items Excluding Goodwill": -47753.0,
        "Net Income From Continuing Operation Net Minority Interest": -2575024.0,
        "Reconciled Depreciation": 129079.0,
        "Reconciled Cost Of Revenue": 574936.0,
        "EBITDA": -2094396.0,
        "EBIT": -2223475.0,
        "Net Interest Income": -321013.0,
        "Interest Expense": 351549.0,
        "Interest Income": 30536.0,
        "Normalized Income": -2527271.0,
        "Net Income From Continuing And Discontinued Operation": -2575024.0,
        "Total Expenses": 3317965.0,
        "Diluted Average Shares": 706546.0,
        "Basic Average Shares": 706546.0,
        "Diluted EPS": -3.64,
        "Basic EPS": -3.64,
        "Diluted NI Availto Com Stockholders": -2575024.0,
        "Net Income Common Stockholders": -2575024.0,
        "Net Income": -2575024.0,
        "Net Income Including Noncontrolling Interests": -2575024.0,
        "Net Income Continuous Operations": -2575024.0,
        "Tax Provision": 0.0,
        "Pretax Income": -2575024.0,
        "Other Income Expense": -47753.0,
        "Gain On Sale Of Security": -47753.0,
        "Net Non Operating Interest Income Expense": -321013.0,
        "Interest Expense Non Operating": 351549.0,
        "Interest Income Non Operating": 30536.0,
        "Operating Income": -2206258.0,
        "Operating Expense": 2667152.0,
        "Depreciation Amortization Depletion Income Statement": 53202.0,
        "Depreciation And Amortization In Income Statement": 53202.0,
        "Research And Development": 1060367.0,
        "Selling General And Administration": 1553583.0,
        "General And Administrative Expense": 1553583.0,
        "Other Gand A": 1553583.0,
        "Gross Profit": 460894.0,
        "Cost Of Revenue": 650813.0,
        "Total Revenue": 1111707.0,
        "Operating Revenue": 1111707.0
    },
    "2025-03-31": {
        "Tax Effect Of Unusual Items": 0.0,
        "Tax Rate For Calcs": 0.0,
        "Normalized EBITDA": -1969182.0,
        "Total Unusual Items": -22165.0,
        "Total Unusual Items Excluding Goodwill": -22165.0,
        "Net Income From Continuing Operation Net Minority Interest": -2120930.0,
        "Reconciled Depreciation": 129583.0,
        "Reconciled Cost Of Revenue": 1008676.0,
        "EBITDA": -1991347.0,
        "EBIT": -2120930.0,
        "Net Interest Income": 16565.0,
        "Interest Expense": 0.0,
        "Interest Income": 16565.0,
        "Normalized Income": -2098765.0,
        "Net Income From Continuing And Discontinued Operation": -2120930.0,
        "Total Expenses": 3376908.0,
        "Diluted Average Shares": 1095973.0,
        "Basic Average Shares": 1095973.0,
        "Diluted EPS": -1.94,
        "Basic EPS": -1.94,
        "Diluted NI Availto Com Stockholders": -2120930.0,
        "Net Income Common Stockholders": -2120930.0,
        "Net Income": -2120930.0,
        "Net Income Including Noncontrolling Interests": -2120930.0,
        "Net Income Continuous Operations": -2120930.0,
        "Tax Provision": NaN,
        "Pretax Income": -2120930.0,
        "Other Income Expense": -22165.0,
        "Gain On Sale Of Security": -22165.0,
        "Net Non Operating Interest Income Expense": 16565.0,
        "Interest Expense Non Operating": 0.0,
        "Interest Income Non Operating": 16565.0,
        "Operating Income": -2115330.0,
        "Operating Expense": 2290955.0,
        "Depreciation Amortization Depletion Income Statement": 52306.0,
        "Depreciation And Amortization In Income Statement": 52306.0,
        "Research And Development": 909653.0,
        "Selling General And Administration": 1328996.0,
        "General And Administrative Expense": 1328996.0,
        "Other Gand A": 1328996.0,
        "Gross Profit": 175625.0,
        "Cost Of Revenue": 1085953.0,
        "Total Revenue": 1261578.0,
        "Operating Revenue": 1261578.0
    }
}