{
    "2023-03-31": {
        "Tax Effect Of Unusual Items": NaN,
        "Tax Rate For Calcs": NaN,
        "Normalized EBITDA": NaN,
        "Net Income From Continuing Operation Net Minority Interest": NaN,
        "EBITDA": NaN,
        "EBIT": NaN,
        "Normalized Income": NaN,
        "Net Income From Continuing And Discontinued Operation": NaN,
        "Total Expenses": NaN,
        "Total Operating Income As Reported": NaN,
        "Diluted Average Shares": 17945995.0,
        "Basic Average Shares": 17945995.0,
        "Diluted EPS": -0.36,
        "Basic EPS": -0.36,
        "Diluted NI Availto Com Stockholders": NaN,
        "Net Income Common Stockholders": NaN,
        "Net Income": NaN,
        "Net Income Including Noncontrolling Interests": NaN,
        "Net Income Continuous Operations": NaN,
        "Pretax Income": NaN,
        "Other Income Expense": NaN,
        "Other Non Operating Income Expenses": NaN,
        "Operating Income": NaN,
        "Operating Expense": NaN,
        "Research And Development": NaN,
        "Selling General And Administration": NaN,
        "General And Administrative Expense": NaN,
        "Other Gand A": NaN,
        "Total Revenue": NaN,
        "Operating Revenue": NaN
    },
    "2022-12-31": {
        "Tax Effect Of Unusual Items": 0.0,
        "Tax Rate For Calcs": 0.0,
        "Normalized EBITDA": -5642000.0,
        "Net Income From Continuing Operation Net Minority Interest": -5833000.0,
        "EBITDA": -5642000.0,
        "EBIT": -5642000.0,
        "Normalized Income": -5833000.0,
        "Net Income From Continuing And Discontinued Operation": -5833000.0,
        "Total Expenses": 5739000.0,
        "Total Operating Income As Reported": -5642000.0,
        "Diluted Average Shares": NaN,
        "Basic Average Shares": NaN,
        "Diluted EPS": NaN,
        "Basic EPS": NaN,
        "Diluted NI Availto Com Stockholders": -5833000.0,
        "Net Income Common Stockholders": -5833000.0,
        "Net Income": -5833000.0,
        "Net Income Including Noncontrolling Interests": -5833000.0,
        "Net Income Continuous Operations": -5833000.0,
        "Pretax Income": -5833000.0,
        "Other Income Expense": -191000.0,
        "Other Non Operating Income Expenses": -191000.0,
        "Operating Income": -5642000.0,
        "Operating Expense": 5739000.0,
        "Research And Development": 3410000.0,
        "Selling General And Administration": 2329000.0,
        "General And Administrative Expense": 2329000.0,
        "Other Gand A": 2329000.0,
        "Total Revenue": 97000.0,
        "Operating Revenue": 97000.0
    },
    "2022-09-30": {
        "Tax Effect Of Unusual Items": NaN,
        "Tax Rate For Calcs": NaN,
        "Normalized EBITDA": NaN,
        "Net Income From Continuing Operation Net Minority Interest": NaN,
        "EBITDA": NaN,
        "EBIT": NaN,
        "Normalized Income": NaN,
        "Net Income From Continuing And Discontinued Operation": NaN,
        "Total Expenses": NaN,
        "Total Operating Income As Reported": NaN,
        "Diluted Average Shares": 17945995.0,
        "Basic Average Shares": 17945995.0,
        "Diluted EPS": -0.43,
        "Basic EPS": -0.43,
        "Diluted NI Availto Com Stockholders": NaN,
        "Net Income Common Stockholders": NaN,
        "Net Income": NaN,
        "Net Income Including Noncontrolling Interests": NaN,
        "Net Income Continuous Operations": NaN,
        "Pretax Income": NaN,
        "Other Income Expense": NaN,
        "Other Non Operating Income Expenses": NaN,
        "Operating Income": NaN,
        "Operating Expense": NaN,
        "Research And Development": NaN,
        "Selling General And Administration": NaN,
        "General And Administrative Expense": NaN,
        "Other Gand A": NaN,
        "Total Revenue": NaN,
        "Operating Revenue": NaN
    },
    "2022-06-30": {
        "Tax Effect Of Unusual Items": 0.0,
        "Tax Rate For Calcs": 0.0,
        "Normalized EBITDA": -6388000.0,
        "Net Income From Continuing Operation Net Minority Interest": -6838000.0,
        "EBITDA": -6388000.0,
        "EBIT": -6388000.0,
        "Normalized Income": -6838000.0,
        "Net Income From Continuing And Discontinued Operation": -6838000.0,
        "Total Expenses": 6404000.0,
        "Total Operating Income As Reported": -6388000.0,
        "Diluted Average Shares": 17945995.0,
        "Basic Average Shares": 17945995.0,
        "Diluted EPS": -0.38,
        "Basic EPS": -0.38,
        "Diluted NI Availto Com Stockholders": -6838000.0,
        "Net Income Common Stockholders": -6838000.0,
        "Net Income": -6838000.0,
        "Net Income Including Noncontrolling Interests": -6838000.0,
        "Net Income Continuous Operations": -6838000.0,
        "Pretax Income": -6838000.0,
        "Other Income Expense": -450000.0,
        "Other Non Operating Income Expenses": -450000.0,
        "Operating Income": -6388000.0,
        "Operating Expense": 6404000.0,
        "Research And Development": 4189000.0,
        "Selling General And Administration": 2215000.0,
        "General And Administrative Expense": 2215000.0,
        "Other Gand A": 2215000.0,
        "Total Revenue": 16000.0,
        "Operating Revenue": 16000.0
    },
    "2022-03-31": {
        "Diluted EPS": -0.39,
        "Total Revenue": 0,
        "Gross Profit": 0,
        "Operating Income": -6,
        "EBIT": -6,
        "Net Income": -7
    },
    "2021-12-31": {
        "Diluted EPS": -0.57,
        "Total Revenue": 0,
        "Gross Profit": 0,
        "Operating Income": -9,
        "EBIT": -9,
        "Net Income": -10
    },
    "2021-09-30": {
        "Diluted EPS": -0.55,
        "Total Revenue": 0,
        "Gross Profit": 0,
        "Operating Income": -9,
        "EBIT": -9,
        "Net Income": -9
    },
    "2021-06-30": {
        "Diluted EPS": -0.44,
        "Total Revenue": NaN,
        "Gross Profit": NaN,
        "Operating Income": -7,
        "EBIT": -7,
        "Net Income": -7
    },
    "2021-03-31": {
        "Diluted EPS": -0.32,
        "Total Revenue": 0,
        "Gross Profit": 0,
        "Operating Income": -5,
        "EBIT": -5,
        "Net Income": -5
    },
    "2020-12-31": {
        "Diluted EPS": -0.26,
        "Total Revenue": NaN,
        "Gross Profit": NaN,
        "Operating Income": -3,
        "EBIT": -3,
        "Net Income": -3
    },
    "2020-09-30": {
        "Diluted EPS": -0.36,
        "Total Revenue": NaN,
        "Gross Profit": NaN,
        "Operating Income": -5,
        "EBIT": -5,
        "Net Income": -5
    },
    "2020-06-30": {
        "Diluted EPS": -0.2,
        "Total Revenue": NaN,
        "Gross Profit": NaN,
        "Operating Income": -2,
        "EBIT": -2,
        "Net Income": -2
    },
    "2020-03-31": {
        "Diluted EPS": -0.19,
        "Total Revenue": NaN,
        "Gross Profit": NaN,
        "Operating Income": -2,
        "EBIT": -2,
        "Net Income": -2
    },
    "2019-12-31": {
        "Diluted EPS": -0.23,
        "Total Revenue": NaN,
        "Gross Profit": NaN,
        "Operating Income": -2,
        "EBIT": -2,
        "Net Income": -2
    },
    "2019-09-30": {
        "Diluted EPS": -0.28,
        "Total Revenue": NaN,
        "Gross Profit": NaN,
        "Operating Income": -3,
        "EBIT": -3,
        "Net Income": -3
    },
    "2019-06-30": {
        "Diluted EPS": -0.04,
        "Total Revenue": NaN,
        "Gross Profit": NaN,
        "Operating Income": 0,
        "EBIT": 0,
        "Net Income": 0
    },
    "2019-03-31": {
        "Diluted EPS": -0.2,
        "Total Revenue": NaN,
        "Gross Profit": NaN,
        "Operating Income": -2,
        "EBIT": -2,
        "Net Income": -2
    },
    "2018-12-31": {
        "Diluted EPS": -0.21,
        "Total Revenue": NaN,
        "Gross Profit": NaN,
        "Operating Income": 0,
        "EBIT": 0,
        "Net Income": -2
    },
    "2018-09-30": {
        "Diluted EPS": -0.18,
        "Total Revenue": NaN,
        "Gross Profit": NaN,
        "Operating Income": -2,
        "EBIT": -2,
        "Net Income": -2
    },
    "2018-06-30": {
        "Diluted EPS": -0.71,
        "Total Revenue": NaN,
        "Gross Profit": NaN,
        "Operating Income": -6,
        "EBIT": -6,
        "Net Income": -6
    },
    "2018-03-31": {
        "Diluted EPS": -0.33,
        "Total Revenue": NaN,
        "Gross Profit": NaN,
        "Operating Income": -3,
        "EBIT": -3,
        "Net Income": -3
    },
    "2017-12-31": {
        "Diluted EPS": 0.0,
        "Total Revenue": NaN,
        "Gross Profit": NaN,
        "Operating Income": NaN,
        "EBIT": NaN,
        "Net Income": NaN
    },
    "2023-06-30": {
        "Tax Effect Of Unusual Items": NaN,
        "Tax Rate For Calcs": NaN,
        "Normalized EBITDA": NaN,
        "Net Income From Continuing Operation Net Minority Interest": NaN,
        "EBITDA": NaN,
        "EBIT": NaN,
        "Normalized Income": NaN,
        "Net Income From Continuing And Discontinued Operation": NaN,
        "Total Expenses": NaN,
        "Total Operating Income As Reported": NaN,
        "Diluted Average Shares": 17945995.0,
        "Basic Average Shares": 17945995.0,
        "Diluted EPS": -0.36,
        "Basic EPS": -0.36,
        "Diluted NI Availto Com Stockholders": NaN,
        "Net Income Common Stockholders": NaN,
        "Net Income": NaN,
        "Net Income Including Noncontrolling Interests": NaN,
        "Net Income Continuous Operations": NaN,
        "Pretax Income": NaN,
        "Other Income Expense": NaN,
        "Other Non Operating Income Expenses": NaN,
        "Operating Income": NaN,
        "Operating Expense": NaN,
        "Research And Development": NaN,
        "Selling General And Administration": NaN,
        "General And Administrative Expense": NaN,
        "Other Gand A": NaN,
        "Total Revenue": NaN,
        "Operating Revenue": NaN
    },
    "2023-09-30": {
        "Tax Effect Of Unusual Items": NaN,
        "Tax Rate For Calcs": NaN,
        "Normalized EBITDA": NaN,
        "Net Income From Continuing Operation Net Minority Interest": NaN,
        "EBITDA": NaN,
        "EBIT": NaN,
        "Normalized Income": NaN,
        "Net Income From Continuing And Discontinued Operation": NaN,
        "Total Expenses": NaN,
        "Total Operating Income As Reported": NaN,
        "Diluted Average Shares": 18008295.0,
        "Basic Average Shares": 18008295.0,
        "Diluted EPS": -0.48,
        "Basic EPS": -0.48,
        "Diluted NI Availto Com Stockholders": NaN,
        "Net Income Common Stockholders": NaN,
        "Net Income": NaN,
        "Net Income Including Noncontrolling Interests": NaN,
        "Net Income Continuous Operations": NaN,
        "Pretax Income": NaN,
        "Other Income Expense": NaN,
        "Other Non Operating Income Expenses": NaN,
        "Operating Income": NaN,
        "Operating Expense": NaN,
        "Research And Development": NaN,
        "Selling General And Administration": NaN,
        "General And Administrative Expense": NaN,
        "Other Gand A": NaN,
        "Total Revenue": NaN,
        "Operating Revenue": NaN
    },
    "2023-12-31": {
        "Tax Effect Of Unusual Items": 0.0,
        "Tax Rate For Calcs": 0.0,
        "Normalized EBITDA": -8379000.0,
        "Net Income From Continuing Operation Net Minority Interest": -8408000.0,
        "EBITDA": -8379000.0,
        "EBIT": -8379000.0,
        "Normalized Income": -8408000.0,
        "Net Income From Continuing And Discontinued Operation": -8408000.0,
        "Total Expenses": 8407000.0,
        "Total Operating Income As Reported": -8379000.0,
        "Diluted Average Shares": NaN,
        "Basic Average Shares": NaN,
        "Diluted EPS": NaN,
        "Basic EPS": NaN,
        "Diluted NI Availto Com Stockholders": -8408000.0,
        "Net Income Common Stockholders": -8408000.0,
        "Net Income": -8408000.0,
        "Net Income Including Noncontrolling Interests": -8408000.0,
        "Net Income Continuous Operations": -8408000.0,
        "Pretax Income": -8408000.0,
        "Other Income Expense": -29000.0,
        "Other Non Operating Income Expenses": -29000.0,
        "Operating Income": -8379000.0,
        "Operating Expense": 8407000.0,
        "Research And Development": 6007000.0,
        "Selling General And Administration": 2400000.0,
        "General And Administrative Expense": 2400000.0,
        "Other Gand A": 2400000.0,
        "Total Revenue": 28000.0,
        "Operating Revenue": 28000.0
    },
    "2024-03-31": {
        "Tax Effect Of Unusual Items": NaN,
        "Tax Rate For Calcs": NaN,
        "Normalized EBITDA": NaN,
        "Total Unusual Items": NaN,
        "Total Unusual Items Excluding Goodwill": NaN,
        "Net Income From Continuing Operation Net Minority Interest": NaN,
        "EBITDA": NaN,
        "EBIT": NaN,
        "Normalized Income": NaN,
        "Net Income From Continuing And Discontinued Operation": NaN,
        "Total Expenses": NaN,
        "Total Operating Income As Reported": NaN,
        "Diluted Average Shares": 18026473.0,
        "Basic Average Shares": 18026473.0,
        "Diluted EPS": -0.61,
        "Basic EPS": -0.61,
        "Diluted NI Availto Com Stockholders": NaN,
        "Net Income Common Stockholders": NaN,
        "Net Income": NaN,
        "Net Income Including Noncontrolling Interests": NaN,
        "Net Income Continuous Operations": NaN,
        "Pretax Income": NaN,
        "Other Income Expense": NaN,
        "Other Non Operating Income Expenses": NaN,
        "Special Income Charges": NaN,
        "Impairment Of Capital Assets": NaN,
        "Operating Income": NaN,
        "Operating Expense": NaN,
        "Research And Development": NaN,
        "Selling General And Administration": NaN,
        "General And Administrative Expense": NaN,
        "Other Gand A": NaN,
        "Total Revenue": NaN,
        "Operating Revenue": NaN
    },
    "2024-06-30": {
        "Tax Effect Of Unusual Items": 0.0,
        "Tax Rate For Calcs": 0.0,
        "Normalized EBITDA": -9865000.0,
        "Total Unusual Items": NaN,
        "Total Unusual Items Excluding Goodwill": NaN,
        "Net Income From Continuing Operation Net Minority Interest": -9746000.0,
        "EBITDA": -9865000.0,
        "EBIT": -9865000.0,
        "Normalized Income": -9746000.0,
        "Net Income From Continuing And Discontinued Operation": -9746000.0,
        "Total Expenses": 9865000.0,
        "Total Operating Income As Reported": -9865000.0,
        "Diluted Average Shares": 19307323.0,
        "Basic Average Shares": 19307323.0,
        "Diluted EPS": -0.5,
        "Basic EPS": -0.5,
        "Diluted NI Availto Com Stockholders": -9746000.0,
        "Net Income Common Stockholders": -9746000.0,
        "Net Income": -9746000.0,
        "Net Income Including Noncontrolling Interests": -9746000.0,
        "Net Income Continuous Operations": -9746000.0,
        "Pretax Income": -9746000.0,
        "Other Income Expense": 119000.0,
        "Other Non Operating Income Expenses": 119000.0,
        "Special Income Charges": NaN,
        "Impairment Of Capital Assets": NaN,
        "Operating Income": -9865000.0,
        "Operating Expense": 9865000.0,
        "Research And Development": 7053000.0,
        "Selling General And Administration": 2812000.0,
        "General And Administrative Expense": 2812000.0,
        "Other Gand A": 2812000.0,
        "Total Revenue": 0.0,
        "Operating Revenue": 0.0
    },
    "2024-09-30": {
        "Tax Effect Of Unusual Items": 0.0,
        "Tax Rate For Calcs": 0.0,
        "Normalized EBITDA": -12286000.0,
        "Total Unusual Items": NaN,
        "Total Unusual Items Excluding Goodwill": NaN,
        "Net Income From Continuing Operation Net Minority Interest": -12093000.0,
        "EBITDA": -12286000.0,
        "EBIT": -12286000.0,
        "Normalized Income": -12093000.0,
        "Net Income From Continuing And Discontinued Operation": -12093000.0,
        "Total Expenses": 12286000.0,
        "Total Operating Income As Reported": -12286000.0,
        "Diluted Average Shares": 20185676.0,
        "Basic Average Shares": 20185676.0,
        "Diluted EPS": -0.6,
        "Basic EPS": -0.6,
        "Diluted NI Availto Com Stockholders": -12093000.0,
        "Net Income Common Stockholders": -12093000.0,
        "Net Income": -12093000.0,
        "Net Income Including Noncontrolling Interests": -12093000.0,
        "Net Income Continuous Operations": -12093000.0,
        "Pretax Income": -12093000.0,
        "Other Income Expense": 193000.0,
        "Other Non Operating Income Expenses": 193000.0,
        "Special Income Charges": NaN,
        "Impairment Of Capital Assets": NaN,
        "Operating Income": -12286000.0,
        "Operating Expense": 12286000.0,
        "Research And Development": 10067000.0,
        "Selling General And Administration": 2219000.0,
        "General And Administrative Expense": 2219000.0,
        "Other Gand A": 2219000.0,
        "Total Revenue": 0.0,
        "Operating Revenue": 0.0
    },
    "2024-12-31": {
        "Tax Effect Of Unusual Items": 0.0,
        "Tax Rate For Calcs": 0.0,
        "Normalized EBITDA": -9467000.0,
        "Total Unusual Items": NaN,
        "Total Unusual Items Excluding Goodwill": NaN,
        "Net Income From Continuing Operation Net Minority Interest": -9218000.0,
        "EBITDA": -9467000.0,
        "EBIT": -9467000.0,
        "Normalized Income": -9218000.0,
        "Net Income From Continuing And Discontinued Operation": -9218000.0,
        "Total Expenses": 9467000.0,
        "Total Operating Income As Reported": -9467000.0,
        "Diluted Average Shares": NaN,
        "Basic Average Shares": NaN,
        "Diluted EPS": NaN,
        "Basic EPS": NaN,
        "Diluted NI Availto Com Stockholders": -9218000.0,
        "Net Income Common Stockholders": -9218000.0,
        "Net Income": -9218000.0,
        "Net Income Including Noncontrolling Interests": -9218000.0,
        "Net Income Continuous Operations": -9218000.0,
        "Pretax Income": -9218000.0,
        "Other Income Expense": 249000.0,
        "Other Non Operating Income Expenses": 249000.0,
        "Special Income Charges": NaN,
        "Impairment Of Capital Assets": NaN,
        "Operating Income": -9467000.0,
        "Operating Expense": 9467000.0,
        "Research And Development": 7353000.0,
        "Selling General And Administration": 2114000.0,
        "General And Administrative Expense": 2114000.0,
        "Other Gand A": 2114000.0,
        "Total Revenue": 0.0,
        "Operating Revenue": 0.0
    },
    "2025-03-31": {
        "Tax Effect Of Unusual Items": 0.0,
        "Tax Rate For Calcs": 0.0,
        "Normalized EBITDA": -9905000.0,
        "Total Unusual Items": NaN,
        "Total Unusual Items Excluding Goodwill": NaN,
        "Net Income From Continuing Operation Net Minority Interest": -9739000.0,
        "EBITDA": -9905000.0,
        "EBIT": -9905000.0,
        "Normalized Income": -9739000.0,
        "Net Income From Continuing And Discontinued Operation": -9739000.0,
        "Total Expenses": 9955000.0,
        "Total Operating Income As Reported": -9905000.0,
        "Diluted Average Shares": 22496191.0,
        "Basic Average Shares": 22496191.0,
        "Diluted EPS": -0.43,
        "Basic EPS": -0.43,
        "Diluted NI Availto Com Stockholders": -9739000.0,
        "Net Income Common Stockholders": -9739000.0,
        "Net Income": -9739000.0,
        "Net Income Including Noncontrolling Interests": -9739000.0,
        "Net Income Continuous Operations": -9739000.0,
        "Pretax Income": -9739000.0,
        "Other Income Expense": 166000.0,
        "Other Non Operating Income Expenses": 166000.0,
        "Special Income Charges": NaN,
        "Impairment Of Capital Assets": NaN,
        "Operating Income": -9905000.0,
        "Operating Expense": 9955000.0,
        "Research And Development": 7639000.0,
        "Selling General And Administration": 2316000.0,
        "General And Administrative Expense": 2316000.0,
        "Other Gand A": 2316000.0,
        "Total Revenue": 50000.0,
        "Operating Revenue": 50000.0
    },
    "2025-06-30": {
        "Tax Effect Of Unusual Items": 0.0,
        "Tax Rate For Calcs": 0.0,
        "Normalized EBITDA": 8457000.0,
        "Total Unusual Items": -16514000.0,
        "Total Unusual Items Excluding Goodwill": -16514000.0,
        "Net Income From Continuing Operation Net Minority Interest": -24458000.0,
        "EBITDA": -8057000.0,
        "EBIT": -8057000.0,
        "Normalized Income": -7944000.0,
        "Net Income From Continuing And Discontinued Operation": -24458000.0,
        "Total Expenses": 8057000.0,
        "Total Operating Income As Reported": -24571000.0,
        "Diluted Average Shares": 23298455.0,
        "Basic Average Shares": 23298455.0,
        "Diluted EPS": -1.05,
        "Basic EPS": -1.05,
        "Diluted NI Availto Com Stockholders": -24458000.0,
        "Net Income Common Stockholders": -24458000.0,
        "Net Income": -24458000.0,
        "Net Income Including Noncontrolling Interests": -24458000.0,
        "Net Income Continuous Operations": -24458000.0,
        "Pretax Income": -24458000.0,
        "Other Income Expense": -16401000.0,
        "Other Non Operating Income Expenses": 113000.0,
        "Special Income Charges": -16514000.0,
        "Impairment Of Capital Assets": 16514000.0,
        "Operating Income": -8057000.0,
        "Operating Expense": 8057000.0,
        "Research And Development": 5804000.0,
        "Selling General And Administration": 2253000.0,
        "General And Administrative Expense": 2253000.0,
        "Other Gand A": 2253000.0,
        "Total Revenue": 0.0,
        "Operating Revenue": 0.0
    }
}