{
    "2024-09-30": {
        "Tax Effect Of Unusual Items": 0.0,
        "Tax Rate For Calcs": 0.0,
        "Normalized EBITDA": 43699000.0,
        "Total Unusual Items": 29449000.0,
        "Total Unusual Items Excluding Goodwill": 29449000.0,
        "Net Income From Continuing Operation Net Minority Interest": 44789000.0,
        "Reconciled Depreciation": 21067000.0,
        "Reconciled Cost Of Revenue": 36774000.0,
        "EBITDA": 73148000.0,
        "EBIT": 52081000.0,
        "Net Interest Income": -7292000.0,
        "Interest Expense": 7292000.0,
        "Normalized Income": 15340000.0,
        "Net Income From Continuing And Discontinued Operation": 44789000.0,
        "Total Expenses": 46289000.0,
        "Rent Expense Supplemental": 6825000.0,
        "Total Operating Income As Reported": 22953000.0,
        "Diluted Average Shares": 13250000.0,
        "Basic Average Shares": 13250000.0,
        "Diluted EPS": 3.380302,
        "Basic EPS": 3.380302,
        "Diluted NI Availto Com Stockholders": 44789000.0,
        "Net Income Common Stockholders": 44789000.0,
        "Otherunder Preferred Stock Dividend": 0.0,
        "Net Income": 44789000.0,
        "Minority Interests": 0.0,
        "Net Income Including Noncontrolling Interests": 44789000.0,
        "Net Income Continuous Operations": 44789000.0,
        "Tax Provision": 0.0,
        "Pretax Income": 44789000.0,
        "Other Income Expense": 29128000.0,
        "Other Non Operating Income Expenses": -321000.0,
        "Gain On Sale Of Security": 29449000.0,
        "Net Non Operating Interest Income Expense": -7292000.0,
        "Interest Expense Non Operating": 7292000.0,
        "Operating Income": 22953000.0,
        "Operating Expense": 9515000.0,
        "Other Taxes": 383000.0,
        "Selling General And Administration": 9515000.0,
        "General And Administrative Expense": 9515000.0,
        "Other Gand A": 2690000.0,
        "Rent And Landing Fees": 6825000.0,
        "Gross Profit": 32468000.0,
        "Cost Of Revenue": 36774000.0,
        "Total Revenue": 69242000.0,
        "Operating Revenue": 69242000.0
    },
    "2023-12-31": {
        "Tax Effect Of Unusual Items": NaN,
        "Tax Rate For Calcs": NaN,
        "Normalized EBITDA": NaN,
        "Total Unusual Items": NaN,
        "Total Unusual Items Excluding Goodwill": NaN,
        "Net Income From Continuing Operation Net Minority Interest": NaN,
        "Reconciled Depreciation": NaN,
        "Reconciled Cost Of Revenue": NaN,
        "EBITDA": NaN,
        "EBIT": NaN,
        "Net Interest Income": NaN,
        "Interest Expense": NaN,
        "Normalized Income": NaN,
        "Net Income From Continuing And Discontinued Operation": NaN,
        "Total Expenses": NaN,
        "Rent Expense Supplemental": NaN,
        "Total Operating Income As Reported": NaN,
        "Diluted Average Shares": NaN,
        "Basic Average Shares": NaN,
        "Diluted EPS": NaN,
        "Basic EPS": NaN,
        "Diluted NI Availto Com Stockholders": NaN,
        "Net Income Common Stockholders": NaN,
        "Otherunder Preferred Stock Dividend": NaN,
        "Net Income": NaN,
        "Minority Interests": NaN,
        "Net Income Including Noncontrolling Interests": NaN,
        "Net Income Continuous Operations": NaN,
        "Tax Provision": NaN,
        "Pretax Income": NaN,
        "Other Income Expense": NaN,
        "Other Non Operating Income Expenses": NaN,
        "Gain On Sale Of Security": NaN,
        "Net Non Operating Interest Income Expense": NaN,
        "Interest Expense Non Operating": NaN,
        "Operating Income": NaN,
        "Operating Expense": NaN,
        "Other Taxes": 490000.0,
        "Selling General And Administration": NaN,
        "General And Administrative Expense": NaN,
        "Other Gand A": NaN,
        "Rent And Landing Fees": NaN,
        "Gross Profit": NaN,
        "Cost Of Revenue": NaN,
        "Total Revenue": NaN,
        "Operating Revenue": NaN
    },
    "2023-09-30": {
        "Tax Effect Of Unusual Items": NaN,
        "Tax Rate For Calcs": NaN,
        "Normalized EBITDA": NaN,
        "Total Unusual Items": NaN,
        "Total Unusual Items Excluding Goodwill": NaN,
        "Net Income From Continuing Operation Net Minority Interest": NaN,
        "Reconciled Depreciation": NaN,
        "Reconciled Cost Of Revenue": NaN,
        "EBITDA": NaN,
        "EBIT": NaN,
        "Net Interest Income": NaN,
        "Interest Expense": NaN,
        "Normalized Income": NaN,
        "Net Income From Continuing And Discontinued Operation": NaN,
        "Total Expenses": NaN,
        "Rent Expense Supplemental": NaN,
        "Total Operating Income As Reported": NaN,
        "Diluted Average Shares": NaN,
        "Basic Average Shares": NaN,
        "Diluted EPS": NaN,
        "Basic EPS": NaN,
        "Diluted NI Availto Com Stockholders": NaN,
        "Net Income Common Stockholders": NaN,
        "Otherunder Preferred Stock Dividend": NaN,
        "Net Income": NaN,
        "Minority Interests": NaN,
        "Net Income Including Noncontrolling Interests": NaN,
        "Net Income Continuous Operations": NaN,
        "Tax Provision": NaN,
        "Pretax Income": NaN,
        "Other Income Expense": NaN,
        "Other Non Operating Income Expenses": NaN,
        "Gain On Sale Of Security": NaN,
        "Net Non Operating Interest Income Expense": NaN,
        "Interest Expense Non Operating": NaN,
        "Operating Income": NaN,
        "Operating Expense": NaN,
        "Other Taxes": -7000.0,
        "Selling General And Administration": NaN,
        "General And Administrative Expense": NaN,
        "Other Gand A": NaN,
        "Rent And Landing Fees": NaN,
        "Gross Profit": NaN,
        "Cost Of Revenue": NaN,
        "Total Revenue": NaN,
        "Operating Revenue": NaN
    },
    "2024-12-31": {
        "Tax Effect Of Unusual Items": 0.0,
        "Tax Rate For Calcs": 0.0,
        "Normalized EBITDA": 45575000.0,
        "Total Unusual Items": -28444000.0,
        "Total Unusual Items Excluding Goodwill": -28444000.0,
        "Net Income From Continuing Operation Net Minority Interest": 34147000.0,
        "Reconciled Depreciation": 17382000.0,
        "Reconciled Cost Of Revenue": 28627000.0,
        "EBITDA": 17131000.0,
        "EBIT": -251000.0,
        "Net Interest Income": -21307000.0,
        "Interest Expense": 21307000.0,
        "Normalized Income": 62591000.0,
        "Net Income From Continuing And Discontinued Operation": 34147000.0,
        "Total Expenses": 40843000.0,
        "Rent Expense Supplemental": 7439000.0,
        "Total Operating Income As Reported": 28270000.0,
        "Diluted Average Shares": 13250000.0,
        "Basic Average Shares": 13250000.0,
        "Diluted EPS": -0.416377,
        "Basic EPS": -0.416377,
        "Diluted NI Availto Com Stockholders": 34147000.0,
        "Net Income Common Stockholders": 34147000.0,
        "Otherunder Preferred Stock Dividend": NaN,
        "Net Income": 34147000.0,
        "Minority Interests": NaN,
        "Net Income Including Noncontrolling Interests": -18000000.0,
        "Net Income Continuous Operations": -18000000.0,
        "Tax Provision": NaN,
        "Pretax Income": -21558000.0,
        "Other Income Expense": -28521000.0,
        "Other Non Operating Income Expenses": -77000.0,
        "Gain On Sale Of Security": -28444000.0,
        "Net Non Operating Interest Income Expense": -21307000.0,
        "Interest Expense Non Operating": 21307000.0,
        "Operating Income": 28270000.0,
        "Operating Expense": 12216000.0,
        "Other Taxes": NaN,
        "Selling General And Administration": 12216000.0,
        "General And Administrative Expense": 12216000.0,
        "Other Gand A": 4777000.0,
        "Rent And Landing Fees": 7439000.0,
        "Gross Profit": 40486000.0,
        "Cost Of Revenue": 28627000.0,
        "Total Revenue": 69113000.0,
        "Operating Revenue": 69113000.0
    },
    "2025-03-31": {
        "Tax Effect Of Unusual Items": -7815780.0,
        "Tax Rate For Calcs": 0.21,
        "Normalized EBITDA": -66784000.0,
        "Total Unusual Items": -37218000.0,
        "Total Unusual Items Excluding Goodwill": -37218000.0,
        "Net Income From Continuing Operation Net Minority Interest": -24655000.0,
        "Reconciled Depreciation": 21258000.0,
        "Reconciled Cost Of Revenue": 33960000.0,
        "EBITDA": -104002000.0,
        "EBIT": -125260000.0,
        "Net Interest Income": -3067000.0,
        "Interest Expense": 3067000.0,
        "Normalized Income": 4747220.0,
        "Net Income From Continuing And Discontinued Operation": -24655000.0,
        "Total Expenses": 173144000.0,
        "Rent Expense Supplemental": 7434000.0,
        "Total Operating Income As Reported": -87979000.0,
        "Diluted Average Shares": 15237500.0,
        "Basic Average Shares": 15237500.0,
        "Diluted EPS": -2.27,
        "Basic EPS": -2.27,
        "Diluted NI Availto Com Stockholders": -34569000.0,
        "Net Income Common Stockholders": -34569000.0,
        "Otherunder Preferred Stock Dividend": 9914000.0,
        "Net Income": -24655000.0,
        "Minority Interests": 103707000.0,
        "Net Income Including Noncontrolling Interests": -128362000.0,
        "Net Income Continuous Operations": -128362000.0,
        "Tax Provision": 35000.0,
        "Pretax Income": -128327000.0,
        "Other Income Expense": -37281000.0,
        "Other Non Operating Income Expenses": -63000.0,
        "Gain On Sale Of Security": -37218000.0,
        "Net Non Operating Interest Income Expense": -3067000.0,
        "Interest Expense Non Operating": 3067000.0,
        "Operating Income": -87979000.0,
        "Operating Expense": 139184000.0,
        "Other Taxes": NaN,
        "Selling General And Administration": 139184000.0,
        "General And Administrative Expense": 139184000.0,
        "Other Gand A": 131750000.0,
        "Rent And Landing Fees": 7434000.0,
        "Gross Profit": 51205000.0,
        "Cost Of Revenue": 33960000.0,
        "Total Revenue": 85165000.0,
        "Operating Revenue": 85165000.0
    },
    "2024-06-30": {
        "Tax Effect Of Unusual Items": NaN,
        "Tax Rate For Calcs": NaN,
        "Normalized EBITDA": NaN,
        "Total Unusual Items": NaN,
        "Total Unusual Items Excluding Goodwill": NaN,
        "Net Income From Continuing Operation Net Minority Interest": NaN,
        "Reconciled Depreciation": NaN,
        "Reconciled Cost Of Revenue": NaN,
        "EBITDA": NaN,
        "EBIT": NaN,
        "Net Interest Income": NaN,
        "Interest Expense": NaN,
        "Normalized Income": NaN,
        "Net Income From Continuing And Discontinued Operation": NaN,
        "Total Expenses": NaN,
        "Rent Expense Supplemental": NaN,
        "Total Operating Income As Reported": NaN,
        "Diluted Average Shares": NaN,
        "Basic Average Shares": NaN,
        "Diluted EPS": NaN,
        "Basic EPS": NaN,
        "Diluted NI Availto Com Stockholders": NaN,
        "Net Income Common Stockholders": NaN,
        "Otherunder Preferred Stock Dividend": 0.0,
        "Net Income": NaN,
        "Minority Interests": 0.0,
        "Net Income Including Noncontrolling Interests": NaN,
        "Net Income Continuous Operations": NaN,
        "Tax Provision": 0.0,
        "Pretax Income": NaN,
        "Other Income Expense": NaN,
        "Other Non Operating Income Expenses": NaN,
        "Gain On Sale Of Security": NaN,
        "Net Non Operating Interest Income Expense": NaN,
        "Interest Expense Non Operating": NaN,
        "Operating Income": NaN,
        "Operating Expense": NaN,
        "Other Taxes": NaN,
        "Selling General And Administration": NaN,
        "General And Administrative Expense": NaN,
        "Other Gand A": NaN,
        "Rent And Landing Fees": NaN,
        "Gross Profit": NaN,
        "Cost Of Revenue": NaN,
        "Total Revenue": NaN,
        "Operating Revenue": NaN
    },
    "2024-03-31": {
        "Tax Effect Of Unusual Items": NaN,
        "Tax Rate For Calcs": NaN,
        "Normalized EBITDA": NaN,
        "Total Unusual Items": NaN,
        "Total Unusual Items Excluding Goodwill": NaN,
        "Net Income From Continuing Operation Net Minority Interest": NaN,
        "Reconciled Depreciation": NaN,
        "Reconciled Cost Of Revenue": NaN,
        "EBITDA": NaN,
        "EBIT": NaN,
        "Net Interest Income": NaN,
        "Interest Expense": NaN,
        "Normalized Income": NaN,
        "Net Income From Continuing And Discontinued Operation": NaN,
        "Total Expenses": NaN,
        "Rent Expense Supplemental": NaN,
        "Total Operating Income As Reported": NaN,
        "Diluted Average Shares": 59051389.0,
        "Basic Average Shares": 13250000.0,
        "Diluted EPS": -1.06083,
        "Basic EPS": -1.06083,
        "Diluted NI Availto Com Stockholders": NaN,
        "Net Income Common Stockholders": NaN,
        "Otherunder Preferred Stock Dividend": NaN,
        "Net Income": NaN,
        "Minority Interests": NaN,
        "Net Income Including Noncontrolling Interests": NaN,
        "Net Income Continuous Operations": NaN,
        "Tax Provision": 0.0,
        "Pretax Income": NaN,
        "Other Income Expense": NaN,
        "Other Non Operating Income Expenses": NaN,
        "Gain On Sale Of Security": NaN,
        "Net Non Operating Interest Income Expense": NaN,
        "Interest Expense Non Operating": NaN,
        "Operating Income": NaN,
        "Operating Expense": NaN,
        "Other Taxes": NaN,
        "Selling General And Administration": NaN,
        "General And Administrative Expense": NaN,
        "Other Gand A": NaN,
        "Rent And Landing Fees": NaN,
        "Gross Profit": NaN,
        "Cost Of Revenue": NaN,
        "Total Revenue": NaN,
        "Operating Revenue": NaN
    },
    "2025-06-30": {
        "Tax Effect Of Unusual Items": 10945410.0,
        "Tax Rate For Calcs": 0.21,
        "Normalized EBITDA": 44238000.0,
        "Total Unusual Items": 52121000.0,
        "Total Unusual Items Excluding Goodwill": 52121000.0,
        "Net Income From Continuing Operation Net Minority Interest": 17988000.0,
        "Reconciled Depreciation": 23634000.0,
        "Reconciled Cost Of Revenue": 41238000.0,
        "EBITDA": 96359000.0,
        "EBIT": 72725000.0,
        "Net Interest Income": -1360000.0,
        "Interest Expense": 1360000.0,
        "Normalized Income": -23187590.0,
        "Net Income From Continuing And Discontinued Operation": 17988000.0,
        "Total Expenses": 52797000.0,
        "Rent Expense Supplemental": 6294000.0,
        "Total Operating Income As Reported": 21679000.0,
        "Diluted Average Shares": 15237500.0,
        "Basic Average Shares": 15237500.0,
        "Diluted EPS": 1.18,
        "Basic EPS": 1.18,
        "Diluted NI Availto Com Stockholders": 17988000.0,
        "Net Income Common Stockholders": 17988000.0,
        "Otherunder Preferred Stock Dividend": 0.0,
        "Net Income": 17988000.0,
        "Minority Interests": -53966000.0,
        "Net Income Including Noncontrolling Interests": 71953000.0,
        "Net Income Continuous Operations": 71953000.0,
        "Tax Provision": -588000.0,
        "Pretax Income": 71365000.0,
        "Other Income Expense": 51046000.0,
        "Other Non Operating Income Expenses": -1075000.0,
        "Gain On Sale Of Security": 52121000.0,
        "Net Non Operating Interest Income Expense": -1360000.0,
        "Interest Expense Non Operating": 1360000.0,
        "Operating Income": 21679000.0,
        "Operating Expense": 11559000.0,
        "Other Taxes": NaN,
        "Selling General And Administration": 11559000.0,
        "General And Administrative Expense": 11559000.0,
        "Other Gand A": 5265000.0,
        "Rent And Landing Fees": 6294000.0,
        "Gross Profit": 33238000.0,
        "Cost Of Revenue": 41238000.0,
        "Total Revenue": 74476000.0,
        "Operating Revenue": 74476000.0
    },
    "2025-09-30": {
        "Tax Effect Of Unusual Items": 3202500.0,
        "Tax Rate For Calcs": 0.21,
        "Normalized EBITDA": 51268000.0,
        "Total Unusual Items": 15250000.0,
        "Total Unusual Items Excluding Goodwill": 15250000.0,
        "Net Income From Continuing Operation Net Minority Interest": 10404000.0,
        "Reconciled Depreciation": 27597000.0,
        "Reconciled Cost Of Revenue": 41115000.0,
        "EBITDA": 66518000.0,
        "EBIT": 38921000.0,
        "Net Interest Income": -2290000.0,
        "Interest Expense": 2290000.0,
        "Normalized Income": -1643500.0,
        "Net Income From Continuing And Discontinued Operation": 10404000.0,
        "Total Expenses": 55823000.0,
        "Rent Expense Supplemental": 6655000.0,
        "Total Operating Income As Reported": 23903000.0,
        "Diluted Average Shares": 15895944.0,
        "Basic Average Shares": 15433443.0,
        "Diluted EPS": 0.65,
        "Basic EPS": 0.67,
        "Diluted NI Availto Com Stockholders": 10404000.0,
        "Net Income Common Stockholders": 10404000.0,
        "Otherunder Preferred Stock Dividend": 0.0,
        "Net Income": 10404000.0,
        "Minority Interests": -29610000.0,
        "Net Income Including Noncontrolling Interests": 40014000.0,
        "Net Income Continuous Operations": 40014000.0,
        "Tax Provision": -3383000.0,
        "Pretax Income": 36631000.0,
        "Other Income Expense": 15018000.0,
        "Other Non Operating Income Expenses": -232000.0,
        "Gain On Sale Of Security": 15250000.0,
        "Net Non Operating Interest Income Expense": -2290000.0,
        "Interest Expense Non Operating": 2290000.0,
        "Operating Income": 23903000.0,
        "Operating Expense": 14708000.0,
        "Other Taxes": NaN,
        "Selling General And Administration": 14708000.0,
        "General And Administrative Expense": 14708000.0,
        "Other Gand A": 8053000.0,
        "Rent And Landing Fees": 6655000.0,
        "Gross Profit": 38611000.0,
        "Cost Of Revenue": 41115000.0,
        "Total Revenue": 79726000.0,
        "Operating Revenue": 79726000.0
    }
}