{
    "2023-03-31": {
        "Tax Effect Of Unusual Items": NaN,
        "Tax Rate For Calcs": NaN,
        "Normalized EBITDA": NaN,
        "Total Unusual Items": NaN,
        "Total Unusual Items Excluding Goodwill": NaN,
        "Net Income From Continuing Operation Net Minority Interest": NaN,
        "Reconciled Depreciation": NaN,
        "Reconciled Cost Of Revenue": NaN,
        "EBITDA": NaN,
        "EBIT": NaN,
        "Net Interest Income": NaN,
        "Interest Expense": NaN,
        "Interest Income": NaN,
        "Normalized Income": NaN,
        "Net Income From Continuing And Discontinued Operation": NaN,
        "Total Expenses": NaN,
        "Total Operating Income As Reported": NaN,
        "Diluted Average Shares": 136355000.0,
        "Basic Average Shares": 136355000.0,
        "Diluted EPS": -1.17,
        "Basic EPS": -1.17,
        "Diluted NI Availto Com Stockholders": NaN,
        "Net Income Common Stockholders": NaN,
        "Net Income": NaN,
        "Net Income Including Noncontrolling Interests": NaN,
        "Net Income Continuous Operations": NaN,
        "Tax Provision": NaN,
        "Pretax Income": NaN,
        "Other Income Expense": NaN,
        "Other Non Operating Income Expenses": NaN,
        "Special Income Charges": NaN,
        "Restructuring And Mergern Acquisition": NaN,
        "Gain On Sale Of Security": NaN,
        "Net Non Operating Interest Income Expense": NaN,
        "Total Other Finance Cost": NaN,
        "Interest Expense Non Operating": NaN,
        "Interest Income Non Operating": NaN,
        "Operating Income": NaN,
        "Operating Expense": NaN,
        "Depreciation Amortization Depletion Income Statement": NaN,
        "Depreciation And Amortization In Income Statement": NaN,
        "Amortization": NaN,
        "Amortization Of Intangibles Income Statement": NaN,
        "Research And Development": NaN,
        "Selling General And Administration": NaN,
        "General And Administrative Expense": NaN,
        "Other Gand A": NaN,
        "Salaries And Wages": NaN,
        "Gross Profit": NaN,
        "Cost Of Revenue": NaN,
        "Total Revenue": NaN,
        "Operating Revenue": NaN
    },
    "2022-12-31": {
        "Tax Effect Of Unusual Items": NaN,
        "Tax Rate For Calcs": NaN,
        "Normalized EBITDA": NaN,
        "Total Unusual Items": NaN,
        "Total Unusual Items Excluding Goodwill": NaN,
        "Net Income From Continuing Operation Net Minority Interest": NaN,
        "Reconciled Depreciation": NaN,
        "Reconciled Cost Of Revenue": NaN,
        "EBITDA": NaN,
        "EBIT": NaN,
        "Net Interest Income": NaN,
        "Interest Expense": NaN,
        "Interest Income": NaN,
        "Normalized Income": NaN,
        "Net Income From Continuing And Discontinued Operation": NaN,
        "Total Expenses": NaN,
        "Total Operating Income As Reported": NaN,
        "Diluted Average Shares": 132694000.0,
        "Basic Average Shares": 132694000.0,
        "Diluted EPS": -1.21,
        "Basic EPS": -1.21,
        "Diluted NI Availto Com Stockholders": NaN,
        "Net Income Common Stockholders": NaN,
        "Net Income": NaN,
        "Net Income Including Noncontrolling Interests": NaN,
        "Net Income Continuous Operations": NaN,
        "Tax Provision": NaN,
        "Pretax Income": NaN,
        "Other Income Expense": NaN,
        "Other Non Operating Income Expenses": NaN,
        "Special Income Charges": NaN,
        "Restructuring And Mergern Acquisition": NaN,
        "Gain On Sale Of Security": NaN,
        "Net Non Operating Interest Income Expense": NaN,
        "Total Other Finance Cost": NaN,
        "Interest Expense Non Operating": NaN,
        "Interest Income Non Operating": NaN,
        "Operating Income": NaN,
        "Operating Expense": NaN,
        "Depreciation Amortization Depletion Income Statement": NaN,
        "Depreciation And Amortization In Income Statement": NaN,
        "Amortization": NaN,
        "Amortization Of Intangibles Income Statement": NaN,
        "Research And Development": NaN,
        "Selling General And Administration": NaN,
        "General And Administrative Expense": NaN,
        "Other Gand A": NaN,
        "Salaries And Wages": NaN,
        "Gross Profit": NaN,
        "Cost Of Revenue": NaN,
        "Total Revenue": NaN,
        "Operating Revenue": NaN
    },
    "2022-09-30": {
        "Tax Effect Of Unusual Items": 716400.0,
        "Tax Rate For Calcs": 0.4,
        "Normalized EBITDA": -127097000.0,
        "Total Unusual Items": 1791000.0,
        "Total Unusual Items Excluding Goodwill": 1791000.0,
        "Net Income From Continuing Operation Net Minority Interest": -131145000.0,
        "Reconciled Depreciation": 2114000.0,
        "Reconciled Cost Of Revenue": 12620000.0,
        "EBITDA": -125306000.0,
        "EBIT": -127420000.0,
        "Net Interest Income": -3353000.0,
        "Interest Expense": 3353000.0,
        "Interest Income": NaN,
        "Normalized Income": -132219600.0,
        "Net Income From Continuing And Discontinued Operation": -131145000.0,
        "Total Expenses": 195427000.0,
        "Total Operating Income As Reported": -127697000.0,
        "Diluted Average Shares": 120789000.0,
        "Basic Average Shares": 120789000.0,
        "Diluted EPS": -1.09,
        "Basic EPS": -1.09,
        "Diluted NI Availto Com Stockholders": -131145000.0,
        "Net Income Common Stockholders": -131145000.0,
        "Net Income": -131145000.0,
        "Net Income Including Noncontrolling Interests": -131145000.0,
        "Net Income Continuous Operations": -131145000.0,
        "Tax Provision": 372000.0,
        "Pretax Income": -130773000.0,
        "Other Income Expense": 277000.0,
        "Other Non Operating Income Expenses": -1514000.0,
        "Special Income Charges": 0.0,
        "Restructuring And Mergern Acquisition": 5238000.0,
        "Gain On Sale Of Security": 1791000.0,
        "Net Non Operating Interest Income Expense": -3353000.0,
        "Total Other Finance Cost": NaN,
        "Interest Expense Non Operating": 3353000.0,
        "Interest Income Non Operating": NaN,
        "Operating Income": -127697000.0,
        "Operating Expense": 181956000.0,
        "Depreciation Amortization Depletion Income Statement": 1263000.0,
        "Depreciation And Amortization In Income Statement": 1263000.0,
        "Amortization": 1263000.0,
        "Amortization Of Intangibles Income Statement": 1263000.0,
        "Research And Development": 99872000.0,
        "Selling General And Administration": 80821000.0,
        "General And Administrative Expense": 80821000.0,
        "Other Gand A": 44351000.0,
        "Salaries And Wages": 36470000.0,
        "Gross Profit": 54259000.0,
        "Cost Of Revenue": 13471000.0,
        "Total Revenue": 67730000.0,
        "Operating Revenue": 67730000.0
    },
    "2022-06-30": {
        "Tax Effect Of Unusual Items": 334000.0,
        "Tax Rate For Calcs": 0.4,
        "Normalized EBITDA": -91222000.0,
        "Total Unusual Items": 835000.0,
        "Total Unusual Items Excluding Goodwill": 835000.0,
        "Net Income From Continuing Operation Net Minority Interest": -95645000.0,
        "Reconciled Depreciation": 2221000.0,
        "Reconciled Cost Of Revenue": 15437000.0,
        "EBITDA": -90387000.0,
        "EBIT": -92608000.0,
        "Net Interest Income": -3357000.0,
        "Interest Expense": 2536000.0,
        "Interest Income": NaN,
        "Normalized Income": -96146000.0,
        "Net Income From Continuing And Discontinued Operation": -95645000.0,
        "Total Expenses": 153537000.0,
        "Total Operating Income As Reported": -88316000.0,
        "Diluted Average Shares": 119602000.0,
        "Basic Average Shares": 119602000.0,
        "Diluted EPS": -0.8,
        "Basic EPS": -0.8,
        "Diluted NI Availto Com Stockholders": -95645000.0,
        "Net Income Common Stockholders": -95645000.0,
        "Net Income": -95645000.0,
        "Net Income Including Noncontrolling Interests": -95645000.0,
        "Net Income Continuous Operations": -95645000.0,
        "Tax Provision": 501000.0,
        "Pretax Income": -95144000.0,
        "Other Income Expense": -3471000.0,
        "Other Non Operating Income Expenses": -4306000.0,
        "Special Income Charges": 0.0,
        "Restructuring And Mergern Acquisition": -12622000.0,
        "Gain On Sale Of Security": 835000.0,
        "Net Non Operating Interest Income Expense": -3357000.0,
        "Total Other Finance Cost": 821000.0,
        "Interest Expense Non Operating": 2536000.0,
        "Interest Income Non Operating": NaN,
        "Operating Income": -88316000.0,
        "Operating Expense": 137142000.0,
        "Depreciation Amortization Depletion Income Statement": 1263000.0,
        "Depreciation And Amortization In Income Statement": 1263000.0,
        "Amortization": 1263000.0,
        "Amortization Of Intangibles Income Statement": 1263000.0,
        "Research And Development": 88527000.0,
        "Selling General And Administration": 47352000.0,
        "General And Administrative Expense": 47352000.0,
        "Other Gand A": 30315000.0,
        "Salaries And Wages": 17037000.0,
        "Gross Profit": 48826000.0,
        "Cost Of Revenue": 16395000.0,
        "Total Revenue": 65221000.0,
        "Operating Revenue": 65221000.0
    },
    "2023-06-30": {
        "Tax Effect Of Unusual Items": NaN,
        "Tax Rate For Calcs": NaN,
        "Normalized EBITDA": NaN,
        "Total Unusual Items": NaN,
        "Total Unusual Items Excluding Goodwill": NaN,
        "Net Income From Continuing Operation Net Minority Interest": NaN,
        "Reconciled Depreciation": NaN,
        "Reconciled Cost Of Revenue": NaN,
        "EBITDA": NaN,
        "EBIT": NaN,
        "Net Interest Income": NaN,
        "Interest Expense": NaN,
        "Interest Income": NaN,
        "Normalized Income": NaN,
        "Net Income From Continuing And Discontinued Operation": NaN,
        "Total Expenses": NaN,
        "Total Operating Income As Reported": NaN,
        "Diluted Average Shares": 137553000.0,
        "Basic Average Shares": 137553000.0,
        "Diluted EPS": -1.78,
        "Basic EPS": -1.78,
        "Diluted NI Availto Com Stockholders": NaN,
        "Net Income Common Stockholders": NaN,
        "Net Income": NaN,
        "Net Income Including Noncontrolling Interests": NaN,
        "Net Income Continuous Operations": NaN,
        "Tax Provision": NaN,
        "Pretax Income": NaN,
        "Other Income Expense": NaN,
        "Other Non Operating Income Expenses": NaN,
        "Special Income Charges": NaN,
        "Restructuring And Mergern Acquisition": NaN,
        "Gain On Sale Of Security": NaN,
        "Net Non Operating Interest Income Expense": NaN,
        "Total Other Finance Cost": NaN,
        "Interest Expense Non Operating": NaN,
        "Interest Income Non Operating": NaN,
        "Operating Income": NaN,
        "Operating Expense": NaN,
        "Depreciation Amortization Depletion Income Statement": NaN,
        "Depreciation And Amortization In Income Statement": NaN,
        "Amortization": NaN,
        "Amortization Of Intangibles Income Statement": NaN,
        "Research And Development": NaN,
        "Selling General And Administration": NaN,
        "General And Administrative Expense": NaN,
        "Other Gand A": NaN,
        "Salaries And Wages": NaN,
        "Gross Profit": NaN,
        "Cost Of Revenue": NaN,
        "Total Revenue": NaN,
        "Operating Revenue": NaN
    },
    "2022-03-31": {
        "Diluted EPS": -0.8,
        "Total Revenue": 53,
        "Gross Profit": 41,
        "Operating Income": -90,
        "EBIT": -86,
        "Net Income": -95
    },
    "2021-12-31": {
        "Diluted EPS": -0.96,
        "Total Revenue": 56,
        "Gross Profit": 43,
        "Operating Income": -99,
        "EBIT": -86,
        "Net Income": -113
    },
    "2021-09-30": {
        "Diluted EPS": -0.96,
        "Total Revenue": 47,
        "Gross Profit": 37,
        "Operating Income": -104,
        "EBIT": -91,
        "Net Income": -113
    },
    "2021-06-30": {
        "Diluted EPS": -1.07,
        "Total Revenue": 45,
        "Gross Profit": 35,
        "Operating Income": -89,
        "EBIT": -77,
        "Net Income": -117
    },
    "2021-03-31": {
        "Diluted EPS": -0.89,
        "Total Revenue": 40,
        "Gross Profit": 30,
        "Operating Income": -84,
        "EBIT": -75,
        "Net Income": -92
    },
    "2020-12-31": {
        "Diluted EPS": -1.0,
        "Total Revenue": 41,
        "Gross Profit": 31,
        "Operating Income": -95,
        "EBIT": -86,
        "Net Income": -102
    },
    "2020-09-30": {
        "Diluted EPS": -0.63,
        "Total Revenue": 44,
        "Gross Profit": 33,
        "Operating Income": -56,
        "EBIT": -47,
        "Net Income": -64
    },
    "2020-06-30": {
        "Diluted EPS": -0.64,
        "Total Revenue": 42,
        "Gross Profit": 33,
        "Operating Income": -54,
        "EBIT": -45,
        "Net Income": -62
    },
    "2020-03-31": {
        "Diluted EPS": -0.74,
        "Total Revenue": 37,
        "Gross Profit": 28,
        "Operating Income": -60,
        "EBIT": -51,
        "Net Income": -66
    },
    "2019-12-31": {
        "Diluted EPS": -0.56,
        "Total Revenue": 46,
        "Gross Profit": 37,
        "Operating Income": -47,
        "EBIT": -39,
        "Net Income": -53
    },
    "2019-09-30": {
        "Diluted EPS": -0.68,
        "Total Revenue": 39,
        "Gross Profit": 32,
        "Operating Income": -56,
        "EBIT": -49,
        "Net Income": -61
    },
    "2019-06-30": {
        "Diluted EPS": -0.81,
        "Total Revenue": 30,
        "Gross Profit": 25,
        "Operating Income": -62,
        "EBIT": -55,
        "Net Income": -67
    },
    "2019-03-31": {
        "Diluted EPS": -0.96,
        "Total Revenue": 22,
        "Gross Profit": 18,
        "Operating Income": -70,
        "EBIT": -62,
        "Net Income": -74
    },
    "2018-12-31": {
        "Diluted EPS": -1.19,
        "Total Revenue": NaN,
        "Gross Profit": NaN,
        "Operating Income": -98,
        "EBIT": -91,
        "Net Income": -92
    },
    "2018-09-30": {
        "Diluted EPS": -1.14,
        "Total Revenue": NaN,
        "Gross Profit": NaN,
        "Operating Income": -84,
        "EBIT": -78,
        "Net Income": -88
    },
    "2018-06-30": {
        "Diluted EPS": -1.0,
        "Total Revenue": NaN,
        "Gross Profit": NaN,
        "Operating Income": -73,
        "EBIT": -67,
        "Net Income": -76
    },
    "2018-03-31": {
        "Diluted EPS": -0.89,
        "Total Revenue": NaN,
        "Gross Profit": NaN,
        "Operating Income": -63,
        "EBIT": -59,
        "Net Income": -69
    },
    "2017-12-31": {
        "Diluted EPS": -0.88,
        "Total Revenue": NaN,
        "Gross Profit": NaN,
        "Operating Income": -65,
        "EBIT": -64,
        "Net Income": -65
    },
    "2017-09-30": {
        "Diluted EPS": -0.69,
        "Total Revenue": NaN,
        "Gross Profit": NaN,
        "Operating Income": -44,
        "EBIT": -43,
        "Net Income": -45
    },
    "2017-06-30": {
        "Diluted EPS": -0.72,
        "Total Revenue": NaN,
        "Gross Profit": NaN,
        "Operating Income": -44,
        "EBIT": -43,
        "Net Income": -45
    },
    "2017-03-31": {
        "Diluted EPS": -0.6,
        "Total Revenue": NaN,
        "Gross Profit": NaN,
        "Operating Income": -36,
        "EBIT": -35,
        "Net Income": -37
    },
    "2016-12-31": {
        "Diluted EPS": -1.11,
        "Total Revenue": NaN,
        "Gross Profit": NaN,
        "Operating Income": -67,
        "EBIT": -66,
        "Net Income": -68
    },
    "2016-09-30": {
        "Diluted EPS": -0.61,
        "Total Revenue": NaN,
        "Gross Profit": NaN,
        "Operating Income": -37,
        "EBIT": -36,
        "Net Income": -38
    },
    "2016-06-30": {
        "Diluted EPS": -0.59,
        "Total Revenue": NaN,
        "Gross Profit": NaN,
        "Operating Income": -36,
        "EBIT": -36,
        "Net Income": -37
    },
    "2016-03-31": {
        "Diluted EPS": -0.54,
        "Total Revenue": NaN,
        "Gross Profit": NaN,
        "Operating Income": -33,
        "EBIT": -33,
        "Net Income": -34
    },
    "2015-12-31": {
        "Diluted EPS": -0.5,
        "Total Revenue": NaN,
        "Gross Profit": NaN,
        "Operating Income": -33,
        "EBIT": -32,
        "Net Income": -31
    },
    "2015-09-30": {
        "Diluted EPS": -0.5,
        "Total Revenue": NaN,
        "Gross Profit": NaN,
        "Operating Income": -30,
        "EBIT": -30,
        "Net Income": -31
    },
    "2015-06-30": {
        "Diluted EPS": -0.47,
        "Total Revenue": NaN,
        "Gross Profit": NaN,
        "Operating Income": -28,
        "EBIT": -27,
        "Net Income": -29
    },
    "2015-03-31": {
        "Diluted EPS": -0.55,
        "Total Revenue": NaN,
        "Gross Profit": NaN,
        "Operating Income": -27,
        "EBIT": -26,
        "Net Income": -27
    },
    "2014-12-31": {
        "Diluted EPS": -0.35,
        "Total Revenue": NaN,
        "Gross Profit": NaN,
        "Operating Income": -23,
        "EBIT": -23,
        "Net Income": -18
    },
    "2014-09-30": {
        "Diluted EPS": -0.54,
        "Total Revenue": NaN,
        "Gross Profit": NaN,
        "Operating Income": -23,
        "EBIT": -23,
        "Net Income": -24
    },
    "2014-06-30": {
        "Diluted EPS": -0.59,
        "Total Revenue": NaN,
        "Gross Profit": NaN,
        "Operating Income": -23,
        "EBIT": -23,
        "Net Income": -23
    },
    "2014-03-31": {
        "Diluted EPS": -0.36,
        "Total Revenue": NaN,
        "Gross Profit": NaN,
        "Operating Income": -18,
        "EBIT": -18,
        "Net Income": -14
    },
    "2013-12-31": {
        "Diluted EPS": -0.43,
        "Total Revenue": NaN,
        "Gross Profit": NaN,
        "Operating Income": -16,
        "EBIT": -15,
        "Net Income": -16
    },
    "2013-09-30": {
        "Diluted EPS": -0.46,
        "Total Revenue": NaN,
        "Gross Profit": NaN,
        "Operating Income": -17,
        "EBIT": -17,
        "Net Income": -17
    },
    "2013-06-30": {
        "Diluted EPS": -0.28,
        "Total Revenue": 12,
        "Gross Profit": 12,
        "Operating Income": -8,
        "EBIT": -8,
        "Net Income": -9
    },
    "2013-03-31": {
        "Diluted EPS": -0.43,
        "Total Revenue": NaN,
        "Gross Profit": NaN,
        "Operating Income": -14,
        "EBIT": -14,
        "Net Income": -14
    },
    "2012-12-31": {
        "Diluted EPS": -0.51,
        "Total Revenue": NaN,
        "Gross Profit": NaN,
        "Operating Income": -16,
        "EBIT": -16,
        "Net Income": -15
    },
    "2012-09-30": {
        "Diluted EPS": -0.38,
        "Total Revenue": NaN,
        "Gross Profit": NaN,
        "Operating Income": -9,
        "EBIT": -9,
        "Net Income": -9
    },
    "2012-06-30": {
        "Diluted EPS": -0.39,
        "Total Revenue": NaN,
        "Gross Profit": NaN,
        "Operating Income": -10,
        "EBIT": -10,
        "Net Income": -10
    },
    "2012-03-31": {
        "Diluted EPS": -0.28,
        "Total Revenue": NaN,
        "Gross Profit": NaN,
        "Operating Income": -7,
        "EBIT": -7,
        "Net Income": -7
    },
    "2011-12-31": {
        "Diluted EPS": -0.31,
        "Total Revenue": 1,
        "Gross Profit": 1,
        "Operating Income": -9,
        "EBIT": -9,
        "Net Income": -8
    },
    "2011-09-30": {
        "Diluted EPS": -1.39,
        "Total Revenue": 0,
        "Gross Profit": 0,
        "Operating Income": -35,
        "EBIT": -35,
        "Net Income": -35
    },
    "2011-06-30": {
        "Diluted EPS": -0.4,
        "Total Revenue": 1,
        "Gross Profit": 1,
        "Operating Income": -10,
        "EBIT": -10,
        "Net Income": -10
    },
    "2011-03-31": {
        "Diluted EPS": -0.85,
        "Total Revenue": 2,
        "Gross Profit": 2,
        "Operating Income": -7,
        "EBIT": -7,
        "Net Income": -16
    },
    "2010-12-31": {
        "Diluted EPS": -0.44,
        "Total Revenue": 1,
        "Gross Profit": 1,
        "Operating Income": -6,
        "EBIT": -6,
        "Net Income": -6
    },
    "2010-09-30": {
        "Diluted EPS": -0.03,
        "Total Revenue": 2,
        "Gross Profit": 2,
        "Operating Income": -1,
        "EBIT": -1,
        "Net Income": 0
    },
    "2010-06-30": {
        "Diluted EPS": -0.03,
        "Total Revenue": 2,
        "Gross Profit": 2,
        "Operating Income": -1,
        "EBIT": -1,
        "Net Income": 0
    },
    "2010-03-31": {
        "Diluted EPS": 0.01,
        "Total Revenue": 2,
        "Gross Profit": 2,
        "Operating Income": 0,
        "EBIT": 0,
        "Net Income": 0
    },
    "2009-12-31": {
        "Diluted EPS": -0.2,
        "Total Revenue": 2,
        "Gross Profit": 2,
        "Operating Income": 0,
        "EBIT": 0,
        "Net Income": 2
    },
    "2009-09-30": {
        "Diluted EPS": 0.0,
        "Total Revenue": 2,
        "Gross Profit": 2,
        "Operating Income": -1,
        "EBIT": -1,
        "Net Income": 0
    },
    "2009-06-30": {
        "Diluted EPS": -0.1,
        "Total Revenue": 3,
        "Gross Profit": 3,
        "Operating Income": -1,
        "EBIT": -1,
        "Net Income": -2
    },
    "2009-03-31": {
        "Diluted EPS": 9.6,
        "Total Revenue": 2,
        "Gross Profit": 2,
        "Operating Income": -7,
        "EBIT": -7,
        "Net Income": 118
    },
    "2023-09-30": {
        "Tax Effect Of Unusual Items": NaN,
        "Tax Rate For Calcs": NaN,
        "Normalized EBITDA": NaN,
        "Total Unusual Items": NaN,
        "Total Unusual Items Excluding Goodwill": NaN,
        "Net Income From Continuing Operation Net Minority Interest": NaN,
        "Reconciled Depreciation": NaN,
        "Reconciled Cost Of Revenue": NaN,
        "EBITDA": NaN,
        "EBIT": NaN,
        "Net Interest Income": NaN,
        "Interest Expense": NaN,
        "Interest Income": NaN,
        "Normalized Income": NaN,
        "Net Income From Continuing And Discontinued Operation": NaN,
        "Total Expenses": NaN,
        "Total Operating Income As Reported": NaN,
        "Diluted Average Shares": 142899000.0,
        "Basic Average Shares": 142899000.0,
        "Diluted EPS": -1.11,
        "Basic EPS": -1.11,
        "Diluted NI Availto Com Stockholders": NaN,
        "Net Income Common Stockholders": NaN,
        "Net Income": NaN,
        "Net Income Including Noncontrolling Interests": NaN,
        "Net Income Continuous Operations": NaN,
        "Tax Provision": NaN,
        "Pretax Income": NaN,
        "Other Income Expense": NaN,
        "Other Non Operating Income Expenses": NaN,
        "Special Income Charges": NaN,
        "Restructuring And Mergern Acquisition": NaN,
        "Gain On Sale Of Security": NaN,
        "Net Non Operating Interest Income Expense": NaN,
        "Total Other Finance Cost": NaN,
        "Interest Expense Non Operating": NaN,
        "Interest Income Non Operating": NaN,
        "Operating Income": NaN,
        "Operating Expense": NaN,
        "Depreciation Amortization Depletion Income Statement": NaN,
        "Depreciation And Amortization In Income Statement": NaN,
        "Amortization": NaN,
        "Amortization Of Intangibles Income Statement": NaN,
        "Research And Development": NaN,
        "Selling General And Administration": NaN,
        "General And Administrative Expense": NaN,
        "Other Gand A": NaN,
        "Salaries And Wages": NaN,
        "Gross Profit": NaN,
        "Cost Of Revenue": NaN,
        "Total Revenue": NaN,
        "Operating Revenue": NaN
    },
    "2023-12-31": {
        "Tax Effect Of Unusual Items": -814170.0,
        "Tax Rate For Calcs": 0.21,
        "Normalized EBITDA": -158627000.0,
        "Total Unusual Items": -3877000.0,
        "Total Unusual Items Excluding Goodwill": -3877000.0,
        "Net Income From Continuing Operation Net Minority Interest": -186061000.0,
        "Reconciled Depreciation": 2738000.0,
        "Reconciled Cost Of Revenue": 16968000.0,
        "EBITDA": -162504000.0,
        "EBIT": -165242000.0,
        "Net Interest Income": -20784000.0,
        "Interest Expense": 19821000.0,
        "Interest Income": 789000.0,
        "Normalized Income": -182998170.0,
        "Net Income From Continuing And Discontinued Operation": -186061000.0,
        "Total Expenses": 246265000.0,
        "Total Operating Income As Reported": -178272000.0,
        "Diluted Average Shares": NaN,
        "Basic Average Shares": NaN,
        "Diluted EPS": NaN,
        "Basic EPS": NaN,
        "Diluted NI Availto Com Stockholders": -186061000.0,
        "Net Income Common Stockholders": -186061000.0,
        "Net Income": -186061000.0,
        "Net Income Including Noncontrolling Interests": -186061000.0,
        "Net Income Continuous Operations": -186061000.0,
        "Tax Provision": 998000.0,
        "Pretax Income": -185063000.0,
        "Other Income Expense": -1707000.0,
        "Other Non Operating Income Expenses": 2170000.0,
        "Special Income Charges": -15700000.0,
        "Restructuring And Mergern Acquisition": 15700000.0,
        "Gain On Sale Of Security": 11823000.0,
        "Net Non Operating Interest Income Expense": -20784000.0,
        "Total Other Finance Cost": 1752000.0,
        "Interest Expense Non Operating": 19821000.0,
        "Interest Income Non Operating": 789000.0,
        "Operating Income": -162572000.0,
        "Operating Expense": 227822000.0,
        "Depreciation Amortization Depletion Income Statement": 1263000.0,
        "Depreciation And Amortization In Income Statement": 1263000.0,
        "Amortization": 1263000.0,
        "Amortization Of Intangibles Income Statement": 1263000.0,
        "Research And Development": 137029000.0,
        "Selling General And Administration": 89530000.0,
        "General And Administrative Expense": 89530000.0,
        "Other Gand A": 46642000.0,
        "Salaries And Wages": 42888000.0,
        "Gross Profit": 65250000.0,
        "Cost Of Revenue": 18443000.0,
        "Total Revenue": 83693000.0,
        "Operating Revenue": 83693000.0
    },
    "2024-03-31": {
        "Tax Effect Of Unusual Items": 4839450.0,
        "Tax Rate For Calcs": 0.21,
        "Normalized EBITDA": -156751000.0,
        "Total Unusual Items": 23045000.0,
        "Total Unusual Items Excluding Goodwill": 23045000.0,
        "Net Income From Continuing Operation Net Minority Interest": -157091000.0,
        "Reconciled Depreciation": 2851000.0,
        "Reconciled Cost Of Revenue": 15869000.0,
        "EBITDA": -133706000.0,
        "EBIT": -136557000.0,
        "Net Interest Income": -21042000.0,
        "Interest Expense": 19945000.0,
        "Interest Income": 754000.0,
        "Normalized Income": -175296550.0,
        "Net Income From Continuing And Discontinued Operation": -157091000.0,
        "Total Expenses": 232905000.0,
        "Total Operating Income As Reported": -145505000.0,
        "Diluted Average Shares": 148456000.0,
        "Basic Average Shares": 148456000.0,
        "Diluted EPS": -1.06,
        "Basic EPS": -1.06,
        "Diluted NI Availto Com Stockholders": -157091000.0,
        "Net Income Common Stockholders": -157091000.0,
        "Net Income": -157091000.0,
        "Net Income Including Noncontrolling Interests": -157091000.0,
        "Net Income Continuous Operations": -157091000.0,
        "Tax Provision": 589000.0,
        "Pretax Income": -156502000.0,
        "Other Income Expense": 21945000.0,
        "Other Non Operating Income Expenses": -1100000.0,
        "Special Income Charges": 11900000.0,
        "Restructuring And Mergern Acquisition": -11900000.0,
        "Gain On Sale Of Security": 11145000.0,
        "Net Non Operating Interest Income Expense": -21042000.0,
        "Total Other Finance Cost": 1851000.0,
        "Interest Expense Non Operating": 19945000.0,
        "Interest Income Non Operating": 754000.0,
        "Operating Income": -157405000.0,
        "Operating Expense": 215448000.0,
        "Depreciation Amortization Depletion Income Statement": 1263000.0,
        "Depreciation And Amortization In Income Statement": 1263000.0,
        "Amortization": 1263000.0,
        "Amortization Of Intangibles Income Statement": 1263000.0,
        "Research And Development": 121083000.0,
        "Selling General And Administration": 93102000.0,
        "General And Administrative Expense": 93102000.0,
        "Other Gand A": 49402000.0,
        "Salaries And Wages": 43700000.0,
        "Gross Profit": 58043000.0,
        "Cost Of Revenue": 17457000.0,
        "Total Revenue": 75500000.0,
        "Operating Revenue": 75500000.0
    },
    "2024-06-30": {
        "Tax Effect Of Unusual Items": -19536510.0,
        "Tax Rate For Calcs": 0.21,
        "Normalized EBITDA": -183864000.0,
        "Total Unusual Items": -93031000.0,
        "Total Unusual Items Excluding Goodwill": -93031000.0,
        "Net Income From Continuing Operation Net Minority Interest": -300609000.0,
        "Reconciled Depreciation": 2699000.0,
        "Reconciled Cost Of Revenue": 19528000.0,
        "EBITDA": -276895000.0,
        "EBIT": -279594000.0,
        "Net Interest Income": -21267000.0,
        "Interest Expense": 20177000.0,
        "Interest Income": 710000.0,
        "Normalized Income": -227114510.0,
        "Net Income From Continuing And Discontinued Operation": -300609000.0,
        "Total Expenses": 275544000.0,
        "Total Operating Income As Reported": -288904000.0,
        "Diluted Average Shares": 154702000.0,
        "Basic Average Shares": 154702000.0,
        "Diluted EPS": -1.94,
        "Basic EPS": -1.94,
        "Diluted NI Availto Com Stockholders": -300609000.0,
        "Net Income Common Stockholders": -300609000.0,
        "Net Income": -300609000.0,
        "Net Income Including Noncontrolling Interests": -300609000.0,
        "Net Income Continuous Operations": -300609000.0,
        "Tax Provision": 838000.0,
        "Pretax Income": -299771000.0,
        "Other Income Expense": -93300000.0,
        "Other Non Operating Income Expenses": -269000.0,
        "Special Income Charges": -103700000.0,
        "Restructuring And Mergern Acquisition": 103700000.0,
        "Gain On Sale Of Security": 10669000.0,
        "Net Non Operating Interest Income Expense": -21267000.0,
        "Total Other Finance Cost": 1800000.0,
        "Interest Expense Non Operating": 20177000.0,
        "Interest Income Non Operating": 710000.0,
        "Operating Income": -185204000.0,
        "Operating Expense": 254580000.0,
        "Depreciation Amortization Depletion Income Statement": 1263000.0,
        "Depreciation And Amortization In Income Statement": 1263000.0,
        "Amortization": 1263000.0,
        "Amortization Of Intangibles Income Statement": 1263000.0,
        "Research And Development": 146748000.0,
        "Selling General And Administration": 106569000.0,
        "General And Administrative Expense": 106569000.0,
        "Other Gand A": 59497000.0,
        "Salaries And Wages": 47072000.0,
        "Gross Profit": 69376000.0,
        "Cost Of Revenue": 20964000.0,
        "Total Revenue": 90340000.0,
        "Operating Revenue": 90340000.0
    },
    "2024-09-30": {
        "Tax Effect Of Unusual Items": -325920.0,
        "Tax Rate For Calcs": 0.21,
        "Normalized EBITDA": -194902000.0,
        "Total Unusual Items": -1552000.0,
        "Total Unusual Items Excluding Goodwill": -1552000.0,
        "Net Income From Continuing Operation Net Minority Interest": -220524000.0,
        "Reconciled Depreciation": 2722000.0,
        "Reconciled Cost Of Revenue": 19711000.0,
        "EBITDA": -196454000.0,
        "EBIT": -199176000.0,
        "Net Interest Income": -21054000.0,
        "Interest Expense": 20334000.0,
        "Interest Income": 765000.0,
        "Normalized Income": -219297920.0,
        "Net Income From Continuing And Discontinued Operation": -220524000.0,
        "Total Expenses": 292172000.0,
        "Total Operating Income As Reported": -213429000.0,
        "Diluted Average Shares": 173721000.0,
        "Basic Average Shares": 173721000.0,
        "Diluted EPS": -1.27,
        "Basic EPS": -1.27,
        "Diluted NI Availto Com Stockholders": -220524000.0,
        "Net Income Common Stockholders": -220524000.0,
        "Net Income": -220524000.0,
        "Net Income Including Noncontrolling Interests": -220524000.0,
        "Net Income Continuous Operations": -220524000.0,
        "Tax Provision": 1014000.0,
        "Pretax Income": -219510000.0,
        "Other Income Expense": 291000.0,
        "Other Non Operating Income Expenses": 1843000.0,
        "Special Income Charges": -14682000.0,
        "Restructuring And Mergern Acquisition": 14682000.0,
        "Gain On Sale Of Security": 13130000.0,
        "Net Non Operating Interest Income Expense": -21054000.0,
        "Total Other Finance Cost": 1485000.0,
        "Interest Expense Non Operating": 20334000.0,
        "Interest Income Non Operating": 765000.0,
        "Operating Income": -198747000.0,
        "Operating Expense": 271002000.0,
        "Depreciation Amortization Depletion Income Statement": 1263000.0,
        "Depreciation And Amortization In Income Statement": 1263000.0,
        "Amortization": 1263000.0,
        "Amortization Of Intangibles Income Statement": 1263000.0,
        "Research And Development": 150809000.0,
        "Selling General And Administration": 118930000.0,
        "General And Administrative Expense": 118930000.0,
        "Other Gand A": 58393000.0,
        "Salaries And Wages": 60537000.0,
        "Gross Profit": 72255000.0,
        "Cost Of Revenue": 21170000.0,
        "Total Revenue": 93425000.0,
        "Operating Revenue": 93425000.0
    },
    "2024-12-31": {
        "Tax Effect Of Unusual Items": 6914670.0,
        "Tax Rate For Calcs": 0.21,
        "Normalized EBITDA": -244666000.0,
        "Total Unusual Items": 32927000.0,
        "Total Unusual Items Excluding Goodwill": 32927000.0,
        "Net Income From Continuing Operation Net Minority Interest": -235548000.0,
        "Reconciled Depreciation": 2741000.0,
        "Reconciled Cost Of Revenue": 24673000.0,
        "EBITDA": -211739000.0,
        "EBIT": -214480000.0,
        "Net Interest Income": -21550000.0,
        "Interest Expense": 19802000.0,
        "Interest Income": 0.0,
        "Normalized Income": -261560330.0,
        "Net Income From Continuing And Discontinued Operation": -235548000.0,
        "Total Expenses": 349656000.0,
        "Total Operating Income As Reported": -230414000.0,
        "Diluted Average Shares": 179021000.0,
        "Basic Average Shares": 179021000.0,
        "Diluted EPS": -1.32,
        "Basic EPS": -1.32,
        "Diluted NI Availto Com Stockholders": -235548000.0,
        "Net Income Common Stockholders": -235548000.0,
        "Net Income": -235548000.0,
        "Net Income Including Noncontrolling Interests": -235548000.0,
        "Net Income Continuous Operations": -235548000.0,
        "Tax Provision": 1266000.0,
        "Pretax Income": -234282000.0,
        "Other Income Expense": 32482000.0,
        "Other Non Operating Income Expenses": -445000.0,
        "Special Income Charges": 14800000.0,
        "Restructuring And Mergern Acquisition": -14800000.0,
        "Gain On Sale Of Security": 18127000.0,
        "Net Non Operating Interest Income Expense": -21550000.0,
        "Total Other Finance Cost": 1748000.0,
        "Interest Expense Non Operating": 19802000.0,
        "Interest Income Non Operating": 0.0,
        "Operating Income": -245214000.0,
        "Operating Expense": 323505000.0,
        "Depreciation Amortization Depletion Income Statement": 1263000.0,
        "Depreciation And Amortization In Income Statement": 1263000.0,
        "Amortization": 1263000.0,
        "Amortization Of Intangibles Income Statement": 1263000.0,
        "Research And Development": 179727000.0,
        "Selling General And Administration": 142515000.0,
        "General And Administrative Expense": 142515000.0,
        "Other Gand A": 76165000.0,
        "Salaries And Wages": 66350000.0,
        "Gross Profit": 78291000.0,
        "Cost Of Revenue": 26151000.0,
        "Total Revenue": 104442000.0,
        "Operating Revenue": 104442000.0
    },
    "2025-03-31": {
        "Tax Effect Of Unusual Items": -922740.0,
        "Tax Rate For Calcs": 0.21,
        "Normalized EBITDA": -228384000.0,
        "Total Unusual Items": -4394000.0,
        "Total Unusual Items Excluding Goodwill": -4394000.0,
        "Net Income From Continuing Operation Net Minority Interest": -256583000.0,
        "Reconciled Depreciation": 3146000.0,
        "Reconciled Cost Of Revenue": 19395000.0,
        "EBITDA": -232778000.0,
        "EBIT": -235924000.0,
        "Net Interest Income": -21569000.0,
        "Interest Expense": 19747000.0,
        "Interest Income": 0.0,
        "Normalized Income": -253111740.0,
        "Net Income From Continuing And Discontinued Operation": -256583000.0,
        "Total Expenses": 322663000.0,
        "Total Operating Income As Reported": -248140000.0,
        "Diluted Average Shares": 180860000.0,
        "Basic Average Shares": 180860000.0,
        "Diluted EPS": -1.42,
        "Basic EPS": -1.42,
        "Diluted NI Availto Com Stockholders": -256583000.0,
        "Net Income Common Stockholders": -256583000.0,
        "Net Income": -256583000.0,
        "Net Income Including Noncontrolling Interests": -256583000.0,
        "Net Income Continuous Operations": -256583000.0,
        "Tax Provision": 912000.0,
        "Pretax Income": -255671000.0,
        "Other Income Expense": -4262000.0,
        "Other Non Operating Income Expenses": 132000.0,
        "Special Income Charges": -18300000.0,
        "Restructuring And Mergern Acquisition": 18300000.0,
        "Gain On Sale Of Security": 13906000.0,
        "Net Non Operating Interest Income Expense": -21569000.0,
        "Total Other Finance Cost": 1822000.0,
        "Interest Expense Non Operating": 19747000.0,
        "Interest Income Non Operating": 0.0,
        "Operating Income": -229840000.0,
        "Operating Expense": 301385000.0,
        "Depreciation Amortization Depletion Income Statement": 1263000.0,
        "Depreciation And Amortization In Income Statement": 1263000.0,
        "Amortization": 1263000.0,
        "Amortization Of Intangibles Income Statement": 1263000.0,
        "Research And Development": 152577000.0,
        "Selling General And Administration": 147545000.0,
        "General And Administrative Expense": 147545000.0,
        "Other Gand A": 70827000.0,
        "Salaries And Wages": 76718000.0,
        "Gross Profit": 71545000.0,
        "Cost Of Revenue": 21278000.0,
        "Total Revenue": 92823000.0,
        "Operating Revenue": 92823000.0
    },
    "2025-06-30": {
        "Tax Effect Of Unusual Items": -9612750.0,
        "Tax Rate For Calcs": 0.21,
        "Normalized EBITDA": -251352000.0,
        "Total Unusual Items": -45775000.0,
        "Total Unusual Items Excluding Goodwill": -45775000.0,
        "Net Income From Continuing Operation Net Minority Interest": -321686000.0,
        "Reconciled Depreciation": 3747000.0,
        "Reconciled Cost Of Revenue": 25591000.0,
        "EBITDA": -297127000.0,
        "EBIT": -300874000.0,
        "Net Interest Income": -21245000.0,
        "Interest Expense": 19569000.0,
        "Interest Income": 0.0,
        "Normalized Income": -285523750.0,
        "Net Income From Continuing And Discontinued Operation": -321686000.0,
        "Total Expenses": 361291000.0,
        "Total Operating Income As Reported": -312876000.0,
        "Diluted Average Shares": 189302000.0,
        "Basic Average Shares": 189302000.0,
        "Diluted EPS": -1.7,
        "Basic EPS": -1.7,
        "Diluted NI Availto Com Stockholders": -321686000.0,
        "Net Income Common Stockholders": -321686000.0,
        "Net Income": -321686000.0,
        "Net Income Including Noncontrolling Interests": -321686000.0,
        "Net Income Continuous Operations": -321686000.0,
        "Tax Provision": 1243000.0,
        "Pretax Income": -320443000.0,
        "Other Income Expense": -45322000.0,
        "Other Non Operating Income Expenses": 453000.0,
        "Special Income Charges": -59000000.0,
        "Restructuring And Mergern Acquisition": 59000000.0,
        "Gain On Sale Of Security": 13225000.0,
        "Net Non Operating Interest Income Expense": -21245000.0,
        "Total Other Finance Cost": 1676000.0,
        "Interest Expense Non Operating": 19569000.0,
        "Interest Income Non Operating": 0.0,
        "Operating Income": -253876000.0,
        "Operating Expense": 333216000.0,
        "Depreciation Amortization Depletion Income Statement": 1263000.0,
        "Depreciation And Amortization In Income Statement": 1263000.0,
        "Amortization": 1263000.0,
        "Amortization Of Intangibles Income Statement": 1263000.0,
        "Research And Development": 177190000.0,
        "Selling General And Administration": 154763000.0,
        "General And Administrative Expense": 154763000.0,
        "Other Gand A": 76437000.0,
        "Salaries And Wages": 78326000.0,
        "Gross Profit": 79340000.0,
        "Cost Of Revenue": 28075000.0,
        "Total Revenue": 107415000.0,
        "Operating Revenue": 107415000.0
    }
}