{
    "2023-06-30": {
        "Tax Effect Of Unusual Items": NaN,
        "Tax Rate For Calcs": NaN,
        "Normalized EBITDA": NaN,
        "Total Unusual Items": NaN,
        "Total Unusual Items Excluding Goodwill": NaN,
        "Net Income From Continuing Operation Net Minority Interest": NaN,
        "Reconciled Depreciation": NaN,
        "Reconciled Cost Of Revenue": NaN,
        "EBITDA": NaN,
        "EBIT": NaN,
        "Net Interest Income": NaN,
        "Interest Expense": NaN,
        "Interest Income": NaN,
        "Normalized Income": NaN,
        "Net Income From Continuing And Discontinued Operation": NaN,
        "Total Expenses": NaN,
        "Total Operating Income As Reported": NaN,
        "Diluted Average Shares": NaN,
        "Basic Average Shares": NaN,
        "Diluted EPS": NaN,
        "Basic EPS": NaN,
        "Diluted NI Availto Com Stockholders": NaN,
        "Net Income Common Stockholders": NaN,
        "Net Income": NaN,
        "Minority Interests": NaN,
        "Net Income Including Noncontrolling Interests": NaN,
        "Net Income Continuous Operations": NaN,
        "Tax Provision": NaN,
        "Pretax Income": NaN,
        "Other Income Expense": NaN,
        "Special Income Charges": NaN,
        "Other Special Charges": 20000000.0,
        "Write Off": NaN,
        "Restructuring And Mergern Acquisition": NaN,
        "Gain On Sale Of Security": NaN,
        "Net Non Operating Interest Income Expense": NaN,
        "Total Other Finance Cost": NaN,
        "Interest Expense Non Operating": NaN,
        "Interest Income Non Operating": NaN,
        "Operating Income": NaN,
        "Operating Expense": NaN,
        "Research And Development": NaN,
        "Selling General And Administration": NaN,
        "Gross Profit": NaN,
        "Cost Of Revenue": NaN,
        "Total Revenue": NaN,
        "Operating Revenue": NaN
    },
    "2023-03-31": {
        "Tax Effect Of Unusual Items": NaN,
        "Tax Rate For Calcs": NaN,
        "Normalized EBITDA": NaN,
        "Total Unusual Items": NaN,
        "Total Unusual Items Excluding Goodwill": NaN,
        "Net Income From Continuing Operation Net Minority Interest": NaN,
        "Reconciled Depreciation": NaN,
        "Reconciled Cost Of Revenue": NaN,
        "EBITDA": NaN,
        "EBIT": NaN,
        "Net Interest Income": NaN,
        "Interest Expense": NaN,
        "Interest Income": NaN,
        "Normalized Income": NaN,
        "Net Income From Continuing And Discontinued Operation": NaN,
        "Total Expenses": NaN,
        "Total Operating Income As Reported": NaN,
        "Diluted Average Shares": NaN,
        "Basic Average Shares": NaN,
        "Diluted EPS": NaN,
        "Basic EPS": NaN,
        "Diluted NI Availto Com Stockholders": NaN,
        "Net Income Common Stockholders": NaN,
        "Net Income": NaN,
        "Minority Interests": NaN,
        "Net Income Including Noncontrolling Interests": NaN,
        "Net Income Continuous Operations": NaN,
        "Tax Provision": NaN,
        "Pretax Income": NaN,
        "Other Income Expense": NaN,
        "Special Income Charges": NaN,
        "Other Special Charges": 77000000.0,
        "Write Off": NaN,
        "Restructuring And Mergern Acquisition": NaN,
        "Gain On Sale Of Security": NaN,
        "Net Non Operating Interest Income Expense": NaN,
        "Total Other Finance Cost": NaN,
        "Interest Expense Non Operating": NaN,
        "Interest Income Non Operating": NaN,
        "Operating Income": NaN,
        "Operating Expense": NaN,
        "Research And Development": NaN,
        "Selling General And Administration": NaN,
        "Gross Profit": NaN,
        "Cost Of Revenue": NaN,
        "Total Revenue": NaN,
        "Operating Revenue": NaN
    },
    "2022-12-31": {
        "Tax Effect Of Unusual Items": NaN,
        "Tax Rate For Calcs": NaN,
        "Normalized EBITDA": NaN,
        "Total Unusual Items": NaN,
        "Total Unusual Items Excluding Goodwill": NaN,
        "Net Income From Continuing Operation Net Minority Interest": NaN,
        "Reconciled Depreciation": NaN,
        "Reconciled Cost Of Revenue": NaN,
        "EBITDA": NaN,
        "EBIT": NaN,
        "Net Interest Income": NaN,
        "Interest Expense": NaN,
        "Interest Income": NaN,
        "Normalized Income": NaN,
        "Net Income From Continuing And Discontinued Operation": NaN,
        "Total Expenses": NaN,
        "Total Operating Income As Reported": NaN,
        "Diluted Average Shares": NaN,
        "Basic Average Shares": NaN,
        "Diluted EPS": NaN,
        "Basic EPS": NaN,
        "Diluted NI Availto Com Stockholders": NaN,
        "Net Income Common Stockholders": NaN,
        "Net Income": NaN,
        "Minority Interests": NaN,
        "Net Income Including Noncontrolling Interests": NaN,
        "Net Income Continuous Operations": NaN,
        "Tax Provision": NaN,
        "Pretax Income": NaN,
        "Other Income Expense": NaN,
        "Special Income Charges": NaN,
        "Gain On Sale Of Business": 0.0,
        "Other Special Charges": NaN,
        "Write Off": NaN,
        "Restructuring And Mergern Acquisition": NaN,
        "Gain On Sale Of Security": NaN,
        "Net Non Operating Interest Income Expense": NaN,
        "Total Other Finance Cost": NaN,
        "Interest Expense Non Operating": NaN,
        "Interest Income Non Operating": NaN,
        "Operating Income": NaN,
        "Operating Expense": NaN,
        "Research And Development": NaN,
        "Selling General And Administration": NaN,
        "Gross Profit": NaN,
        "Cost Of Revenue": NaN,
        "Total Revenue": NaN,
        "Operating Revenue": NaN
    },
    "2022-09-30": {
        "Tax Effect Of Unusual Items": NaN,
        "Tax Rate For Calcs": NaN,
        "Normalized EBITDA": NaN,
        "Total Unusual Items": NaN,
        "Total Unusual Items Excluding Goodwill": NaN,
        "Net Income From Continuing Operation Net Minority Interest": NaN,
        "Reconciled Depreciation": NaN,
        "Reconciled Cost Of Revenue": NaN,
        "EBITDA": NaN,
        "EBIT": NaN,
        "Net Interest Income": NaN,
        "Interest Expense": NaN,
        "Interest Income": NaN,
        "Normalized Income": NaN,
        "Net Income From Continuing And Discontinued Operation": NaN,
        "Total Expenses": NaN,
        "Total Operating Income As Reported": NaN,
        "Diluted Average Shares": NaN,
        "Basic Average Shares": NaN,
        "Diluted EPS": NaN,
        "Basic EPS": NaN,
        "Diluted NI Availto Com Stockholders": NaN,
        "Net Income Common Stockholders": NaN,
        "Net Income": NaN,
        "Minority Interests": 0.0,
        "Net Income Including Noncontrolling Interests": NaN,
        "Net Income Continuous Operations": NaN,
        "Tax Provision": NaN,
        "Pretax Income": NaN,
        "Other Income Expense": NaN,
        "Special Income Charges": NaN,
        "Other Special Charges": NaN,
        "Write Off": NaN,
        "Restructuring And Mergern Acquisition": NaN,
        "Gain On Sale Of Security": NaN,
        "Net Non Operating Interest Income Expense": NaN,
        "Total Other Finance Cost": -82000000.0,
        "Interest Expense Non Operating": NaN,
        "Interest Income Non Operating": NaN,
        "Operating Income": NaN,
        "Operating Expense": NaN,
        "Research And Development": NaN,
        "Selling General And Administration": NaN,
        "Gross Profit": NaN,
        "Cost Of Revenue": NaN,
        "Total Revenue": NaN,
        "Operating Revenue": NaN
    },
    "2022-06-30": {
        "Tax Effect Of Unusual Items": -70800000.0,
        "Tax Rate For Calcs": 0.4,
        "Normalized EBITDA": 2535000000.0,
        "Total Unusual Items": -177000000.0,
        "Total Unusual Items Excluding Goodwill": -177000000.0,
        "Net Income From Continuing Operation Net Minority Interest": -454000000.0,
        "Reconciled Depreciation": 3148000000.0,
        "Reconciled Cost Of Revenue": 9734000000.0,
        "EBITDA": 2358000000.0,
        "EBIT": -790000000.0,
        "Net Interest Income": -119000000.0,
        "Interest Expense": 119000000.0,
        "Interest Income": 98000000.0,
        "Normalized Income": -347800000.0,
        "Net Income From Continuing And Discontinued Operation": -454000000.0,
        "Total Expenses": 15934000000.0,
        "Total Operating Income As Reported": -700000000.0,
        "Diluted Average Shares": 4100000000.0,
        "Basic Average Shares": 4100000000.0,
        "Diluted EPS": -0.11,
        "Basic EPS": -0.11,
        "Diluted NI Availto Com Stockholders": -454000000.0,
        "Net Income Common Stockholders": -454000000.0,
        "Net Income": -454000000.0,
        "Minority Interests": NaN,
        "Net Income Including Noncontrolling Interests": -454000000.0,
        "Net Income Continuous Operations": -454000000.0,
        "Tax Provision": -455000000.0,
        "Pretax Income": -909000000.0,
        "Other Income Expense": -177000000.0,
        "Other Non Operating Income Expenses": -108000000.0,
        "Special Income Charges": -87000000.0,
        "Other Special Charges": 13000000.0,
        "Write Off": 80000000.0,
        "Restructuring And Mergern Acquisition": 87000000.0,
        "Earnings From Equity Interest": -90000000.0,
        "Gain On Sale Of Security": -90000000.0,
        "Net Non Operating Interest Income Expense": -119000000.0,
        "Total Other Finance Cost": 108000000.0,
        "Interest Expense Non Operating": 119000000.0,
        "Interest Income Non Operating": 98000000.0,
        "Operating Income": -613000000.0,
        "Operating Expense": 6200000000.0,
        "Research And Development": 4400000000.0,
        "Selling General And Administration": 1800000000.0,
        "Gross Profit": 5587000000.0,
        "Cost Of Revenue": 9734000000.0,
        "Total Revenue": 15321000000.0,
        "Operating Revenue": 15321000000.0
    },
    "2022-03-31": {
        "Diluted EPS": 1.98,
        "Total Revenue": NaN,
        "Gross Profit": NaN,
        "Operating Income": NaN,
        "EBIT": NaN,
        "Net Income": NaN
    },
    "2021-12-31": {
        "Diluted EPS": 1.13,
        "Total Revenue": NaN,
        "Gross Profit": NaN,
        "Operating Income": NaN,
        "EBIT": NaN,
        "Net Income": NaN
    },
    "2021-09-30": {
        "Diluted EPS": 1.67,
        "Total Revenue": NaN,
        "Gross Profit": NaN,
        "Operating Income": NaN,
        "EBIT": NaN,
        "Net Income": NaN
    },
    "2021-06-30": {
        "Diluted EPS": 1.24,
        "Total Revenue": NaN,
        "Gross Profit": NaN,
        "Operating Income": NaN,
        "EBIT": NaN,
        "Net Income": NaN
    },
    "2021-03-31": {
        "Diluted EPS": 0.82,
        "Total Revenue": NaN,
        "Gross Profit": NaN,
        "Operating Income": NaN,
        "EBIT": NaN,
        "Net Income": NaN
    },
    "2020-12-31": {
        "Diluted EPS": 1.42,
        "Total Revenue": NaN,
        "Gross Profit": NaN,
        "Operating Income": NaN,
        "EBIT": NaN,
        "Net Income": NaN
    },
    "2020-09-30": {
        "Diluted EPS": 1.02,
        "Total Revenue": NaN,
        "Gross Profit": NaN,
        "Operating Income": NaN,
        "EBIT": NaN,
        "Net Income": NaN
    },
    "2020-06-30": {
        "Diluted EPS": 1.19,
        "Total Revenue": NaN,
        "Gross Profit": NaN,
        "Operating Income": NaN,
        "EBIT": NaN,
        "Net Income": NaN
    },
    "2020-03-31": {
        "Diluted EPS": 1.31,
        "Total Revenue": NaN,
        "Gross Profit": NaN,
        "Operating Income": NaN,
        "EBIT": NaN,
        "Net Income": NaN
    },
    "2019-12-31": {
        "Diluted EPS": 1.57,
        "Total Revenue": NaN,
        "Gross Profit": NaN,
        "Operating Income": NaN,
        "EBIT": NaN,
        "Net Income": NaN
    },
    "2019-09-30": {
        "Diluted EPS": 1.35,
        "Total Revenue": NaN,
        "Gross Profit": NaN,
        "Operating Income": NaN,
        "EBIT": NaN,
        "Net Income": NaN
    },
    "2019-06-30": {
        "Diluted EPS": 0.92,
        "Total Revenue": NaN,
        "Gross Profit": NaN,
        "Operating Income": NaN,
        "EBIT": NaN,
        "Net Income": NaN
    },
    "2019-03-31": {
        "Diluted EPS": 0.87,
        "Total Revenue": NaN,
        "Gross Profit": NaN,
        "Operating Income": NaN,
        "EBIT": NaN,
        "Net Income": NaN
    },
    "2018-12-31": {
        "Diluted EPS": 1.12,
        "Total Revenue": NaN,
        "Gross Profit": NaN,
        "Operating Income": NaN,
        "EBIT": NaN,
        "Net Income": NaN
    },
    "2018-09-30": {
        "Diluted EPS": 1.38,
        "Total Revenue": NaN,
        "Gross Profit": NaN,
        "Operating Income": NaN,
        "EBIT": NaN,
        "Net Income": NaN
    },
    "2018-06-30": {
        "Diluted EPS": 1.05,
        "Total Revenue": NaN,
        "Gross Profit": NaN,
        "Operating Income": NaN,
        "EBIT": NaN,
        "Net Income": NaN
    },
    "2018-03-31": {
        "Diluted EPS": 0.93,
        "Total Revenue": NaN,
        "Gross Profit": NaN,
        "Operating Income": NaN,
        "EBIT": NaN,
        "Net Income": NaN
    },
    "2017-12-31": {
        "Diluted EPS": -0.14,
        "Total Revenue": NaN,
        "Gross Profit": NaN,
        "Operating Income": NaN,
        "EBIT": NaN,
        "Net Income": -687
    },
    "2017-09-30": {
        "Diluted EPS": 0.94,
        "Total Revenue": NaN,
        "Gross Profit": NaN,
        "Operating Income": NaN,
        "EBIT": NaN,
        "Net Income": NaN
    },
    "2017-06-30": {
        "Diluted EPS": 0.58,
        "Total Revenue": NaN,
        "Gross Profit": NaN,
        "Operating Income": NaN,
        "EBIT": NaN,
        "Net Income": NaN
    },
    "2017-03-31": {
        "Diluted EPS": 0.61,
        "Total Revenue": NaN,
        "Gross Profit": NaN,
        "Operating Income": NaN,
        "EBIT": NaN,
        "Net Income": NaN
    },
    "2016-12-31": {
        "Diluted EPS": 0.74,
        "Total Revenue": NaN,
        "Gross Profit": NaN,
        "Operating Income": NaN,
        "EBIT": NaN,
        "Net Income": NaN
    },
    "2016-09-30": {
        "Diluted EPS": 0.69,
        "Total Revenue": NaN,
        "Gross Profit": NaN,
        "Operating Income": NaN,
        "EBIT": NaN,
        "Net Income": NaN
    },
    "2016-06-30": {
        "Diluted EPS": 0.27,
        "Total Revenue": NaN,
        "Gross Profit": NaN,
        "Operating Income": NaN,
        "EBIT": NaN,
        "Net Income": NaN
    },
    "2016-03-31": {
        "Diluted EPS": 0.42,
        "Total Revenue": NaN,
        "Gross Profit": NaN,
        "Operating Income": NaN,
        "EBIT": NaN,
        "Net Income": NaN
    },
    "2015-12-31": {
        "Diluted EPS": 0.73,
        "Total Revenue": NaN,
        "Gross Profit": NaN,
        "Operating Income": NaN,
        "EBIT": NaN,
        "Net Income": NaN
    },
    "2015-09-30": {
        "Diluted EPS": 0.64,
        "Total Revenue": NaN,
        "Gross Profit": NaN,
        "Operating Income": NaN,
        "EBIT": NaN,
        "Net Income": NaN
    },
    "2015-06-30": {
        "Diluted EPS": 0.55,
        "Total Revenue": NaN,
        "Gross Profit": NaN,
        "Operating Income": NaN,
        "EBIT": NaN,
        "Net Income": NaN
    },
    "2015-03-31": {
        "Diluted EPS": 0.41,
        "Total Revenue": NaN,
        "Gross Profit": NaN,
        "Operating Income": NaN,
        "EBIT": NaN,
        "Net Income": NaN
    },
    "2014-12-31": {
        "Diluted EPS": 0.72,
        "Total Revenue": NaN,
        "Gross Profit": NaN,
        "Operating Income": NaN,
        "EBIT": NaN,
        "Net Income": NaN
    },
    "2014-09-30": {
        "Diluted EPS": 0.66,
        "Total Revenue": NaN,
        "Gross Profit": NaN,
        "Operating Income": NaN,
        "EBIT": NaN,
        "Net Income": NaN
    },
    "2014-06-30": {
        "Diluted EPS": 0.55,
        "Total Revenue": NaN,
        "Gross Profit": NaN,
        "Operating Income": NaN,
        "EBIT": NaN,
        "Net Income": NaN
    },
    "2014-03-31": {
        "Diluted EPS": 0.38,
        "Total Revenue": NaN,
        "Gross Profit": NaN,
        "Operating Income": NaN,
        "EBIT": NaN,
        "Net Income": NaN
    },
    "2013-12-31": {
        "Diluted EPS": 0.52,
        "Total Revenue": NaN,
        "Gross Profit": NaN,
        "Operating Income": NaN,
        "EBIT": NaN,
        "Net Income": NaN
    },
    "2013-09-30": {
        "Diluted EPS": 0.58,
        "Total Revenue": NaN,
        "Gross Profit": NaN,
        "Operating Income": NaN,
        "EBIT": NaN,
        "Net Income": NaN
    },
    "2013-06-30": {
        "Diluted EPS": 0.39,
        "Total Revenue": NaN,
        "Gross Profit": NaN,
        "Operating Income": NaN,
        "EBIT": NaN,
        "Net Income": NaN
    },
    "2013-03-31": {
        "Diluted EPS": 0.4,
        "Total Revenue": NaN,
        "Gross Profit": NaN,
        "Operating Income": NaN,
        "EBIT": NaN,
        "Net Income": NaN
    },
    "2012-12-31": {
        "Diluted EPS": 0.48,
        "Total Revenue": NaN,
        "Gross Profit": NaN,
        "Operating Income": NaN,
        "EBIT": NaN,
        "Net Income": NaN
    },
    "2012-09-30": {
        "Diluted EPS": 0.58,
        "Total Revenue": NaN,
        "Gross Profit": NaN,
        "Operating Income": NaN,
        "EBIT": NaN,
        "Net Income": NaN
    },
    "2012-06-30": {
        "Diluted EPS": 0.54,
        "Total Revenue": NaN,
        "Gross Profit": NaN,
        "Operating Income": NaN,
        "EBIT": NaN,
        "Net Income": NaN
    },
    "2012-03-31": {
        "Diluted EPS": 0.53,
        "Total Revenue": NaN,
        "Gross Profit": NaN,
        "Operating Income": NaN,
        "EBIT": NaN,
        "Net Income": NaN
    },
    "2011-12-31": {
        "Diluted EPS": 0.64,
        "Total Revenue": NaN,
        "Gross Profit": NaN,
        "Operating Income": NaN,
        "EBIT": NaN,
        "Net Income": NaN
    },
    "2011-09-30": {
        "Diluted EPS": 0.65,
        "Total Revenue": NaN,
        "Gross Profit": NaN,
        "Operating Income": NaN,
        "EBIT": NaN,
        "Net Income": NaN
    },
    "2011-06-30": {
        "Diluted EPS": 0.54,
        "Total Revenue": NaN,
        "Gross Profit": NaN,
        "Operating Income": NaN,
        "EBIT": NaN,
        "Net Income": NaN
    },
    "2011-03-31": {
        "Diluted EPS": 0.56,
        "Total Revenue": NaN,
        "Gross Profit": NaN,
        "Operating Income": NaN,
        "EBIT": NaN,
        "Net Income": NaN
    },
    "2010-12-31": {
        "Diluted EPS": 0.55,
        "Total Revenue": NaN,
        "Gross Profit": NaN,
        "Operating Income": NaN,
        "EBIT": NaN,
        "Net Income": NaN
    },
    "2010-09-30": {
        "Diluted EPS": 0.52,
        "Total Revenue": NaN,
        "Gross Profit": NaN,
        "Operating Income": NaN,
        "EBIT": NaN,
        "Net Income": NaN
    },
    "2010-06-30": {
        "Diluted EPS": 0.51,
        "Total Revenue": NaN,
        "Gross Profit": NaN,
        "Operating Income": NaN,
        "EBIT": NaN,
        "Net Income": NaN
    },
    "2010-03-31": {
        "Diluted EPS": 0.43,
        "Total Revenue": NaN,
        "Gross Profit": NaN,
        "Operating Income": NaN,
        "EBIT": NaN,
        "Net Income": NaN
    },
    "2009-12-31": {
        "Diluted EPS": 0.4,
        "Total Revenue": NaN,
        "Gross Profit": NaN,
        "Operating Income": NaN,
        "EBIT": NaN,
        "Net Income": NaN
    },
    "2009-09-30": {
        "Diluted EPS": 0.33,
        "Total Revenue": NaN,
        "Gross Profit": NaN,
        "Operating Income": NaN,
        "EBIT": NaN,
        "Net Income": NaN
    },
    "2009-06-30": {
        "Diluted EPS": -0.07,
        "Total Revenue": NaN,
        "Gross Profit": NaN,
        "Operating Income": -12,
        "EBIT": NaN,
        "Net Income": -398
    },
    "2009-03-31": {
        "Diluted EPS": 0.11,
        "Total Revenue": NaN,
        "Gross Profit": NaN,
        "Operating Income": 647,
        "EBIT": NaN,
        "Net Income": 629
    },
    "2023-09-30": {
        "Tax Effect Of Unusual Items": NaN,
        "Tax Rate For Calcs": NaN,
        "Normalized EBITDA": NaN,
        "Total Unusual Items": NaN,
        "Total Unusual Items Excluding Goodwill": NaN,
        "Net Income From Continuing Operation Net Minority Interest": NaN,
        "Reconciled Depreciation": NaN,
        "Reconciled Cost Of Revenue": NaN,
        "EBITDA": NaN,
        "EBIT": NaN,
        "Net Interest Income": NaN,
        "Interest Expense": NaN,
        "Interest Income": NaN,
        "Normalized Income": NaN,
        "Net Income From Continuing And Discontinued Operation": NaN,
        "Total Expenses": NaN,
        "Total Operating Income As Reported": NaN,
        "Diluted Average Shares": NaN,
        "Basic Average Shares": NaN,
        "Diluted EPS": NaN,
        "Basic EPS": NaN,
        "Diluted NI Availto Com Stockholders": NaN,
        "Net Income Common Stockholders": NaN,
        "Net Income": NaN,
        "Minority Interests": NaN,
        "Net Income Including Noncontrolling Interests": NaN,
        "Net Income Continuous Operations": NaN,
        "Tax Provision": NaN,
        "Pretax Income": NaN,
        "Other Income Expense": NaN,
        "Special Income Charges": NaN,
        "Other Special Charges": 757000000.0,
        "Write Off": NaN,
        "Restructuring And Mergern Acquisition": NaN,
        "Gain On Sale Of Security": NaN,
        "Net Non Operating Interest Income Expense": NaN,
        "Total Other Finance Cost": NaN,
        "Interest Expense Non Operating": NaN,
        "Interest Income Non Operating": NaN,
        "Operating Income": NaN,
        "Operating Expense": NaN,
        "Research And Development": NaN,
        "Selling General And Administration": NaN,
        "Gross Profit": NaN,
        "Cost Of Revenue": NaN,
        "Total Revenue": NaN,
        "Operating Revenue": NaN
    },
    "2023-12-31": {
        "Tax Effect Of Unusual Items": NaN,
        "Tax Rate For Calcs": NaN,
        "Normalized EBITDA": NaN,
        "Total Unusual Items": NaN,
        "Total Unusual Items Excluding Goodwill": NaN,
        "Net Income From Continuing Operation Net Minority Interest": NaN,
        "Reconciled Depreciation": NaN,
        "Reconciled Cost Of Revenue": NaN,
        "EBITDA": NaN,
        "EBIT": NaN,
        "Net Interest Income": NaN,
        "Interest Expense": NaN,
        "Interest Income": NaN,
        "Normalized Income": NaN,
        "Net Income From Continuing And Discontinued Operation": NaN,
        "Total Expenses": NaN,
        "Total Operating Income As Reported": NaN,
        "Diluted Average Shares": NaN,
        "Basic Average Shares": NaN,
        "Diluted EPS": NaN,
        "Basic EPS": NaN,
        "Diluted NI Availto Com Stockholders": NaN,
        "Net Income Common Stockholders": NaN,
        "Net Income": NaN,
        "Minority Interests": NaN,
        "Net Income Including Noncontrolling Interests": NaN,
        "Net Income Continuous Operations": NaN,
        "Tax Provision": NaN,
        "Pretax Income": NaN,
        "Other Income Expense": NaN,
        "Special Income Charges": NaN,
        "Other Special Charges": -1183000000.0,
        "Write Off": NaN,
        "Restructuring And Mergern Acquisition": NaN,
        "Gain On Sale Of Security": NaN,
        "Net Non Operating Interest Income Expense": NaN,
        "Total Other Finance Cost": NaN,
        "Interest Expense Non Operating": NaN,
        "Interest Income Non Operating": NaN,
        "Operating Income": NaN,
        "Operating Expense": NaN,
        "Research And Development": NaN,
        "Selling General And Administration": NaN,
        "Gross Profit": NaN,
        "Cost Of Revenue": NaN,
        "Total Revenue": NaN,
        "Operating Revenue": NaN
    },
    "2024-03-31": {
        "Tax Effect Of Unusual Items": -56086230.876217,
        "Tax Rate For Calcs": 0.392211,
        "Normalized EBITDA": 2233000000.0,
        "Total Unusual Items": -143000000.0,
        "Total Unusual Items Excluding Goodwill": -143000000.0,
        "Net Income From Continuing Operation Net Minority Interest": -381000000.0,
        "Reconciled Depreciation": 2551000000.0,
        "Reconciled Cost Of Revenue": 7507000000.0,
        "EBITDA": 2090000000.0,
        "EBIT": -461000000.0,
        "Net Interest Income": 145000000.0,
        "Interest Expense": 258000000.0,
        "Interest Income": 323000000.0,
        "Normalized Income": -294086230.876217,
        "Net Income From Continuing And Discontinued Operation": -381000000.0,
        "Total Expenses": 13445000000.0,
        "Total Operating Income As Reported": -1069000000.0,
        "Diluted Average Shares": 4242000000.0,
        "Basic Average Shares": 4242000000.0,
        "Diluted EPS": -0.09,
        "Basic EPS": -0.09,
        "Diluted NI Availto Com Stockholders": -381000000.0,
        "Net Income Common Stockholders": -381000000.0,
        "Net Income": -381000000.0,
        "Minority Interests": 56000000.0,
        "Net Income Including Noncontrolling Interests": -437000000.0,
        "Net Income Continuous Operations": -437000000.0,
        "Tax Provision": -282000000.0,
        "Pretax Income": -719000000.0,
        "Other Income Expense": -143000000.0,
        "Special Income Charges": -417000000.0,
        "Other Special Charges": NaN,
        "Write Off": 288000000.0,
        "Restructuring And Mergern Acquisition": 129000000.0,
        "Gain On Sale Of Security": 274000000.0,
        "Net Non Operating Interest Income Expense": 145000000.0,
        "Total Other Finance Cost": -80000000.0,
        "Interest Expense Non Operating": 258000000.0,
        "Interest Income Non Operating": 323000000.0,
        "Operating Income": -721000000.0,
        "Operating Expense": 5938000000.0,
        "Research And Development": 4382000000.0,
        "Selling General And Administration": 1556000000.0,
        "Gross Profit": 5217000000.0,
        "Cost Of Revenue": 7507000000.0,
        "Total Revenue": 12724000000.0,
        "Operating Revenue": 12724000000.0
    },
    "2024-06-30": {
        "Tax Effect Of Unusual Items": -186025000.0,
        "Tax Rate For Calcs": 0.175,
        "Normalized EBITDA": 1922000000.0,
        "Total Unusual Items": -1063000000.0,
        "Total Unusual Items Excluding Goodwill": -1063000000.0,
        "Net Income From Continuing Operation Net Minority Interest": -1610000000.0,
        "Reconciled Depreciation": 2569000000.0,
        "Reconciled Cost Of Revenue": 8286000000.0,
        "EBITDA": 859000000.0,
        "EBIT": -1710000000.0,
        "Net Interest Income": 80000000.0,
        "Interest Expense": 294000000.0,
        "Interest Income": 320000000.0,
        "Normalized Income": -733025000.0,
        "Net Income From Continuing And Discontinued Operation": -1610000000.0,
        "Total Expenses": 13854000000.0,
        "Total Operating Income As Reported": -1964000000.0,
        "Diluted Average Shares": 4267000000.0,
        "Basic Average Shares": 4267000000.0,
        "Diluted EPS": -0.38,
        "Basic EPS": -0.38,
        "Diluted NI Availto Com Stockholders": -1610000000.0,
        "Net Income Common Stockholders": -1610000000.0,
        "Net Income": -1610000000.0,
        "Minority Interests": 44000000.0,
        "Net Income Including Noncontrolling Interests": -1654000000.0,
        "Net Income Continuous Operations": -1654000000.0,
        "Tax Provision": -350000000.0,
        "Pretax Income": -2004000000.0,
        "Other Income Expense": -1063000000.0,
        "Special Income Charges": -1034000000.0,
        "Gain On Sale Of Business": NaN,
        "Other Special Charges": 778000000.0,
        "Write Off": 91000000.0,
        "Restructuring And Mergern Acquisition": 165000000.0,
        "Gain On Sale Of Security": -29000000.0,
        "Net Non Operating Interest Income Expense": 80000000.0,
        "Total Other Finance Cost": -54000000.0,
        "Interest Expense Non Operating": 294000000.0,
        "Interest Income Non Operating": 320000000.0,
        "Operating Income": -1021000000.0,
        "Operating Expense": 5568000000.0,
        "Research And Development": 4239000000.0,
        "Selling General And Administration": 1329000000.0,
        "Gross Profit": 4547000000.0,
        "Cost Of Revenue": 8286000000.0,
        "Total Revenue": 12833000000.0,
        "Operating Revenue": 12833000000.0
    },
    "2024-09-30": {
        "Tax Effect Of Unusual Items": -1214010000.0,
        "Tax Rate For Calcs": 0.21,
        "Normalized EBITDA": 555000000.0,
        "Total Unusual Items": -5781000000.0,
        "Total Unusual Items Excluding Goodwill": -5781000000.0,
        "Net Income From Continuing Operation Net Minority Interest": -16639000000.0,
        "Reconciled Depreciation": 3612000000.0,
        "Reconciled Cost Of Revenue": 11287000000.0,
        "EBITDA": -5226000000.0,
        "EBIT": -8838000000.0,
        "Net Interest Income": 130000000.0,
        "Interest Expense": 248000000.0,
        "Interest Income": 340000000.0,
        "Normalized Income": -12072010000.0,
        "Net Income From Continuing And Discontinued Operation": -16639000000.0,
        "Total Expenses": 16719000000.0,
        "Total Operating Income As Reported": -9057000000.0,
        "Diluted Average Shares": 4292000000.0,
        "Basic Average Shares": 4292000000.0,
        "Diluted EPS": -3.88,
        "Basic EPS": -3.88,
        "Diluted NI Availto Com Stockholders": -16639000000.0,
        "Net Income Common Stockholders": -16639000000.0,
        "Net Income": -16639000000.0,
        "Minority Interests": 350000000.0,
        "Net Income Including Noncontrolling Interests": -16989000000.0,
        "Net Income Continuous Operations": -16989000000.0,
        "Tax Provision": 7903000000.0,
        "Pretax Income": -9086000000.0,
        "Other Income Expense": -5781000000.0,
        "Special Income Charges": -5732000000.0,
        "Gain On Sale Of Business": NaN,
        "Other Special Charges": 36000000.0,
        "Write Off": 3503000000.0,
        "Restructuring And Mergern Acquisition": 2193000000.0,
        "Gain On Sale Of Security": -49000000.0,
        "Net Non Operating Interest Income Expense": 130000000.0,
        "Total Other Finance Cost": -38000000.0,
        "Interest Expense Non Operating": 248000000.0,
        "Interest Income Non Operating": 340000000.0,
        "Operating Income": -3435000000.0,
        "Operating Expense": 5432000000.0,
        "Research And Development": 4049000000.0,
        "Selling General And Administration": 1383000000.0,
        "Gross Profit": 1997000000.0,
        "Cost Of Revenue": 11287000000.0,
        "Total Revenue": 13284000000.0,
        "Operating Revenue": 13284000000.0
    },
    "2024-12-31": {
        "Tax Effect Of Unusual Items": -104160000.0,
        "Tax Rate For Calcs": 0.21,
        "Normalized EBITDA": 3976000000.0,
        "Total Unusual Items": -496000000.0,
        "Total Unusual Items Excluding Goodwill": -496000000.0,
        "Net Income From Continuing Operation Net Minority Interest": -126000000.0,
        "Reconciled Depreciation": 2647000000.0,
        "Reconciled Cost Of Revenue": 8676000000.0,
        "EBITDA": 3480000000.0,
        "EBIT": 833000000.0,
        "Net Interest Income": 626000000.0,
        "Interest Expense": 234000000.0,
        "Interest Income": 822000000.0,
        "Normalized Income": 265840000.0,
        "Net Income From Continuing And Discontinued Operation": -126000000.0,
        "Total Expenses": 13791000000.0,
        "Total Operating Income As Reported": 412000000.0,
        "Diluted Average Shares": 4319000000.0,
        "Basic Average Shares": 4319000000.0,
        "Diluted EPS": -0.03,
        "Basic EPS": -0.03,
        "Diluted NI Availto Com Stockholders": -126000000.0,
        "Net Income Common Stockholders": -126000000.0,
        "Net Income": -126000000.0,
        "Minority Interests": 27000000.0,
        "Net Income Including Noncontrolling Interests": -153000000.0,
        "Net Income Continuous Operations": -153000000.0,
        "Tax Provision": 752000000.0,
        "Pretax Income": 599000000.0,
        "Other Income Expense": -496000000.0,
        "Special Income Charges": -135000000.0,
        "Gain On Sale Of Business": NaN,
        "Other Special Charges": 44000000.0,
        "Write Off": 97000000.0,
        "Restructuring And Mergern Acquisition": -6000000.0,
        "Gain On Sale Of Security": -361000000.0,
        "Net Non Operating Interest Income Expense": 626000000.0,
        "Total Other Finance Cost": -38000000.0,
        "Interest Expense Non Operating": 234000000.0,
        "Interest Income Non Operating": 822000000.0,
        "Operating Income": 469000000.0,
        "Operating Expense": 5115000000.0,
        "Research And Development": 3876000000.0,
        "Selling General And Administration": 1239000000.0,
        "Gross Profit": 5584000000.0,
        "Cost Of Revenue": 8676000000.0,
        "Total Revenue": 14260000000.0,
        "Operating Revenue": 14260000000.0
    },
    "2025-03-31": {
        "Tax Effect Of Unusual Items": -56280000.0,
        "Tax Rate For Calcs": 0.21,
        "Normalized EBITDA": 2655000000.0,
        "Total Unusual Items": -268000000.0,
        "Total Unusual Items Excluding Goodwill": -268000000.0,
        "Net Income From Continuing Operation Net Minority Interest": -821000000.0,
        "Reconciled Depreciation": 2674000000.0,
        "Reconciled Cost Of Revenue": 7995000000.0,
        "EBITDA": 2387000000.0,
        "EBIT": -287000000.0,
        "Net Interest Income": -173000000.0,
        "Interest Expense": 299000000.0,
        "Interest Income": 245000000.0,
        "Normalized Income": -609280000.0,
        "Net Income From Continuing And Discontinued Operation": -821000000.0,
        "Total Expenses": 12812000000.0,
        "Total Operating Income As Reported": -301000000.0,
        "Diluted Average Shares": 4343000000.0,
        "Basic Average Shares": 4343000000.0,
        "Diluted EPS": -0.19,
        "Basic EPS": -0.19,
        "Diluted NI Availto Com Stockholders": -821000000.0,
        "Net Income Common Stockholders": -821000000.0,
        "Net Income": -821000000.0,
        "Minority Interests": 66000000.0,
        "Net Income Including Noncontrolling Interests": -887000000.0,
        "Net Income Continuous Operations": -887000000.0,
        "Tax Provision": 301000000.0,
        "Pretax Income": -586000000.0,
        "Other Income Expense": -268000000.0,
        "Special Income Charges": -261000000.0,
        "Gain On Sale Of Business": NaN,
        "Other Special Charges": 11000000.0,
        "Write Off": 108000000.0,
        "Restructuring And Mergern Acquisition": 142000000.0,
        "Gain On Sale Of Security": -7000000.0,
        "Net Non Operating Interest Income Expense": -173000000.0,
        "Total Other Finance Cost": 119000000.0,
        "Interest Expense Non Operating": 299000000.0,
        "Interest Income Non Operating": 245000000.0,
        "Operating Income": -145000000.0,
        "Operating Expense": 4817000000.0,
        "Research And Development": 3640000000.0,
        "Selling General And Administration": 1177000000.0,
        "Gross Profit": 4672000000.0,
        "Cost Of Revenue": 7995000000.0,
        "Total Revenue": 12667000000.0,
        "Operating Revenue": 12667000000.0
    },
    "2025-06-30": {
        "Tax Effect Of Unusual Items": -271740000.0,
        "Tax Rate For Calcs": 0.21,
        "Normalized EBITDA": 1765000000.0,
        "Total Unusual Items": -1294000000.0,
        "Total Unusual Items Excluding Goodwill": -1294000000.0,
        "Net Income From Continuing Operation Net Minority Interest": -2918000000.0,
        "Reconciled Depreciation": 3013000000.0,
        "Reconciled Cost Of Revenue": 9317000000.0,
        "EBITDA": 471000000.0,
        "EBIT": -2542000000.0,
        "Net Interest Income": -189000000.0,
        "Interest Expense": 227000000.0,
        "Interest Income": 210000000.0,
        "Normalized Income": -1895740000.0,
        "Net Income From Continuing And Discontinued Operation": -2918000000.0,
        "Total Expenses": 14145000000.0,
        "Total Operating Income As Reported": -3176000000.0,
        "Diluted Average Shares": 4369000000.0,
        "Basic Average Shares": 4369000000.0,
        "Diluted EPS": -0.67,
        "Basic EPS": -0.67,
        "Diluted NI Availto Com Stockholders": -2918000000.0,
        "Net Income Common Stockholders": -2918000000.0,
        "Net Income": -2918000000.0,
        "Minority Interests": 106000000.0,
        "Net Income Including Noncontrolling Interests": -3024000000.0,
        "Net Income Continuous Operations": -3024000000.0,
        "Tax Provision": 255000000.0,
        "Pretax Income": -2769000000.0,
        "Other Income Expense": -1294000000.0,
        "Special Income Charges": -1847000000.0,
        "Gain On Sale Of Business": 94000000.0,
        "Other Special Charges": 8000000.0,
        "Write Off": 467000000.0,
        "Restructuring And Mergern Acquisition": 1466000000.0,
        "Gain On Sale Of Security": 553000000.0,
        "Net Non Operating Interest Income Expense": -189000000.0,
        "Total Other Finance Cost": 172000000.0,
        "Interest Expense Non Operating": 227000000.0,
        "Interest Income Non Operating": 210000000.0,
        "Operating Income": -1286000000.0,
        "Operating Expense": 4828000000.0,
        "Research And Development": 3684000000.0,
        "Selling General And Administration": 1144000000.0,
        "Gross Profit": 3542000000.0,
        "Cost Of Revenue": 9317000000.0,
        "Total Revenue": 12859000000.0,
        "Operating Revenue": 12859000000.0
    }
}