{
    "2023-12-31": {
        "Tax Effect Of Unusual Items": 0.0,
        "Tax Rate For Calcs": 0.21,
        "Normalized EBITDA": 2072000.0,
        "Net Income From Continuing Operation Net Minority Interest": 766000.0,
        "Reconciled Depreciation": 1168000.0,
        "Reconciled Cost Of Revenue": 14600000.0,
        "EBITDA": 2072000.0,
        "EBIT": 904000.0,
        "Net Interest Income": -153000.0,
        "Interest Expense": 153000.0,
        "Normalized Income": 766000.0,
        "Net Income From Continuing And Discontinued Operation": 766000.0,
        "Total Expenses": 25868000.0,
        "Total Operating Income As Reported": 294000.0,
        "Diluted Average Shares": NaN,
        "Basic Average Shares": NaN,
        "Diluted EPS": NaN,
        "Basic EPS": NaN,
        "Diluted NI Availto Com Stockholders": 766000.0,
        "Net Income Common Stockholders": 766000.0,
        "Net Income": 766000.0,
        "Net Income Including Noncontrolling Interests": 766000.0,
        "Net Income Continuous Operations": 766000.0,
        "Tax Provision": -15000.0,
        "Pretax Income": 751000.0,
        "Other Income Expense": 610000.0,
        "Other Non Operating Income Expenses": 610000.0,
        "Net Non Operating Interest Income Expense": -153000.0,
        "Interest Expense Non Operating": 153000.0,
        "Operating Income": 294000.0,
        "Operating Expense": 11268000.0,
        "Research And Development": 1929000.0,
        "Selling General And Administration": 9339000.0,
        "Selling And Marketing Expense": 4122000.0,
        "General And Administrative Expense": 5217000.0,
        "Other Gand A": 5217000.0,
        "Gross Profit": 11562000.0,
        "Cost Of Revenue": 14600000.0,
        "Total Revenue": 26162000.0,
        "Operating Revenue": 26162000.0
    },
    "2023-09-30": {
        "Tax Effect Of Unusual Items": NaN,
        "Tax Rate For Calcs": NaN,
        "Normalized EBITDA": NaN,
        "Net Income From Continuing Operation Net Minority Interest": NaN,
        "Reconciled Depreciation": NaN,
        "Reconciled Cost Of Revenue": NaN,
        "EBITDA": NaN,
        "EBIT": NaN,
        "Net Interest Income": NaN,
        "Interest Expense": NaN,
        "Normalized Income": NaN,
        "Net Income From Continuing And Discontinued Operation": NaN,
        "Total Expenses": NaN,
        "Total Operating Income As Reported": NaN,
        "Diluted Average Shares": 12212317.0,
        "Basic Average Shares": 11886005.0,
        "Diluted EPS": 0.24,
        "Basic EPS": 0.25,
        "Diluted NI Availto Com Stockholders": NaN,
        "Net Income Common Stockholders": NaN,
        "Net Income": NaN,
        "Net Income Including Noncontrolling Interests": NaN,
        "Net Income Continuous Operations": NaN,
        "Tax Provision": NaN,
        "Pretax Income": NaN,
        "Other Income Expense": NaN,
        "Other Non Operating Income Expenses": NaN,
        "Net Non Operating Interest Income Expense": NaN,
        "Interest Expense Non Operating": NaN,
        "Operating Income": NaN,
        "Operating Expense": NaN,
        "Research And Development": NaN,
        "Selling General And Administration": NaN,
        "Selling And Marketing Expense": NaN,
        "General And Administrative Expense": NaN,
        "Other Gand A": NaN,
        "Gross Profit": NaN,
        "Cost Of Revenue": NaN,
        "Total Revenue": NaN,
        "Operating Revenue": NaN
    },
    "2023-06-30": {
        "Tax Effect Of Unusual Items": NaN,
        "Tax Rate For Calcs": NaN,
        "Normalized EBITDA": NaN,
        "Net Income From Continuing Operation Net Minority Interest": NaN,
        "Reconciled Depreciation": NaN,
        "Reconciled Cost Of Revenue": NaN,
        "EBITDA": NaN,
        "EBIT": NaN,
        "Net Interest Income": NaN,
        "Interest Expense": NaN,
        "Normalized Income": NaN,
        "Net Income From Continuing And Discontinued Operation": NaN,
        "Total Expenses": NaN,
        "Total Operating Income As Reported": NaN,
        "Diluted Average Shares": 11696569.0,
        "Basic Average Shares": 11241183.0,
        "Diluted EPS": 0.24,
        "Basic EPS": 0.25,
        "Diluted NI Availto Com Stockholders": NaN,
        "Net Income Common Stockholders": NaN,
        "Net Income": NaN,
        "Net Income Including Noncontrolling Interests": NaN,
        "Net Income Continuous Operations": NaN,
        "Tax Provision": NaN,
        "Pretax Income": NaN,
        "Other Income Expense": NaN,
        "Other Non Operating Income Expenses": NaN,
        "Net Non Operating Interest Income Expense": NaN,
        "Interest Expense Non Operating": NaN,
        "Operating Income": NaN,
        "Operating Expense": NaN,
        "Research And Development": NaN,
        "Selling General And Administration": NaN,
        "Selling And Marketing Expense": NaN,
        "General And Administrative Expense": NaN,
        "Other Gand A": NaN,
        "Gross Profit": NaN,
        "Cost Of Revenue": NaN,
        "Total Revenue": NaN,
        "Operating Revenue": NaN
    },
    "2023-03-31": {
        "Tax Effect Of Unusual Items": NaN,
        "Tax Rate For Calcs": NaN,
        "Normalized EBITDA": NaN,
        "Net Income From Continuing Operation Net Minority Interest": NaN,
        "Reconciled Depreciation": NaN,
        "Reconciled Cost Of Revenue": NaN,
        "EBITDA": NaN,
        "EBIT": NaN,
        "Net Interest Income": NaN,
        "Interest Expense": NaN,
        "Normalized Income": NaN,
        "Net Income From Continuing And Discontinued Operation": NaN,
        "Total Expenses": NaN,
        "Total Operating Income As Reported": NaN,
        "Diluted Average Shares": 11088664.0,
        "Basic Average Shares": 10755729.0,
        "Diluted EPS": 0.25,
        "Basic EPS": 0.26,
        "Diluted NI Availto Com Stockholders": NaN,
        "Net Income Common Stockholders": NaN,
        "Net Income": NaN,
        "Net Income Including Noncontrolling Interests": NaN,
        "Net Income Continuous Operations": NaN,
        "Tax Provision": NaN,
        "Pretax Income": NaN,
        "Other Income Expense": NaN,
        "Other Non Operating Income Expenses": NaN,
        "Net Non Operating Interest Income Expense": NaN,
        "Interest Expense Non Operating": NaN,
        "Operating Income": NaN,
        "Operating Expense": NaN,
        "Research And Development": NaN,
        "Selling General And Administration": NaN,
        "Selling And Marketing Expense": NaN,
        "General And Administrative Expense": NaN,
        "Other Gand A": NaN,
        "Gross Profit": NaN,
        "Cost Of Revenue": NaN,
        "Total Revenue": NaN,
        "Operating Revenue": NaN
    },
    "2024-03-31": {
        "Tax Effect Of Unusual Items": NaN,
        "Tax Rate For Calcs": NaN,
        "Normalized EBITDA": NaN,
        "Total Unusual Items": 0.0,
        "Total Unusual Items Excluding Goodwill": 0.0,
        "Net Income From Continuing Operation Net Minority Interest": NaN,
        "Reconciled Depreciation": NaN,
        "Reconciled Cost Of Revenue": NaN,
        "EBITDA": NaN,
        "EBIT": NaN,
        "Net Interest Income": NaN,
        "Interest Expense": NaN,
        "Normalized Income": NaN,
        "Net Income From Continuing And Discontinued Operation": NaN,
        "Total Expenses": NaN,
        "Total Operating Income As Reported": NaN,
        "Diluted Average Shares": NaN,
        "Basic Average Shares": NaN,
        "Diluted EPS": NaN,
        "Basic EPS": NaN,
        "Diluted NI Availto Com Stockholders": NaN,
        "Net Income Common Stockholders": NaN,
        "Net Income": NaN,
        "Net Income Including Noncontrolling Interests": NaN,
        "Net Income Continuous Operations": NaN,
        "Tax Provision": NaN,
        "Pretax Income": NaN,
        "Other Income Expense": NaN,
        "Other Non Operating Income Expenses": NaN,
        "Special Income Charges": 0.0,
        "Restructuring And Mergern Acquisition": 0.0,
        "Net Non Operating Interest Income Expense": NaN,
        "Interest Expense Non Operating": NaN,
        "Operating Income": NaN,
        "Operating Expense": NaN,
        "Depreciation Amortization Depletion Income Statement": 595000.0,
        "Depreciation And Amortization In Income Statement": 595000.0,
        "Amortization": 595000.0,
        "Amortization Of Intangibles Income Statement": 595000.0,
        "Research And Development": NaN,
        "Selling General And Administration": NaN,
        "Selling And Marketing Expense": NaN,
        "General And Administrative Expense": NaN,
        "Other Gand A": NaN,
        "Gross Profit": NaN,
        "Cost Of Revenue": NaN,
        "Total Revenue": NaN,
        "Operating Revenue": NaN
    },
    "2022-12-31": {
        "Tax Effect Of Unusual Items": NaN,
        "Tax Rate For Calcs": NaN,
        "Normalized EBITDA": NaN,
        "Total Unusual Items": 0.0,
        "Total Unusual Items Excluding Goodwill": 0.0,
        "Net Income From Continuing Operation Net Minority Interest": NaN,
        "Reconciled Depreciation": NaN,
        "Reconciled Cost Of Revenue": NaN,
        "EBITDA": NaN,
        "EBIT": NaN,
        "Net Interest Income": NaN,
        "Interest Expense": NaN,
        "Normalized Income": NaN,
        "Net Income From Continuing And Discontinued Operation": NaN,
        "Total Expenses": NaN,
        "Total Operating Income As Reported": NaN,
        "Diluted Average Shares": NaN,
        "Basic Average Shares": NaN,
        "Diluted EPS": NaN,
        "Basic EPS": NaN,
        "Diluted NI Availto Com Stockholders": NaN,
        "Net Income Common Stockholders": NaN,
        "Net Income": NaN,
        "Net Income Including Noncontrolling Interests": NaN,
        "Net Income Continuous Operations": NaN,
        "Tax Provision": NaN,
        "Pretax Income": NaN,
        "Other Income Expense": NaN,
        "Other Non Operating Income Expenses": NaN,
        "Special Income Charges": 0.0,
        "Restructuring And Mergern Acquisition": 0.0,
        "Net Non Operating Interest Income Expense": NaN,
        "Interest Expense Non Operating": NaN,
        "Operating Income": NaN,
        "Operating Expense": NaN,
        "Research And Development": NaN,
        "Selling General And Administration": NaN,
        "Selling And Marketing Expense": NaN,
        "General And Administrative Expense": NaN,
        "Other Gand A": NaN,
        "Gross Profit": NaN,
        "Cost Of Revenue": NaN,
        "Total Revenue": NaN,
        "Operating Revenue": NaN
    },
    "2022-09-30": {
        "Tax Effect Of Unusual Items": NaN,
        "Tax Rate For Calcs": NaN,
        "Normalized EBITDA": NaN,
        "Total Unusual Items": 0.0,
        "Total Unusual Items Excluding Goodwill": 0.0,
        "Net Income From Continuing Operation Net Minority Interest": NaN,
        "Reconciled Depreciation": NaN,
        "Reconciled Cost Of Revenue": NaN,
        "EBITDA": NaN,
        "EBIT": NaN,
        "Net Interest Income": NaN,
        "Interest Expense": NaN,
        "Normalized Income": NaN,
        "Net Income From Continuing And Discontinued Operation": NaN,
        "Total Expenses": NaN,
        "Total Operating Income As Reported": NaN,
        "Diluted Average Shares": NaN,
        "Basic Average Shares": NaN,
        "Diluted EPS": NaN,
        "Basic EPS": NaN,
        "Diluted NI Availto Com Stockholders": NaN,
        "Net Income Common Stockholders": NaN,
        "Net Income": NaN,
        "Net Income Including Noncontrolling Interests": NaN,
        "Net Income Continuous Operations": NaN,
        "Tax Provision": NaN,
        "Pretax Income": NaN,
        "Other Income Expense": NaN,
        "Other Non Operating Income Expenses": NaN,
        "Special Income Charges": 0.0,
        "Restructuring And Mergern Acquisition": 0.0,
        "Net Non Operating Interest Income Expense": NaN,
        "Interest Expense Non Operating": NaN,
        "Operating Income": NaN,
        "Operating Expense": NaN,
        "Research And Development": NaN,
        "Selling General And Administration": NaN,
        "Selling And Marketing Expense": NaN,
        "General And Administrative Expense": NaN,
        "Other Gand A": NaN,
        "Gross Profit": NaN,
        "Cost Of Revenue": NaN,
        "Total Revenue": NaN,
        "Operating Revenue": NaN
    },
    "2024-06-30": {
        "Tax Effect Of Unusual Items": NaN,
        "Tax Rate For Calcs": NaN,
        "Normalized EBITDA": NaN,
        "Total Unusual Items": 0.0,
        "Total Unusual Items Excluding Goodwill": 0.0,
        "Net Income From Continuing Operation Net Minority Interest": NaN,
        "Reconciled Depreciation": NaN,
        "Reconciled Cost Of Revenue": NaN,
        "EBITDA": NaN,
        "EBIT": NaN,
        "Net Interest Income": NaN,
        "Interest Expense": NaN,
        "Normalized Income": NaN,
        "Net Income From Continuing And Discontinued Operation": NaN,
        "Total Expenses": NaN,
        "Total Operating Income As Reported": NaN,
        "Diluted Average Shares": NaN,
        "Basic Average Shares": NaN,
        "Diluted EPS": NaN,
        "Basic EPS": NaN,
        "Diluted NI Availto Com Stockholders": NaN,
        "Net Income Common Stockholders": NaN,
        "Net Income": NaN,
        "Net Income Including Noncontrolling Interests": NaN,
        "Net Income Continuous Operations": NaN,
        "Tax Provision": NaN,
        "Pretax Income": NaN,
        "Other Income Expense": NaN,
        "Other Non Operating Income Expenses": NaN,
        "Special Income Charges": 0.0,
        "Restructuring And Mergern Acquisition": 0.0,
        "Net Non Operating Interest Income Expense": NaN,
        "Interest Expense Non Operating": NaN,
        "Operating Income": NaN,
        "Operating Expense": NaN,
        "Depreciation Amortization Depletion Income Statement": 897000.0,
        "Depreciation And Amortization In Income Statement": 897000.0,
        "Amortization": 897000.0,
        "Amortization Of Intangibles Income Statement": 897000.0,
        "Research And Development": NaN,
        "Selling General And Administration": NaN,
        "Selling And Marketing Expense": NaN,
        "General And Administrative Expense": NaN,
        "Other Gand A": NaN,
        "Gross Profit": NaN,
        "Cost Of Revenue": NaN,
        "Total Revenue": NaN,
        "Operating Revenue": NaN
    },
    "2024-09-30": {
        "Tax Effect Of Unusual Items": 0.0,
        "Tax Rate For Calcs": 0.13,
        "Normalized EBITDA": 2451000.0,
        "Total Unusual Items": 0.0,
        "Total Unusual Items Excluding Goodwill": 0.0,
        "Net Income From Continuing Operation Net Minority Interest": 495000.0,
        "Reconciled Depreciation": 1663000.0,
        "Reconciled Cost Of Revenue": 15541000.0,
        "EBITDA": 2451000.0,
        "EBIT": 788000.0,
        "Net Interest Income": -219000.0,
        "Interest Expense": 219000.0,
        "Normalized Income": 495000.0,
        "Net Income From Continuing And Discontinued Operation": 495000.0,
        "Total Expenses": 29785000.0,
        "Total Operating Income As Reported": 487000.0,
        "Diluted Average Shares": 12251712.0,
        "Basic Average Shares": 12189761.0,
        "Diluted EPS": 0.04,
        "Basic EPS": 0.04,
        "Diluted NI Availto Com Stockholders": 495000.0,
        "Net Income Common Stockholders": 495000.0,
        "Net Income": 495000.0,
        "Net Income Including Noncontrolling Interests": 495000.0,
        "Net Income Continuous Operations": 495000.0,
        "Tax Provision": 74000.0,
        "Pretax Income": 569000.0,
        "Other Income Expense": 301000.0,
        "Other Non Operating Income Expenses": 301000.0,
        "Special Income Charges": 0.0,
        "Restructuring And Mergern Acquisition": 0.0,
        "Net Non Operating Interest Income Expense": -219000.0,
        "Interest Expense Non Operating": 219000.0,
        "Operating Income": 487000.0,
        "Operating Expense": 13525000.0,
        "Depreciation Amortization Depletion Income Statement": 944000.0,
        "Depreciation And Amortization In Income Statement": 944000.0,
        "Amortization": 944000.0,
        "Amortization Of Intangibles Income Statement": 944000.0,
        "Research And Development": 2182000.0,
        "Selling General And Administration": 10399000.0,
        "Selling And Marketing Expense": 4281000.0,
        "General And Administrative Expense": 6118000.0,
        "Other Gand A": 6118000.0,
        "Gross Profit": 14012000.0,
        "Cost Of Revenue": 16260000.0,
        "Total Revenue": 30272000.0,
        "Operating Revenue": 30272000.0
    },
    "2024-12-31": {
        "Tax Effect Of Unusual Items": 0.0,
        "Tax Rate For Calcs": 0.165372,
        "Normalized EBITDA": 2959000.0,
        "Total Unusual Items": NaN,
        "Total Unusual Items Excluding Goodwill": NaN,
        "Net Income From Continuing Operation Net Minority Interest": 1504000.0,
        "Reconciled Depreciation": 923000.0,
        "Reconciled Cost Of Revenue": 22064000.0,
        "EBITDA": 2959000.0,
        "EBIT": 2036000.0,
        "Net Interest Income": -234000.0,
        "Interest Expense": 234000.0,
        "Normalized Income": 1504000.0,
        "Net Income From Continuing And Discontinued Operation": 1504000.0,
        "Total Expenses": 34524000.0,
        "Total Operating Income As Reported": 2079000.0,
        "Diluted Average Shares": 12216344.0,
        "Basic Average Shares": 12156931.0,
        "Diluted EPS": 0.12,
        "Basic EPS": 0.12,
        "Diluted NI Availto Com Stockholders": 1504000.0,
        "Net Income Common Stockholders": 1504000.0,
        "Net Income": 1504000.0,
        "Net Income Including Noncontrolling Interests": 1504000.0,
        "Net Income Continuous Operations": 1504000.0,
        "Tax Provision": 298000.0,
        "Pretax Income": 1802000.0,
        "Other Income Expense": -43000.0,
        "Other Non Operating Income Expenses": -43000.0,
        "Special Income Charges": NaN,
        "Restructuring And Mergern Acquisition": NaN,
        "Net Non Operating Interest Income Expense": -234000.0,
        "Interest Expense Non Operating": 234000.0,
        "Operating Income": 2079000.0,
        "Operating Expense": 12460000.0,
        "Depreciation Amortization Depletion Income Statement": NaN,
        "Depreciation And Amortization In Income Statement": NaN,
        "Amortization": NaN,
        "Amortization Of Intangibles Income Statement": NaN,
        "Research And Development": 2166000.0,
        "Selling General And Administration": 10294000.0,
        "Selling And Marketing Expense": 4402000.0,
        "General And Administrative Expense": 5892000.0,
        "Other Gand A": 5892000.0,
        "Gross Profit": 14539000.0,
        "Cost Of Revenue": 22064000.0,
        "Total Revenue": 36603000.0,
        "Operating Revenue": 36603000.0
    },
    "2025-03-31": {
        "Tax Effect Of Unusual Items": -51645.0,
        "Tax Rate For Calcs": 0.165,
        "Normalized EBITDA": -583000.0,
        "Total Unusual Items": -313000.0,
        "Total Unusual Items Excluding Goodwill": -313000.0,
        "Net Income From Continuing Operation Net Minority Interest": -2329000.0,
        "Reconciled Depreciation": 1741000.0,
        "Reconciled Cost Of Revenue": 14653000.0,
        "EBITDA": -896000.0,
        "EBIT": -2637000.0,
        "Net Interest Income": -152000.0,
        "Interest Expense": 152000.0,
        "Normalized Income": -2067645.0,
        "Net Income From Continuing And Discontinued Operation": -2329000.0,
        "Total Expenses": 29205000.0,
        "Total Operating Income As Reported": -2881000.0,
        "Diluted Average Shares": 12179418.0,
        "Basic Average Shares": 12179418.0,
        "Diluted EPS": -0.19,
        "Basic EPS": -0.19,
        "Diluted NI Availto Com Stockholders": -2329000.0,
        "Net Income Common Stockholders": -2329000.0,
        "Net Income": -2329000.0,
        "Net Income Including Noncontrolling Interests": -2329000.0,
        "Net Income Continuous Operations": -2329000.0,
        "Tax Provision": -460000.0,
        "Pretax Income": -2789000.0,
        "Other Income Expense": -69000.0,
        "Other Non Operating Income Expenses": 244000.0,
        "Special Income Charges": -313000.0,
        "Restructuring And Mergern Acquisition": 313000.0,
        "Net Non Operating Interest Income Expense": -152000.0,
        "Interest Expense Non Operating": 152000.0,
        "Operating Income": -2568000.0,
        "Operating Expense": 13624000.0,
        "Depreciation Amortization Depletion Income Statement": 813000.0,
        "Depreciation And Amortization In Income Statement": 813000.0,
        "Amortization": 813000.0,
        "Amortization Of Intangibles Income Statement": 813000.0,
        "Research And Development": 2448000.0,
        "Selling General And Administration": 10363000.0,
        "Selling And Marketing Expense": 4547000.0,
        "General And Administrative Expense": 5816000.0,
        "Other Gand A": 5816000.0,
        "Gross Profit": 11056000.0,
        "Cost Of Revenue": 15581000.0,
        "Total Revenue": 26637000.0,
        "Operating Revenue": 26637000.0
    },
    "2025-06-30": {
        "Tax Effect Of Unusual Items": -29592.0,
        "Tax Rate For Calcs": 0.137,
        "Normalized EBITDA": 1317000.0,
        "Total Unusual Items": -216000.0,
        "Total Unusual Items Excluding Goodwill": -216000.0,
        "Net Income From Continuing Operation Net Minority Interest": -503000.0,
        "Reconciled Depreciation": 1565000.0,
        "Reconciled Cost Of Revenue": 15442000.0,
        "EBITDA": 1101000.0,
        "EBIT": -464000.0,
        "Net Interest Income": -119000.0,
        "Interest Expense": 119000.0,
        "Normalized Income": -316592.0,
        "Net Income From Continuing And Discontinued Operation": -503000.0,
        "Total Expenses": 28841000.0,
        "Total Operating Income As Reported": -927000.0,
        "Diluted Average Shares": 12215258.0,
        "Basic Average Shares": 12215258.0,
        "Diluted EPS": -0.04,
        "Basic EPS": -0.04,
        "Diluted NI Availto Com Stockholders": -503000.0,
        "Net Income Common Stockholders": -503000.0,
        "Net Income": -503000.0,
        "Net Income Including Noncontrolling Interests": -503000.0,
        "Net Income Continuous Operations": -503000.0,
        "Tax Provision": -80000.0,
        "Pretax Income": -583000.0,
        "Other Income Expense": 247000.0,
        "Other Non Operating Income Expenses": 463000.0,
        "Special Income Charges": -216000.0,
        "Restructuring And Mergern Acquisition": 216000.0,
        "Net Non Operating Interest Income Expense": -119000.0,
        "Interest Expense Non Operating": 119000.0,
        "Operating Income": -711000.0,
        "Operating Expense": 12684000.0,
        "Depreciation Amortization Depletion Income Statement": 850000.0,
        "Depreciation And Amortization In Income Statement": 850000.0,
        "Amortization": 850000.0,
        "Amortization Of Intangibles Income Statement": 850000.0,
        "Research And Development": 2245000.0,
        "Selling General And Administration": 9589000.0,
        "Selling And Marketing Expense": 3829000.0,
        "General And Administrative Expense": 5760000.0,
        "Other Gand A": 5760000.0,
        "Gross Profit": 11973000.0,
        "Cost Of Revenue": 16157000.0,
        "Total Revenue": 28130000.0,
        "Operating Revenue": 28130000.0
    },
    "2025-09-30": {
        "Tax Effect Of Unusual Items": -27376.0,
        "Tax Rate For Calcs": 0.236,
        "Normalized EBITDA": 687000.0,
        "Total Unusual Items": -116000.0,
        "Total Unusual Items Excluding Goodwill": -116000.0,
        "Net Income From Continuing Operation Net Minority Interest": -938000.0,
        "Reconciled Depreciation": 1703000.0,
        "Reconciled Cost Of Revenue": 14382000.0,
        "EBITDA": 571000.0,
        "EBIT": -1132000.0,
        "Net Interest Income": -95000.0,
        "Interest Expense": 95000.0,
        "Normalized Income": -849376.0,
        "Net Income From Continuing And Discontinued Operation": -938000.0,
        "Total Expenses": 27313000.0,
        "Total Operating Income As Reported": -1193000.0,
        "Diluted Average Shares": 12208586.0,
        "Basic Average Shares": 12208586.0,
        "Diluted EPS": -0.08,
        "Basic EPS": -0.08,
        "Diluted NI Availto Com Stockholders": -938000.0,
        "Net Income Common Stockholders": -938000.0,
        "Net Income": -938000.0,
        "Net Income Including Noncontrolling Interests": -938000.0,
        "Net Income Continuous Operations": -938000.0,
        "Tax Provision": -289000.0,
        "Pretax Income": -1227000.0,
        "Other Income Expense": -55000.0,
        "Other Non Operating Income Expenses": 61000.0,
        "Special Income Charges": -116000.0,
        "Restructuring And Mergern Acquisition": 116000.0,
        "Net Non Operating Interest Income Expense": -95000.0,
        "Interest Expense Non Operating": 95000.0,
        "Operating Income": -1077000.0,
        "Operating Expense": 12069000.0,
        "Depreciation Amortization Depletion Income Statement": 841000.0,
        "Depreciation And Amortization In Income Statement": 841000.0,
        "Amortization": 841000.0,
        "Amortization Of Intangibles Income Statement": 841000.0,
        "Research And Development": 2335000.0,
        "Selling General And Administration": 8893000.0,
        "Selling And Marketing Expense": 3765000.0,
        "General And Administrative Expense": 5128000.0,
        "Other Gand A": 5128000.0,
        "Gross Profit": 10992000.0,
        "Cost Of Revenue": 15244000.0,
        "Total Revenue": 26236000.0,
        "Operating Revenue": 26236000.0
    }
}