{
    "2023-03-31": {
        "Tax Effect Of Unusual Items": 0.0,
        "Tax Rate For Calcs": 0.0,
        "Normalized EBITDA": -3606000.0,
        "Total Unusual Items": NaN,
        "Total Unusual Items Excluding Goodwill": NaN,
        "Net Income From Continuing Operation Net Minority Interest": -4734000.0,
        "Reconciled Depreciation": 397000.0,
        "Reconciled Cost Of Revenue": 313000.0,
        "EBITDA": -3606000.0,
        "EBIT": -4003000.0,
        "Net Interest Income": -690000.0,
        "Interest Expense": 731000.0,
        "Interest Income": 41000.0,
        "Normalized Income": -4734000.0,
        "Net Income From Continuing And Discontinued Operation": -4734000.0,
        "Total Expenses": 5353000.0,
        "Total Operating Income As Reported": -4044000.0,
        "Diluted Average Shares": 1054000.0,
        "Basic Average Shares": 1054000.0,
        "Diluted EPS": -4.49,
        "Basic EPS": -4.49,
        "Diluted NI Availto Com Stockholders": -4734000.0,
        "Net Income Common Stockholders": -4734000.0,
        "Net Income": -4734000.0,
        "Net Income Including Noncontrolling Interests": -4734000.0,
        "Net Income Continuous Operations": -4734000.0,
        "Pretax Income": -4734000.0,
        "Other Income Expense": NaN,
        "Special Income Charges": NaN,
        "Other Special Charges": NaN,
        "Net Non Operating Interest Income Expense": -690000.0,
        "Interest Expense Non Operating": 731000.0,
        "Interest Income Non Operating": 41000.0,
        "Operating Income": -4044000.0,
        "Operating Expense": 5040000.0,
        "Research And Development": 1796000.0,
        "Selling General And Administration": 3244000.0,
        "Selling And Marketing Expense": 1738000.0,
        "General And Administrative Expense": 1506000.0,
        "Other Gand A": 1506000.0,
        "Gross Profit": 996000.0,
        "Cost Of Revenue": 313000.0,
        "Total Revenue": 1309000.0,
        "Operating Revenue": 1309000.0
    },
    "2022-12-31": {
        "Tax Effect Of Unusual Items": NaN,
        "Tax Rate For Calcs": NaN,
        "Normalized EBITDA": NaN,
        "Total Unusual Items": 0.0,
        "Total Unusual Items Excluding Goodwill": 0.0,
        "Net Income From Continuing Operation Net Minority Interest": NaN,
        "Reconciled Depreciation": NaN,
        "Reconciled Cost Of Revenue": NaN,
        "EBITDA": NaN,
        "EBIT": NaN,
        "Net Interest Income": NaN,
        "Interest Expense": NaN,
        "Interest Income": NaN,
        "Normalized Income": NaN,
        "Net Income From Continuing And Discontinued Operation": NaN,
        "Total Expenses": NaN,
        "Total Operating Income As Reported": NaN,
        "Diluted Average Shares": NaN,
        "Basic Average Shares": NaN,
        "Diluted EPS": NaN,
        "Basic EPS": NaN,
        "Diluted NI Availto Com Stockholders": NaN,
        "Net Income Common Stockholders": NaN,
        "Net Income": NaN,
        "Net Income Including Noncontrolling Interests": NaN,
        "Net Income Continuous Operations": NaN,
        "Pretax Income": NaN,
        "Other Income Expense": 0.0,
        "Special Income Charges": 0.0,
        "Other Special Charges": 0.0,
        "Net Non Operating Interest Income Expense": NaN,
        "Interest Expense Non Operating": NaN,
        "Interest Income Non Operating": NaN,
        "Operating Income": NaN,
        "Operating Expense": NaN,
        "Research And Development": NaN,
        "Selling General And Administration": NaN,
        "Selling And Marketing Expense": NaN,
        "General And Administrative Expense": NaN,
        "Other Gand A": NaN,
        "Gross Profit": NaN,
        "Cost Of Revenue": NaN,
        "Total Revenue": NaN,
        "Operating Revenue": NaN
    },
    "2022-09-30": {
        "Tax Effect Of Unusual Items": NaN,
        "Tax Rate For Calcs": NaN,
        "Normalized EBITDA": NaN,
        "Total Unusual Items": -35000.0,
        "Total Unusual Items Excluding Goodwill": -35000.0,
        "Net Income From Continuing Operation Net Minority Interest": NaN,
        "Reconciled Depreciation": NaN,
        "Reconciled Cost Of Revenue": NaN,
        "EBITDA": NaN,
        "EBIT": NaN,
        "Net Interest Income": NaN,
        "Interest Expense": NaN,
        "Interest Income": NaN,
        "Normalized Income": NaN,
        "Net Income From Continuing And Discontinued Operation": NaN,
        "Total Expenses": NaN,
        "Total Operating Income As Reported": NaN,
        "Diluted Average Shares": NaN,
        "Basic Average Shares": NaN,
        "Diluted EPS": NaN,
        "Basic EPS": NaN,
        "Diluted NI Availto Com Stockholders": NaN,
        "Net Income Common Stockholders": NaN,
        "Net Income": NaN,
        "Net Income Including Noncontrolling Interests": NaN,
        "Net Income Continuous Operations": NaN,
        "Pretax Income": NaN,
        "Other Income Expense": -35000.0,
        "Special Income Charges": -35000.0,
        "Other Special Charges": 35000.0,
        "Net Non Operating Interest Income Expense": NaN,
        "Interest Expense Non Operating": NaN,
        "Interest Income Non Operating": NaN,
        "Operating Income": NaN,
        "Operating Expense": NaN,
        "Research And Development": NaN,
        "Selling General And Administration": NaN,
        "Selling And Marketing Expense": NaN,
        "General And Administrative Expense": NaN,
        "Other Gand A": NaN,
        "Gross Profit": NaN,
        "Cost Of Revenue": NaN,
        "Total Revenue": NaN,
        "Operating Revenue": NaN
    },
    "2022-06-30": {
        "Tax Effect Of Unusual Items": 0.0,
        "Tax Rate For Calcs": 0.0,
        "Normalized EBITDA": -3656000.0,
        "Total Unusual Items": 420000.0,
        "Total Unusual Items Excluding Goodwill": 420000.0,
        "Net Income From Continuing Operation Net Minority Interest": -4065000.0,
        "Reconciled Depreciation": 304000.0,
        "Reconciled Cost Of Revenue": 667000.0,
        "EBITDA": -3236000.0,
        "EBIT": -3540000.0,
        "Net Interest Income": -524000.0,
        "Interest Expense": 525000.0,
        "Interest Income": 1000.0,
        "Normalized Income": -4485000.0,
        "Net Income From Continuing And Discontinued Operation": -4065000.0,
        "Total Expenses": 6019000.0,
        "Total Operating Income As Reported": -3961000.0,
        "Diluted Average Shares": 19372000.0,
        "Basic Average Shares": 19372000.0,
        "Diluted EPS": -0.21,
        "Basic EPS": -0.21,
        "Diluted NI Availto Com Stockholders": -4065000.0,
        "Net Income Common Stockholders": -4065000.0,
        "Net Income": -4065000.0,
        "Net Income Including Noncontrolling Interests": -4065000.0,
        "Net Income Continuous Operations": -4065000.0,
        "Pretax Income": -4065000.0,
        "Other Income Expense": 420000.0,
        "Special Income Charges": 420000.0,
        "Other Special Charges": -420000.0,
        "Net Non Operating Interest Income Expense": -524000.0,
        "Interest Expense Non Operating": 525000.0,
        "Interest Income Non Operating": 1000.0,
        "Operating Income": -3961000.0,
        "Operating Expense": 5352000.0,
        "Research And Development": 1486000.0,
        "Selling General And Administration": 3866000.0,
        "Selling And Marketing Expense": 1817000.0,
        "General And Administrative Expense": 2049000.0,
        "Other Gand A": 2049000.0,
        "Gross Profit": 1391000.0,
        "Cost Of Revenue": 667000.0,
        "Total Revenue": 2058000.0,
        "Operating Revenue": 2058000.0
    },
    "2022-03-31": {
        "Diluted EPS": -0.21,
        "Total Revenue": 2,
        "Gross Profit": 1,
        "Operating Income": -4,
        "EBIT": -4,
        "Net Income": -4
    },
    "2021-12-31": {
        "Diluted EPS": -0.21,
        "Total Revenue": 2,
        "Gross Profit": 0,
        "Operating Income": -4,
        "EBIT": -4,
        "Net Income": -4
    },
    "2021-09-30": {
        "Diluted EPS": -0.34,
        "Total Revenue": 2,
        "Gross Profit": 1,
        "Operating Income": -6,
        "EBIT": -6,
        "Net Income": -6
    },
    "2021-06-30": {
        "Diluted EPS": -0.28,
        "Total Revenue": 2,
        "Gross Profit": 1,
        "Operating Income": -6,
        "EBIT": -6,
        "Net Income": -5
    },
    "2021-03-31": {
        "Diluted EPS": -0.22,
        "Total Revenue": 2,
        "Gross Profit": 1,
        "Operating Income": -4,
        "EBIT": -4,
        "Net Income": -4
    },
    "2020-12-31": {
        "Diluted EPS": -0.26,
        "Total Revenue": 2,
        "Gross Profit": 1,
        "Operating Income": -4,
        "EBIT": -4,
        "Net Income": -4
    },
    "2020-09-30": {
        "Diluted EPS": -0.1,
        "Total Revenue": 2,
        "Gross Profit": 1,
        "Operating Income": -1,
        "EBIT": -1,
        "Net Income": -1
    },
    "2020-06-30": {
        "Diluted EPS": -0.05,
        "Total Revenue": 2,
        "Gross Profit": 1,
        "Operating Income": -1,
        "EBIT": -1,
        "Net Income": -1
    },
    "2020-03-31": {
        "Diluted EPS": -0.04,
        "Total Revenue": 2,
        "Gross Profit": 1,
        "Operating Income": 0,
        "EBIT": 0,
        "Net Income": 0
    },
    "2019-12-31": {
        "Diluted EPS": 0.02,
        "Total Revenue": 3,
        "Gross Profit": 2,
        "Operating Income": 0,
        "EBIT": 0,
        "Net Income": 0
    },
    "2019-09-30": {
        "Diluted EPS": 0.09,
        "Total Revenue": 4,
        "Gross Profit": 2,
        "Operating Income": 1,
        "EBIT": 2,
        "Net Income": 1
    },
    "2019-06-30": {
        "Diluted EPS": 0.11,
        "Total Revenue": 4,
        "Gross Profit": 2,
        "Operating Income": 2,
        "EBIT": 2,
        "Net Income": 2
    },
    "2019-03-31": {
        "Diluted EPS": 0.06,
        "Total Revenue": 3,
        "Gross Profit": 2,
        "Operating Income": 1,
        "EBIT": 1,
        "Net Income": 1
    },
    "2018-12-31": {
        "Diluted EPS": 0.05,
        "Total Revenue": 3,
        "Gross Profit": 2,
        "Operating Income": 1,
        "EBIT": 1,
        "Net Income": 1
    },
    "2018-09-30": {
        "Diluted EPS": 0.04,
        "Total Revenue": 3,
        "Gross Profit": 2,
        "Operating Income": 1,
        "EBIT": 1,
        "Net Income": 1
    },
    "2018-06-30": {
        "Diluted EPS": 0.03,
        "Total Revenue": 2,
        "Gross Profit": 1,
        "Operating Income": 1,
        "EBIT": 1,
        "Net Income": 0
    },
    "2018-03-31": {
        "Diluted EPS": 0.02,
        "Total Revenue": 2,
        "Gross Profit": 1,
        "Operating Income": 0,
        "EBIT": 0,
        "Net Income": 0
    },
    "2017-12-31": {
        "Diluted EPS": 0.02,
        "Total Revenue": 2,
        "Gross Profit": 1,
        "Operating Income": 0,
        "EBIT": 0,
        "Net Income": 0
    },
    "2017-09-30": {
        "Diluted EPS": 0.04,
        "Total Revenue": 2,
        "Gross Profit": 1,
        "Operating Income": 0,
        "EBIT": 0,
        "Net Income": 1
    },
    "2017-06-30": {
        "Diluted EPS": -0.04,
        "Total Revenue": 2,
        "Gross Profit": 1,
        "Operating Income": 0,
        "EBIT": 0,
        "Net Income": 0
    },
    "2017-03-31": {
        "Diluted EPS": -0.03,
        "Total Revenue": 2,
        "Gross Profit": 1,
        "Operating Income": 0,
        "EBIT": 0,
        "Net Income": 0
    },
    "2016-12-31": {
        "Diluted EPS": -0.03,
        "Total Revenue": 1,
        "Gross Profit": 1,
        "Operating Income": 0,
        "EBIT": 0,
        "Net Income": 0
    },
    "2016-09-30": {
        "Diluted EPS": -0.02,
        "Total Revenue": 2,
        "Gross Profit": 1,
        "Operating Income": 0,
        "EBIT": 0,
        "Net Income": 0
    },
    "2016-06-30": {
        "Diluted EPS": -0.03,
        "Total Revenue": 2,
        "Gross Profit": 1,
        "Operating Income": 0,
        "EBIT": 0,
        "Net Income": 0
    },
    "2016-03-31": {
        "Diluted EPS": -0.05,
        "Total Revenue": 2,
        "Gross Profit": 1,
        "Operating Income": -1,
        "EBIT": 0,
        "Net Income": -1
    },
    "2015-12-31": {
        "Diluted EPS": -0.04,
        "Total Revenue": 1,
        "Gross Profit": 1,
        "Operating Income": 0,
        "EBIT": 0,
        "Net Income": -1
    },
    "2015-09-30": {
        "Diluted EPS": -0.04,
        "Total Revenue": 2,
        "Gross Profit": 1,
        "Operating Income": 0,
        "EBIT": 0,
        "Net Income": 0
    },
    "2015-06-30": {
        "Diluted EPS": 0.0,
        "Total Revenue": 2,
        "Gross Profit": 1,
        "Operating Income": 0,
        "EBIT": 0,
        "Net Income": 0
    },
    "2015-03-31": {
        "Diluted EPS": -0.03,
        "Total Revenue": 2,
        "Gross Profit": 1,
        "Operating Income": 0,
        "EBIT": 0,
        "Net Income": 0
    },
    "2014-12-31": {
        "Diluted EPS": -0.02,
        "Total Revenue": 2,
        "Gross Profit": 1,
        "Operating Income": 0,
        "EBIT": 0,
        "Net Income": 0
    },
    "2014-09-30": {
        "Diluted EPS": 0.01,
        "Total Revenue": 2,
        "Gross Profit": 1,
        "Operating Income": 0,
        "EBIT": 0,
        "Net Income": 0
    },
    "2014-06-30": {
        "Diluted EPS": 0.0,
        "Total Revenue": 2,
        "Gross Profit": 1,
        "Operating Income": 0,
        "EBIT": 0,
        "Net Income": 0
    },
    "2014-03-31": {
        "Diluted EPS": -0.02,
        "Total Revenue": 2,
        "Gross Profit": 1,
        "Operating Income": 0,
        "EBIT": 0,
        "Net Income": 0
    },
    "2013-12-31": {
        "Diluted EPS": 0.01,
        "Total Revenue": 2,
        "Gross Profit": 1,
        "Operating Income": 0,
        "EBIT": 0,
        "Net Income": 0
    },
    "2013-09-30": {
        "Diluted EPS": 0.01,
        "Total Revenue": 2,
        "Gross Profit": 1,
        "Operating Income": 0,
        "EBIT": 0,
        "Net Income": 0
    },
    "2013-06-30": {
        "Diluted EPS": 0.01,
        "Total Revenue": 2,
        "Gross Profit": 1,
        "Operating Income": 0,
        "EBIT": 0,
        "Net Income": 0
    },
    "2013-03-31": {
        "Diluted EPS": 0.0,
        "Total Revenue": 2,
        "Gross Profit": 1,
        "Operating Income": 0,
        "EBIT": 0,
        "Net Income": 0
    },
    "2012-12-31": {
        "Diluted EPS": -0.01,
        "Total Revenue": 1,
        "Gross Profit": 1,
        "Operating Income": 0,
        "EBIT": 0,
        "Net Income": 0
    },
    "2012-09-30": {
        "Diluted EPS": 0.0,
        "Total Revenue": 2,
        "Gross Profit": 1,
        "Operating Income": 0,
        "EBIT": 0,
        "Net Income": 0
    },
    "2012-06-30": {
        "Diluted EPS": 0.01,
        "Total Revenue": 2,
        "Gross Profit": 1,
        "Operating Income": 0,
        "EBIT": 0,
        "Net Income": 0
    },
    "2012-03-31": {
        "Diluted EPS": -0.03,
        "Total Revenue": 1,
        "Gross Profit": 1,
        "Operating Income": 0,
        "EBIT": 0,
        "Net Income": 0
    },
    "2011-12-31": {
        "Diluted EPS": -0.02,
        "Total Revenue": 1,
        "Gross Profit": 1,
        "Operating Income": 0,
        "EBIT": 0,
        "Net Income": 0
    },
    "2011-09-30": {
        "Diluted EPS": 0.01,
        "Total Revenue": 2,
        "Gross Profit": 1,
        "Operating Income": 0,
        "EBIT": 0,
        "Net Income": 0
    },
    "2011-06-30": {
        "Diluted EPS": -0.04,
        "Total Revenue": 1,
        "Gross Profit": 1,
        "Operating Income": 0,
        "EBIT": 0,
        "Net Income": -1
    },
    "2011-03-31": {
        "Diluted EPS": -0.04,
        "Total Revenue": 1,
        "Gross Profit": 1,
        "Operating Income": 0,
        "EBIT": 0,
        "Net Income": 0
    },
    "2010-12-31": {
        "Diluted EPS": -0.03,
        "Total Revenue": 1,
        "Gross Profit": 1,
        "Operating Income": 0,
        "EBIT": 0,
        "Net Income": 0
    },
    "2010-09-30": {
        "Diluted EPS": 0.01,
        "Total Revenue": 2,
        "Gross Profit": 1,
        "Operating Income": 0,
        "EBIT": 0,
        "Net Income": 0
    },
    "2010-06-30": {
        "Diluted EPS": 0.01,
        "Total Revenue": 2,
        "Gross Profit": 1,
        "Operating Income": 0,
        "EBIT": 0,
        "Net Income": 0
    },
    "2010-03-31": {
        "Diluted EPS": 0.01,
        "Total Revenue": 2,
        "Gross Profit": 1,
        "Operating Income": 0,
        "EBIT": 0,
        "Net Income": 0
    },
    "2009-12-31": {
        "Diluted EPS": 0.03,
        "Total Revenue": 2,
        "Gross Profit": 1,
        "Operating Income": 0,
        "EBIT": 0,
        "Net Income": 0
    },
    "2009-09-30": {
        "Diluted EPS": 0.0,
        "Total Revenue": 1,
        "Gross Profit": 1,
        "Operating Income": 0,
        "EBIT": 0,
        "Net Income": 0
    },
    "2009-06-30": {
        "Diluted EPS": 0.0,
        "Total Revenue": 1,
        "Gross Profit": 1,
        "Operating Income": 0,
        "EBIT": 0,
        "Net Income": 0
    },
    "2009-03-31": {
        "Diluted EPS": -0.03,
        "Total Revenue": 1,
        "Gross Profit": 1,
        "Operating Income": 0,
        "EBIT": 0,
        "Net Income": 0
    },
    "2023-06-30": {
        "Tax Effect Of Unusual Items": NaN,
        "Tax Rate For Calcs": NaN,
        "Normalized EBITDA": NaN,
        "Total Unusual Items": 0.0,
        "Total Unusual Items Excluding Goodwill": 0.0,
        "Net Income From Continuing Operation Net Minority Interest": NaN,
        "Reconciled Depreciation": NaN,
        "Reconciled Cost Of Revenue": NaN,
        "EBITDA": NaN,
        "EBIT": NaN,
        "Net Interest Income": NaN,
        "Interest Expense": NaN,
        "Interest Income": NaN,
        "Normalized Income": NaN,
        "Net Income From Continuing And Discontinued Operation": NaN,
        "Total Expenses": NaN,
        "Total Operating Income As Reported": NaN,
        "Diluted Average Shares": NaN,
        "Basic Average Shares": NaN,
        "Diluted EPS": NaN,
        "Basic EPS": NaN,
        "Diluted NI Availto Com Stockholders": NaN,
        "Net Income Common Stockholders": NaN,
        "Net Income": NaN,
        "Net Income Including Noncontrolling Interests": NaN,
        "Net Income Continuous Operations": NaN,
        "Pretax Income": NaN,
        "Other Income Expense": NaN,
        "Other Non Operating Income Expenses": NaN,
        "Special Income Charges": 0.0,
        "Net Non Operating Interest Income Expense": NaN,
        "Interest Expense Non Operating": NaN,
        "Interest Income Non Operating": NaN,
        "Operating Income": NaN,
        "Operating Expense": NaN,
        "Research And Development": NaN,
        "Selling General And Administration": NaN,
        "Selling And Marketing Expense": NaN,
        "General And Administrative Expense": NaN,
        "Other Gand A": NaN,
        "Gross Profit": NaN,
        "Cost Of Revenue": NaN,
        "Total Revenue": NaN,
        "Operating Revenue": NaN
    },
    "2023-09-30": {
        "Tax Effect Of Unusual Items": NaN,
        "Tax Rate For Calcs": NaN,
        "Normalized EBITDA": NaN,
        "Total Unusual Items": 0.0,
        "Total Unusual Items Excluding Goodwill": 0.0,
        "Net Income From Continuing Operation Net Minority Interest": NaN,
        "Reconciled Depreciation": NaN,
        "Reconciled Cost Of Revenue": NaN,
        "EBITDA": NaN,
        "EBIT": NaN,
        "Net Interest Income": NaN,
        "Interest Expense": NaN,
        "Interest Income": NaN,
        "Normalized Income": NaN,
        "Net Income From Continuing And Discontinued Operation": NaN,
        "Total Expenses": NaN,
        "Total Operating Income As Reported": NaN,
        "Diluted Average Shares": NaN,
        "Basic Average Shares": NaN,
        "Diluted EPS": NaN,
        "Basic EPS": NaN,
        "Diluted NI Availto Com Stockholders": NaN,
        "Net Income Common Stockholders": NaN,
        "Net Income": NaN,
        "Net Income Including Noncontrolling Interests": NaN,
        "Net Income Continuous Operations": NaN,
        "Pretax Income": NaN,
        "Other Income Expense": 2000.0,
        "Other Non Operating Income Expenses": 2000.0,
        "Special Income Charges": 0.0,
        "Net Non Operating Interest Income Expense": NaN,
        "Interest Expense Non Operating": NaN,
        "Interest Income Non Operating": NaN,
        "Operating Income": NaN,
        "Operating Expense": NaN,
        "Research And Development": NaN,
        "Selling General And Administration": NaN,
        "Selling And Marketing Expense": NaN,
        "General And Administrative Expense": NaN,
        "Other Gand A": NaN,
        "Gross Profit": NaN,
        "Cost Of Revenue": NaN,
        "Total Revenue": NaN,
        "Operating Revenue": NaN
    },
    "2023-12-31": {
        "Tax Effect Of Unusual Items": NaN,
        "Tax Rate For Calcs": NaN,
        "Normalized EBITDA": NaN,
        "Total Unusual Items": 0.0,
        "Total Unusual Items Excluding Goodwill": 0.0,
        "Net Income From Continuing Operation Net Minority Interest": NaN,
        "Reconciled Depreciation": NaN,
        "Reconciled Cost Of Revenue": NaN,
        "EBITDA": NaN,
        "EBIT": NaN,
        "Net Interest Income": NaN,
        "Interest Expense": NaN,
        "Interest Income": NaN,
        "Normalized Income": NaN,
        "Net Income From Continuing And Discontinued Operation": NaN,
        "Total Expenses": NaN,
        "Total Operating Income As Reported": NaN,
        "Diluted Average Shares": NaN,
        "Basic Average Shares": NaN,
        "Diluted EPS": NaN,
        "Basic EPS": NaN,
        "Diluted NI Availto Com Stockholders": NaN,
        "Net Income Common Stockholders": NaN,
        "Net Income": NaN,
        "Net Income Including Noncontrolling Interests": NaN,
        "Net Income Continuous Operations": NaN,
        "Pretax Income": NaN,
        "Other Income Expense": NaN,
        "Other Non Operating Income Expenses": NaN,
        "Special Income Charges": 0.0,
        "Net Non Operating Interest Income Expense": NaN,
        "Interest Expense Non Operating": NaN,
        "Interest Income Non Operating": NaN,
        "Operating Income": NaN,
        "Operating Expense": NaN,
        "Research And Development": NaN,
        "Selling General And Administration": NaN,
        "Selling And Marketing Expense": NaN,
        "General And Administrative Expense": NaN,
        "Other Gand A": NaN,
        "Gross Profit": NaN,
        "Cost Of Revenue": NaN,
        "Total Revenue": NaN,
        "Operating Revenue": NaN
    },
    "2024-03-31": {
        "Tax Effect Of Unusual Items": NaN,
        "Tax Rate For Calcs": NaN,
        "Normalized EBITDA": NaN,
        "Net Income From Continuing Operation Net Minority Interest": NaN,
        "Reconciled Depreciation": NaN,
        "Reconciled Cost Of Revenue": NaN,
        "EBITDA": NaN,
        "EBIT": NaN,
        "Net Interest Income": NaN,
        "Interest Expense": NaN,
        "Interest Income": NaN,
        "Normalized Income": NaN,
        "Net Income From Continuing And Discontinued Operation": NaN,
        "Total Expenses": NaN,
        "Total Operating Income As Reported": NaN,
        "Diluted Average Shares": NaN,
        "Basic Average Shares": NaN,
        "Diluted EPS": NaN,
        "Basic EPS": NaN,
        "Diluted NI Availto Com Stockholders": NaN,
        "Net Income Common Stockholders": NaN,
        "Net Income": NaN,
        "Net Income Including Noncontrolling Interests": NaN,
        "Net Income Continuous Operations": NaN,
        "Pretax Income": NaN,
        "Other Income Expense": -6000.0,
        "Other Non Operating Income Expenses": -6000.0,
        "Net Non Operating Interest Income Expense": NaN,
        "Interest Expense Non Operating": NaN,
        "Interest Income Non Operating": NaN,
        "Operating Income": NaN,
        "Operating Expense": NaN,
        "Research And Development": NaN,
        "Selling General And Administration": NaN,
        "Selling And Marketing Expense": NaN,
        "General And Administrative Expense": NaN,
        "Other Gand A": NaN,
        "Gross Profit": NaN,
        "Cost Of Revenue": NaN,
        "Total Revenue": NaN,
        "Operating Revenue": NaN
    },
    "2024-06-30": {
        "Tax Effect Of Unusual Items": 0.0,
        "Tax Rate For Calcs": 0.0,
        "Normalized EBITDA": -1645000.0,
        "Net Income From Continuing Operation Net Minority Interest": -2067000.0,
        "Reconciled Depreciation": 388000.0,
        "Reconciled Cost Of Revenue": 350000.0,
        "EBITDA": -1645000.0,
        "EBIT": -2033000.0,
        "Net Interest Income": -34000.0,
        "Interest Expense": 34000.0,
        "Interest Income": 0.0,
        "Normalized Income": -2067000.0,
        "Net Income From Continuing And Discontinued Operation": -2067000.0,
        "Total Expenses": 3493000.0,
        "Total Operating Income As Reported": -2033000.0,
        "Diluted Average Shares": 4327000.0,
        "Basic Average Shares": 4327000.0,
        "Diluted EPS": -0.53,
        "Basic EPS": -0.53,
        "Diluted NI Availto Com Stockholders": -2067000.0,
        "Net Income Common Stockholders": -2067000.0,
        "Net Income": -2067000.0,
        "Net Income Including Noncontrolling Interests": -2067000.0,
        "Net Income Continuous Operations": -2067000.0,
        "Pretax Income": -2067000.0,
        "Other Income Expense": NaN,
        "Other Non Operating Income Expenses": NaN,
        "Net Non Operating Interest Income Expense": -34000.0,
        "Interest Expense Non Operating": 34000.0,
        "Interest Income Non Operating": 0.0,
        "Operating Income": -2033000.0,
        "Operating Expense": 3143000.0,
        "Research And Development": 1035000.0,
        "Selling General And Administration": 2108000.0,
        "Selling And Marketing Expense": 1158000.0,
        "General And Administrative Expense": 950000.0,
        "Other Gand A": 950000.0,
        "Gross Profit": 1110000.0,
        "Cost Of Revenue": 350000.0,
        "Total Revenue": 1460000.0,
        "Operating Revenue": 1460000.0
    },
    "2024-09-30": {
        "Tax Effect Of Unusual Items": 0.0,
        "Tax Rate For Calcs": 0.0,
        "Normalized EBITDA": -1681000.0,
        "Net Income From Continuing Operation Net Minority Interest": -2050000.0,
        "Reconciled Depreciation": 357000.0,
        "Reconciled Cost Of Revenue": 344000.0,
        "EBITDA": -1681000.0,
        "EBIT": -2038000.0,
        "Net Interest Income": -12000.0,
        "Interest Expense": 12000.0,
        "Interest Income": 0.0,
        "Normalized Income": -2050000.0,
        "Net Income From Continuing And Discontinued Operation": -2050000.0,
        "Total Expenses": 3542000.0,
        "Total Operating Income As Reported": -2038000.0,
        "Diluted Average Shares": 6557000.0,
        "Basic Average Shares": 6557000.0,
        "Diluted EPS": -0.35,
        "Basic EPS": -0.35,
        "Diluted NI Availto Com Stockholders": -2050000.0,
        "Net Income Common Stockholders": -2050000.0,
        "Net Income": -2050000.0,
        "Net Income Including Noncontrolling Interests": -2050000.0,
        "Net Income Continuous Operations": -2050000.0,
        "Pretax Income": -2050000.0,
        "Other Income Expense": NaN,
        "Other Non Operating Income Expenses": NaN,
        "Net Non Operating Interest Income Expense": -12000.0,
        "Interest Expense Non Operating": 12000.0,
        "Interest Income Non Operating": 0.0,
        "Operating Income": -2038000.0,
        "Operating Expense": 3198000.0,
        "Research And Development": 1150000.0,
        "Selling General And Administration": 2048000.0,
        "Selling And Marketing Expense": 1207000.0,
        "General And Administrative Expense": 841000.0,
        "Other Gand A": 841000.0,
        "Gross Profit": 1160000.0,
        "Cost Of Revenue": 344000.0,
        "Total Revenue": 1504000.0,
        "Operating Revenue": 1504000.0
    },
    "2024-12-31": {
        "Tax Effect Of Unusual Items": 0.0,
        "Tax Rate For Calcs": 0.0,
        "Normalized EBITDA": -1438000.0,
        "Net Income From Continuing Operation Net Minority Interest": -1957000.0,
        "Reconciled Depreciation": 465000.0,
        "Reconciled Cost Of Revenue": 421000.0,
        "EBITDA": -1438000.0,
        "EBIT": -1903000.0,
        "Net Interest Income": -54000.0,
        "Interest Expense": 54000.0,
        "Interest Income": 0.0,
        "Normalized Income": -1957000.0,
        "Net Income From Continuing And Discontinued Operation": -1957000.0,
        "Total Expenses": 3579000.0,
        "Total Operating Income As Reported": -1903000.0,
        "Diluted Average Shares": 6198000.0,
        "Basic Average Shares": 6198000.0,
        "Diluted EPS": -0.36,
        "Basic EPS": -0.36,
        "Diluted NI Availto Com Stockholders": -1957000.0,
        "Net Income Common Stockholders": -1957000.0,
        "Net Income": -1957000.0,
        "Net Income Including Noncontrolling Interests": -1957000.0,
        "Net Income Continuous Operations": -1957000.0,
        "Pretax Income": -1957000.0,
        "Other Income Expense": 0.0,
        "Other Non Operating Income Expenses": 0.0,
        "Net Non Operating Interest Income Expense": -54000.0,
        "Interest Expense Non Operating": 54000.0,
        "Interest Income Non Operating": 0.0,
        "Operating Income": -1903000.0,
        "Operating Expense": 3158000.0,
        "Research And Development": 1231000.0,
        "Selling General And Administration": 1927000.0,
        "Selling And Marketing Expense": 1194000.0,
        "General And Administrative Expense": 733000.0,
        "Other Gand A": 733000.0,
        "Gross Profit": 1255000.0,
        "Cost Of Revenue": 421000.0,
        "Total Revenue": 1676000.0,
        "Operating Revenue": 1676000.0
    },
    "2025-03-31": {
        "Tax Effect Of Unusual Items": 0.0,
        "Tax Rate For Calcs": 0.0,
        "Normalized EBITDA": -1529000.0,
        "Net Income From Continuing Operation Net Minority Interest": -2098000.0,
        "Reconciled Depreciation": 540000.0,
        "Reconciled Cost Of Revenue": 432000.0,
        "EBITDA": -1529000.0,
        "EBIT": -2069000.0,
        "Net Interest Income": -29000.0,
        "Interest Expense": 29000.0,
        "Interest Income": 0.0,
        "Normalized Income": -2098000.0,
        "Net Income From Continuing And Discontinued Operation": -2098000.0,
        "Total Expenses": 3868000.0,
        "Total Operating Income As Reported": -2093000.0,
        "Diluted Average Shares": 19216000.0,
        "Basic Average Shares": 19216000.0,
        "Diluted EPS": -0.11,
        "Basic EPS": -0.11,
        "Diluted NI Availto Com Stockholders": -2098000.0,
        "Net Income Common Stockholders": -2098000.0,
        "Net Income": -2098000.0,
        "Net Income Including Noncontrolling Interests": -2098000.0,
        "Net Income Continuous Operations": -2098000.0,
        "Pretax Income": -2098000.0,
        "Other Income Expense": 24000.0,
        "Other Non Operating Income Expenses": 24000.0,
        "Net Non Operating Interest Income Expense": -29000.0,
        "Interest Expense Non Operating": 29000.0,
        "Interest Income Non Operating": 0.0,
        "Operating Income": -2093000.0,
        "Operating Expense": 3436000.0,
        "Research And Development": 1218000.0,
        "Selling General And Administration": 2218000.0,
        "Selling And Marketing Expense": 1184000.0,
        "General And Administrative Expense": 1034000.0,
        "Other Gand A": 1034000.0,
        "Gross Profit": 1343000.0,
        "Cost Of Revenue": 432000.0,
        "Total Revenue": 1775000.0,
        "Operating Revenue": 1775000.0
    },
    "2025-06-30": {
        "Tax Effect Of Unusual Items": 0.0,
        "Tax Rate For Calcs": 0.0,
        "Normalized EBITDA": -1630000.0,
        "Net Income From Continuing Operation Net Minority Interest": -2042000.0,
        "Reconciled Depreciation": 391000.0,
        "Reconciled Cost Of Revenue": 442000.0,
        "EBITDA": -1630000.0,
        "EBIT": -2021000.0,
        "Net Interest Income": -21000.0,
        "Interest Expense": 21000.0,
        "Interest Income": 0.0,
        "Normalized Income": -2042000.0,
        "Net Income From Continuing And Discontinued Operation": -2042000.0,
        "Total Expenses": 3959000.0,
        "Total Operating Income As Reported": -2086000.0,
        "Diluted Average Shares": 19895000.0,
        "Basic Average Shares": 19895000.0,
        "Diluted EPS": -0.1,
        "Basic EPS": -0.1,
        "Diluted NI Availto Com Stockholders": -2042000.0,
        "Net Income Common Stockholders": -2042000.0,
        "Net Income": -2042000.0,
        "Net Income Including Noncontrolling Interests": -2042000.0,
        "Net Income Continuous Operations": -2042000.0,
        "Pretax Income": -2042000.0,
        "Other Income Expense": 65000.0,
        "Other Non Operating Income Expenses": 65000.0,
        "Net Non Operating Interest Income Expense": -21000.0,
        "Interest Expense Non Operating": 21000.0,
        "Interest Income Non Operating": 0.0,
        "Operating Income": -2086000.0,
        "Operating Expense": 3517000.0,
        "Research And Development": 1332000.0,
        "Selling General And Administration": 2185000.0,
        "Selling And Marketing Expense": 1207000.0,
        "General And Administrative Expense": 978000.0,
        "Other Gand A": 978000.0,
        "Gross Profit": 1431000.0,
        "Cost Of Revenue": 442000.0,
        "Total Revenue": 1873000.0,
        "Operating Revenue": 1873000.0
    }
}