{
    "2022-12-31": {
        "Tax Effect Of Unusual Items": 0.0,
        "Tax Rate For Calcs": 0.196464,
        "Normalized EBITDA": 25345000.0,
        "Net Income From Continuing Operation Net Minority Interest": 14499000.0,
        "Reconciled Depreciation": 5619000.0,
        "Reconciled Cost Of Revenue": 85395000.0,
        "EBITDA": 25345000.0,
        "EBIT": 19726000.0,
        "Net Interest Income": -1682000.0,
        "Interest Expense": 1682000.0,
        "Normalized Income": 14499000.0,
        "Net Income From Continuing And Discontinued Operation": 14499000.0,
        "Total Expenses": 108074000.0,
        "Total Operating Income As Reported": 19920000.0,
        "Diluted NI Availto Com Stockholders": 14499000.0,
        "Net Income Common Stockholders": 14499000.0,
        "Net Income": 14499000.0,
        "Net Income Including Noncontrolling Interests": 14499000.0,
        "Net Income Continuous Operations": 14499000.0,
        "Tax Provision": 3545000.0,
        "Pretax Income": 18044000.0,
        "Other Income Expense": -194000.0,
        "Other Non Operating Income Expenses": -194000.0,
        "Net Non Operating Interest Income Expense": -1682000.0,
        "Interest Expense Non Operating": 1682000.0,
        "Operating Income": 19920000.0,
        "Operating Expense": 22679000.0,
        "Depreciation Amortization Depletion Income Statement": 5619000.0,
        "Depreciation And Amortization In Income Statement": 5619000.0,
        "Amortization": 2007000.0,
        "Amortization Of Intangibles Income Statement": 2007000.0,
        "Depreciation Income Statement": 3612000.0,
        "Selling General And Administration": 17060000.0,
        "Gross Profit": 42599000.0,
        "Cost Of Revenue": 85395000.0,
        "Total Revenue": 127994000.0,
        "Operating Revenue": 127994000.0
    },
    "2024-09-30": {
        "Tax Effect Of Unusual Items": 15231720.0,
        "Tax Rate For Calcs": 0.21,
        "Normalized EBITDA": 17950000.0,
        "Total Unusual Items": 72532000.0,
        "Total Unusual Items Excluding Goodwill": 72532000.0,
        "Net Income From Continuing Operation Net Minority Interest": 82586000.0,
        "Reconciled Depreciation": 9754000.0,
        "Reconciled Cost Of Revenue": 97170000.0,
        "EBITDA": 90482000.0,
        "EBIT": 80728000.0,
        "Net Interest Income": -729000.0,
        "Interest Expense": 729000.0,
        "Normalized Income": 25285720.0,
        "Net Income From Continuing And Discontinued Operation": 82586000.0,
        "Total Expenses": 144908000.0,
        "Total Operating Income As Reported": -13218000.0,
        "Diluted Average Shares": 41530978.0,
        "Basic Average Shares": 40728902.0,
        "Diluted EPS": 1.99,
        "Basic EPS": 2.03,
        "Diluted NI Availto Com Stockholders": 82586000.0,
        "Net Income Common Stockholders": 82586000.0,
        "Net Income": 82586000.0,
        "Net Income Including Noncontrolling Interests": 82586000.0,
        "Net Income Continuous Operations": 82586000.0,
        "Tax Provision": -2587000.0,
        "Pretax Income": 79999000.0,
        "Other Income Expense": 73819000.0,
        "Other Non Operating Income Expenses": 269000.0,
        "Special Income Charges": 72532000.0,
        "Gain On Sale Of Ppe": 169000.0,
        "Impairment Of Capital Assets": 0.0,
        "Restructuring And Mergern Acquisition": -72363000.0,
        "Earnings From Equity Interest": 1018000.0,
        "Net Non Operating Interest Income Expense": -729000.0,
        "Interest Expense Non Operating": 729000.0,
        "Operating Income": 6909000.0,
        "Operating Expense": 45770000.0,
        "Depreciation Amortization Depletion Income Statement": 7786000.0,
        "Depreciation And Amortization In Income Statement": 7786000.0,
        "Selling General And Administration": 37984000.0,
        "Gross Profit": 52679000.0,
        "Cost Of Revenue": 99138000.0,
        "Total Revenue": 151817000.0,
        "Operating Revenue": 151817000.0
    },
    "2023-09-30": {
        "Tax Effect Of Unusual Items": NaN,
        "Tax Rate For Calcs": NaN,
        "Normalized EBITDA": NaN,
        "Total Unusual Items": -924000.0,
        "Total Unusual Items Excluding Goodwill": -924000.0,
        "Net Income From Continuing Operation Net Minority Interest": NaN,
        "Reconciled Depreciation": NaN,
        "Reconciled Cost Of Revenue": NaN,
        "EBITDA": NaN,
        "EBIT": NaN,
        "Net Interest Income": NaN,
        "Interest Expense": NaN,
        "Normalized Income": NaN,
        "Net Income From Continuing And Discontinued Operation": NaN,
        "Total Expenses": NaN,
        "Total Operating Income As Reported": NaN,
        "Diluted Average Shares": 15624128.0,
        "Basic Average Shares": 15175591.0,
        "Diluted EPS": 0.983479,
        "Basic EPS": 1.012547,
        "Diluted NI Availto Com Stockholders": NaN,
        "Net Income Common Stockholders": NaN,
        "Net Income": NaN,
        "Net Income Including Noncontrolling Interests": NaN,
        "Net Income Continuous Operations": NaN,
        "Tax Provision": NaN,
        "Pretax Income": NaN,
        "Other Income Expense": NaN,
        "Other Non Operating Income Expenses": NaN,
        "Special Income Charges": -924000.0,
        "Gain On Sale Of Ppe": 102000.0,
        "Impairment Of Capital Assets": 266000.0,
        "Restructuring And Mergern Acquisition": 760000.0,
        "Earnings From Equity Interest": NaN,
        "Net Non Operating Interest Income Expense": NaN,
        "Interest Expense Non Operating": NaN,
        "Operating Income": NaN,
        "Operating Expense": NaN,
        "Depreciation Amortization Depletion Income Statement": NaN,
        "Depreciation And Amortization In Income Statement": NaN,
        "Selling General And Administration": NaN,
        "Gross Profit": NaN,
        "Cost Of Revenue": NaN,
        "Total Revenue": NaN,
        "Operating Revenue": NaN
    },
    "2024-12-31": {
        "Tax Effect Of Unusual Items": -3042480.0,
        "Tax Rate For Calcs": 0.21,
        "Normalized EBITDA": 56868000.0,
        "Total Unusual Items": -14488000.0,
        "Total Unusual Items Excluding Goodwill": -14488000.0,
        "Net Income From Continuing Operation Net Minority Interest": 31788000.0,
        "Reconciled Depreciation": 14592000.0,
        "Reconciled Cost Of Revenue": 163264000.0,
        "EBITDA": 42380000.0,
        "EBIT": 27788000.0,
        "Net Interest Income": -375000.0,
        "Interest Expense": 375000.0,
        "Normalized Income": 43233520.0,
        "Net Income From Continuing And Discontinued Operation": 31788000.0,
        "Total Expenses": 216134000.0,
        "Total Operating Income As Reported": 26912000.0,
        "Diluted Average Shares": 68044174.0,
        "Basic Average Shares": 67889524.0,
        "Diluted EPS": 0.47,
        "Basic EPS": 0.47,
        "Diluted NI Availto Com Stockholders": 31788000.0,
        "Net Income Common Stockholders": 31788000.0,
        "Net Income": 31788000.0,
        "Net Income Including Noncontrolling Interests": 31788000.0,
        "Net Income Continuous Operations": 31788000.0,
        "Tax Provision": -4375000.0,
        "Pretax Income": 27413000.0,
        "Other Income Expense": -6765000.0,
        "Other Non Operating Income Expenses": -700000.0,
        "Special Income Charges": -14488000.0,
        "Gain On Sale Of Ppe": 167000.0,
        "Impairment Of Capital Assets": 0.0,
        "Restructuring And Mergern Acquisition": 14655000.0,
        "Earnings From Equity Interest": 8423000.0,
        "Net Non Operating Interest Income Expense": -375000.0,
        "Interest Expense Non Operating": 375000.0,
        "Operating Income": 34553000.0,
        "Operating Expense": 50317000.0,
        "Depreciation Amortization Depletion Income Statement": 12039000.0,
        "Depreciation And Amortization In Income Statement": 12039000.0,
        "Selling General And Administration": 38278000.0,
        "Gross Profit": 84870000.0,
        "Cost Of Revenue": 165817000.0,
        "Total Revenue": 250687000.0,
        "Operating Revenue": 250687000.0
    },
    "2023-12-31": {
        "Tax Effect Of Unusual Items": 0.0,
        "Tax Rate For Calcs": 0.214544,
        "Normalized EBITDA": 37762000.0,
        "Total Unusual Items": NaN,
        "Total Unusual Items Excluding Goodwill": NaN,
        "Net Income From Continuing Operation Net Minority Interest": 18448000.0,
        "Reconciled Depreciation": 13483000.0,
        "Reconciled Cost Of Revenue": 77073000.0,
        "EBITDA": 37762000.0,
        "EBIT": 24279000.0,
        "Net Interest Income": -792000.0,
        "Interest Expense": 792000.0,
        "Normalized Income": 18448000.0,
        "Net Income From Continuing And Discontinued Operation": 18448000.0,
        "Total Expenses": 107260000.0,
        "Total Operating Income As Reported": 23231000.0,
        "Diluted Average Shares": NaN,
        "Basic Average Shares": NaN,
        "Diluted EPS": NaN,
        "Basic EPS": NaN,
        "Diluted NI Availto Com Stockholders": 18448000.0,
        "Net Income Common Stockholders": 18448000.0,
        "Net Income": 18448000.0,
        "Net Income Including Noncontrolling Interests": 18448000.0,
        "Net Income Continuous Operations": 18448000.0,
        "Tax Provision": 5039000.0,
        "Pretax Income": 23487000.0,
        "Other Income Expense": -1651000.0,
        "Other Non Operating Income Expenses": -412000.0,
        "Special Income Charges": NaN,
        "Gain On Sale Of Ppe": NaN,
        "Impairment Of Capital Assets": NaN,
        "Restructuring And Mergern Acquisition": NaN,
        "Earnings From Equity Interest": 1460000.0,
        "Net Non Operating Interest Income Expense": -792000.0,
        "Interest Expense Non Operating": 792000.0,
        "Operating Income": 25930000.0,
        "Operating Expense": 22787000.0,
        "Depreciation Amortization Depletion Income Statement": 6083000.0,
        "Depreciation And Amortization In Income Statement": 6083000.0,
        "Selling General And Administration": 16704000.0,
        "Gross Profit": 48717000.0,
        "Cost Of Revenue": 84473000.0,
        "Total Revenue": 133190000.0,
        "Operating Revenue": 133190000.0
    },
    "2025-03-31": {
        "Tax Effect Of Unusual Items": -2274240.0,
        "Tax Rate For Calcs": 0.309,
        "Normalized EBITDA": 47302000.0,
        "Total Unusual Items": -7360000.0,
        "Total Unusual Items Excluding Goodwill": -7360000.0,
        "Net Income From Continuing Operation Net Minority Interest": 14757000.0,
        "Reconciled Depreciation": 17878000.0,
        "Reconciled Cost Of Revenue": 160978000.0,
        "EBITDA": 39942000.0,
        "EBIT": 22064000.0,
        "Net Interest Income": -700000.0,
        "Interest Expense": 700000.0,
        "Normalized Income": 19842760.0,
        "Net Income From Continuing And Discontinued Operation": 14757000.0,
        "Total Expenses": 211205000.0,
        "Total Operating Income As Reported": 21850000.0,
        "Diluted Average Shares": 69477519.0,
        "Basic Average Shares": 69290100.0,
        "Diluted EPS": 0.21,
        "Basic EPS": 0.21,
        "Diluted NI Availto Com Stockholders": 14757000.0,
        "Net Income Common Stockholders": 14757000.0,
        "Net Income": 14757000.0,
        "Net Income Including Noncontrolling Interests": 14757000.0,
        "Net Income Continuous Operations": 14757000.0,
        "Tax Provision": 6607000.0,
        "Pretax Income": 21364000.0,
        "Other Income Expense": -7146000.0,
        "Other Non Operating Income Expenses": 214000.0,
        "Special Income Charges": -7360000.0,
        "Gain On Sale Of Ppe": -148000.0,
        "Impairment Of Capital Assets": 2924000.0,
        "Restructuring And Mergern Acquisition": 4288000.0,
        "Earnings From Equity Interest": 0.0,
        "Net Non Operating Interest Income Expense": -700000.0,
        "Interest Expense Non Operating": 700000.0,
        "Operating Income": 29210000.0,
        "Operating Expense": 47294000.0,
        "Depreciation Amortization Depletion Income Statement": 14945000.0,
        "Depreciation And Amortization In Income Statement": 14945000.0,
        "Selling General And Administration": 32349000.0,
        "Gross Profit": 76504000.0,
        "Cost Of Revenue": 163911000.0,
        "Total Revenue": 240415000.0,
        "Operating Revenue": 240415000.0
    },
    "2024-03-31": {
        "Tax Effect Of Unusual Items": NaN,
        "Tax Rate For Calcs": NaN,
        "Normalized EBITDA": NaN,
        "Total Unusual Items": NaN,
        "Total Unusual Items Excluding Goodwill": NaN,
        "Net Income From Continuing Operation Net Minority Interest": NaN,
        "Reconciled Depreciation": NaN,
        "Reconciled Cost Of Revenue": NaN,
        "EBITDA": NaN,
        "EBIT": NaN,
        "Net Interest Income": NaN,
        "Interest Expense": NaN,
        "Normalized Income": NaN,
        "Net Income From Continuing And Discontinued Operation": NaN,
        "Total Expenses": NaN,
        "Total Operating Income As Reported": NaN,
        "Diluted Average Shares": 15624128.0,
        "Basic Average Shares": 15175591.0,
        "Diluted EPS": 1.050747,
        "Basic EPS": 1.081803,
        "Diluted NI Availto Com Stockholders": NaN,
        "Net Income Common Stockholders": NaN,
        "Net Income": NaN,
        "Net Income Including Noncontrolling Interests": NaN,
        "Net Income Continuous Operations": NaN,
        "Tax Provision": NaN,
        "Pretax Income": NaN,
        "Other Income Expense": NaN,
        "Other Non Operating Income Expenses": NaN,
        "Special Income Charges": NaN,
        "Gain On Sale Of Ppe": NaN,
        "Impairment Of Capital Assets": NaN,
        "Restructuring And Mergern Acquisition": NaN,
        "Earnings From Equity Interest": NaN,
        "Net Non Operating Interest Income Expense": NaN,
        "Interest Expense Non Operating": NaN,
        "Operating Income": NaN,
        "Operating Expense": NaN,
        "Depreciation Amortization Depletion Income Statement": NaN,
        "Depreciation And Amortization In Income Statement": NaN,
        "Selling General And Administration": NaN,
        "Gross Profit": NaN,
        "Cost Of Revenue": NaN,
        "Total Revenue": NaN,
        "Operating Revenue": NaN
    },
    "2025-06-30": {
        "Tax Effect Of Unusual Items": -1616650.0,
        "Tax Rate For Calcs": 0.31,
        "Normalized EBITDA": 46015000.0,
        "Total Unusual Items": -5215000.0,
        "Total Unusual Items Excluding Goodwill": -5215000.0,
        "Net Income From Continuing Operation Net Minority Interest": 15345000.0,
        "Reconciled Depreciation": 18013000.0,
        "Reconciled Cost Of Revenue": 149476000.0,
        "EBITDA": 40800000.0,
        "EBIT": 22787000.0,
        "Net Interest Income": -551000.0,
        "Interest Expense": 551000.0,
        "Normalized Income": 18943350.0,
        "Net Income From Continuing And Discontinued Operation": 15345000.0,
        "Total Expenses": 196324000.0,
        "Total Operating Income As Reported": 22695000.0,
        "Diluted Average Shares": 69147457.0,
        "Basic Average Shares": 68943387.0,
        "Diluted EPS": 0.22,
        "Basic EPS": 0.22,
        "Diluted NI Availto Com Stockholders": 15345000.0,
        "Net Income Common Stockholders": 15345000.0,
        "Net Income": 15345000.0,
        "Net Income Including Noncontrolling Interests": 15345000.0,
        "Net Income Continuous Operations": 15345000.0,
        "Tax Provision": 6891000.0,
        "Pretax Income": 22236000.0,
        "Other Income Expense": -5123000.0,
        "Other Non Operating Income Expenses": 92000.0,
        "Special Income Charges": -5215000.0,
        "Gain On Sale Of Ppe": 419000.0,
        "Impairment Of Capital Assets": 503000.0,
        "Restructuring And Mergern Acquisition": 5131000.0,
        "Earnings From Equity Interest": 0.0,
        "Net Non Operating Interest Income Expense": -551000.0,
        "Interest Expense Non Operating": 551000.0,
        "Operating Income": 27910000.0,
        "Operating Expense": 43809000.0,
        "Depreciation Amortization Depletion Income Statement": 14974000.0,
        "Depreciation And Amortization In Income Statement": 14974000.0,
        "Selling General And Administration": 28835000.0,
        "Gross Profit": 71719000.0,
        "Cost Of Revenue": 152515000.0,
        "Total Revenue": 224234000.0,
        "Operating Revenue": 224234000.0
    },
    "2024-06-30": {
        "Tax Effect Of Unusual Items": -2418312.0,
        "Tax Rate For Calcs": 0.312,
        "Normalized EBITDA": 30709000.0,
        "Total Unusual Items": -7751000.0,
        "Total Unusual Items Excluding Goodwill": -7751000.0,
        "Net Income From Continuing Operation Net Minority Interest": 9534000.0,
        "Reconciled Depreciation": 8491000.0,
        "Reconciled Cost Of Revenue": 82408000.0,
        "EBITDA": 22958000.0,
        "EBIT": 14467000.0,
        "Net Interest Income": -607000.0,
        "Interest Expense": 607000.0,
        "Normalized Income": 14866688.0,
        "Net Income From Continuing And Discontinued Operation": 9534000.0,
        "Total Expenses": 109481000.0,
        "Total Operating Income As Reported": 13070000.0,
        "Diluted Average Shares": 66636196.0,
        "Basic Average Shares": 66636196.0,
        "Diluted EPS": 0.143075,
        "Basic EPS": 0.143075,
        "Diluted NI Availto Com Stockholders": 9534000.0,
        "Net Income Common Stockholders": 9534000.0,
        "Net Income": 9534000.0,
        "Net Income Including Noncontrolling Interests": 9534000.0,
        "Net Income Continuous Operations": 9534000.0,
        "Tax Provision": 4326000.0,
        "Pretax Income": 13860000.0,
        "Other Income Expense": -6354000.0,
        "Other Non Operating Income Expenses": 653000.0,
        "Special Income Charges": -7751000.0,
        "Gain On Sale Of Ppe": 194000.0,
        "Impairment Of Capital Assets": 3522000.0,
        "Restructuring And Mergern Acquisition": 4423000.0,
        "Earnings From Equity Interest": 744000.0,
        "Net Non Operating Interest Income Expense": -607000.0,
        "Interest Expense Non Operating": 607000.0,
        "Operating Income": 20821000.0,
        "Operating Expense": 25171000.0,
        "Depreciation Amortization Depletion Income Statement": 6589000.0,
        "Depreciation And Amortization In Income Statement": 6589000.0,
        "Selling General And Administration": 18582000.0,
        "Gross Profit": 45992000.0,
        "Cost Of Revenue": 84310000.0,
        "Total Revenue": 130302000.0,
        "Operating Revenue": 130302000.0
    }
}