{
    "2023-03-31": {
        "Tax Effect Of Unusual Items": NaN,
        "Tax Rate For Calcs": NaN,
        "Normalized EBITDA": NaN,
        "Net Income From Continuing Operation Net Minority Interest": NaN,
        "Reconciled Depreciation": NaN,
        "Reconciled Cost Of Revenue": NaN,
        "EBITDA": NaN,
        "EBIT": NaN,
        "Net Interest Income": NaN,
        "Interest Income": NaN,
        "Normalized Income": NaN,
        "Net Income From Continuing And Discontinued Operation": NaN,
        "Total Expenses": NaN,
        "Total Operating Income As Reported": NaN,
        "Diluted Average Shares": NaN,
        "Basic Average Shares": NaN,
        "Diluted EPS": NaN,
        "Basic EPS": NaN,
        "Diluted NI Availto Com Stockholders": NaN,
        "Net Income Common Stockholders": NaN,
        "Net Income": NaN,
        "Net Income Including Noncontrolling Interests": NaN,
        "Net Income Continuous Operations": NaN,
        "Tax Provision": NaN,
        "Pretax Income": NaN,
        "Net Non Operating Interest Income Expense": NaN,
        "Total Other Finance Cost": -2776000.0,
        "Interest Income Non Operating": NaN,
        "Operating Income": NaN,
        "Operating Expense": NaN,
        "Research And Development": NaN,
        "Selling General And Administration": NaN,
        "Selling And Marketing Expense": NaN,
        "General And Administrative Expense": NaN,
        "Other Gand A": NaN,
        "Gross Profit": NaN,
        "Cost Of Revenue": NaN,
        "Total Revenue": NaN,
        "Operating Revenue": NaN
    },
    "2022-12-31": {
        "Tax Effect Of Unusual Items": NaN,
        "Tax Rate For Calcs": NaN,
        "Normalized EBITDA": NaN,
        "Net Income From Continuing Operation Net Minority Interest": NaN,
        "Reconciled Depreciation": NaN,
        "Reconciled Cost Of Revenue": NaN,
        "EBITDA": NaN,
        "EBIT": NaN,
        "Net Interest Income": NaN,
        "Interest Income": NaN,
        "Normalized Income": NaN,
        "Net Income From Continuing And Discontinued Operation": NaN,
        "Total Expenses": NaN,
        "Total Operating Income As Reported": NaN,
        "Diluted Average Shares": NaN,
        "Basic Average Shares": NaN,
        "Diluted EPS": NaN,
        "Basic EPS": NaN,
        "Diluted NI Availto Com Stockholders": NaN,
        "Net Income Common Stockholders": NaN,
        "Net Income": NaN,
        "Net Income Including Noncontrolling Interests": NaN,
        "Net Income Continuous Operations": NaN,
        "Tax Provision": NaN,
        "Pretax Income": NaN,
        "Net Non Operating Interest Income Expense": NaN,
        "Total Other Finance Cost": -1950000.0,
        "Interest Income Non Operating": NaN,
        "Operating Income": NaN,
        "Operating Expense": NaN,
        "Research And Development": NaN,
        "Selling General And Administration": NaN,
        "Selling And Marketing Expense": NaN,
        "General And Administrative Expense": NaN,
        "Other Gand A": NaN,
        "Gross Profit": NaN,
        "Cost Of Revenue": NaN,
        "Total Revenue": NaN,
        "Operating Revenue": NaN
    },
    "2022-09-30": {
        "Tax Effect Of Unusual Items": NaN,
        "Tax Rate For Calcs": NaN,
        "Normalized EBITDA": NaN,
        "Net Income From Continuing Operation Net Minority Interest": NaN,
        "Reconciled Depreciation": NaN,
        "Reconciled Cost Of Revenue": NaN,
        "EBITDA": NaN,
        "EBIT": NaN,
        "Net Interest Income": NaN,
        "Interest Income": 812000.0,
        "Normalized Income": NaN,
        "Net Income From Continuing And Discontinued Operation": NaN,
        "Total Expenses": NaN,
        "Total Operating Income As Reported": NaN,
        "Diluted Average Shares": NaN,
        "Basic Average Shares": NaN,
        "Diluted EPS": NaN,
        "Basic EPS": NaN,
        "Diluted NI Availto Com Stockholders": NaN,
        "Net Income Common Stockholders": NaN,
        "Net Income": NaN,
        "Net Income Including Noncontrolling Interests": NaN,
        "Net Income Continuous Operations": NaN,
        "Tax Provision": NaN,
        "Pretax Income": NaN,
        "Net Non Operating Interest Income Expense": NaN,
        "Total Other Finance Cost": -812000.0,
        "Interest Income Non Operating": 812000.0,
        "Operating Income": NaN,
        "Operating Expense": NaN,
        "Research And Development": NaN,
        "Selling General And Administration": NaN,
        "Selling And Marketing Expense": NaN,
        "General And Administrative Expense": NaN,
        "Other Gand A": NaN,
        "Gross Profit": NaN,
        "Cost Of Revenue": NaN,
        "Total Revenue": NaN,
        "Operating Revenue": NaN
    },
    "2022-06-30": {
        "Tax Effect Of Unusual Items": 0.0,
        "Tax Rate For Calcs": 0.4,
        "Normalized EBITDA": -28576000.0,
        "Net Income From Continuing Operation Net Minority Interest": -28118000.0,
        "Reconciled Depreciation": 2044000.0,
        "Reconciled Cost Of Revenue": 3653000.0,
        "EBITDA": -28576000.0,
        "EBIT": -30620000.0,
        "Net Interest Income": 2530000.0,
        "Interest Income": 2530000.0,
        "Normalized Income": -28118000.0,
        "Net Income From Continuing And Discontinued Operation": -28118000.0,
        "Total Expenses": 32417000.0,
        "Total Operating Income As Reported": -30620000.0,
        "Diluted Average Shares": 134994019.0,
        "Basic Average Shares": 134994019.0,
        "Diluted EPS": -0.21,
        "Basic EPS": -0.21,
        "Diluted NI Availto Com Stockholders": -28118000.0,
        "Net Income Common Stockholders": -28118000.0,
        "Net Income": -28118000.0,
        "Net Income Including Noncontrolling Interests": -28118000.0,
        "Net Income Continuous Operations": -28118000.0,
        "Tax Provision": 28000.0,
        "Pretax Income": -28090000.0,
        "Net Non Operating Interest Income Expense": 2530000.0,
        "Total Other Finance Cost": -2530000.0,
        "Interest Income Non Operating": 2530000.0,
        "Operating Income": -30620000.0,
        "Operating Expense": 28764000.0,
        "Research And Development": 21939000.0,
        "Selling General And Administration": 6825000.0,
        "Selling And Marketing Expense": 2410000.0,
        "General And Administrative Expense": 4415000.0,
        "Other Gand A": 4415000.0,
        "Gross Profit": -1856000.0,
        "Cost Of Revenue": 3653000.0,
        "Total Revenue": 1797000.0,
        "Operating Revenue": 1797000.0
    },
    "2023-06-30": {
        "Tax Effect Of Unusual Items": NaN,
        "Tax Rate For Calcs": NaN,
        "Normalized EBITDA": NaN,
        "Net Income From Continuing Operation Net Minority Interest": NaN,
        "Reconciled Depreciation": NaN,
        "Reconciled Cost Of Revenue": NaN,
        "EBITDA": NaN,
        "EBIT": NaN,
        "Net Interest Income": NaN,
        "Interest Income": 2491000.0,
        "Normalized Income": NaN,
        "Net Income From Continuing And Discontinued Operation": NaN,
        "Total Expenses": NaN,
        "Total Operating Income As Reported": NaN,
        "Diluted Average Shares": NaN,
        "Basic Average Shares": NaN,
        "Diluted EPS": NaN,
        "Basic EPS": NaN,
        "Diluted NI Availto Com Stockholders": NaN,
        "Net Income Common Stockholders": NaN,
        "Net Income": NaN,
        "Net Income Including Noncontrolling Interests": NaN,
        "Net Income Continuous Operations": NaN,
        "Tax Provision": NaN,
        "Pretax Income": NaN,
        "Net Non Operating Interest Income Expense": NaN,
        "Total Other Finance Cost": NaN,
        "Interest Income Non Operating": 2491000.0,
        "Operating Income": NaN,
        "Operating Expense": NaN,
        "Research And Development": NaN,
        "Selling General And Administration": NaN,
        "Selling And Marketing Expense": NaN,
        "General And Administrative Expense": NaN,
        "Other Gand A": NaN,
        "Gross Profit": NaN,
        "Cost Of Revenue": NaN,
        "Total Revenue": NaN,
        "Operating Revenue": NaN
    },
    "2022-03-31": {
        "Diluted EPS": -0.23,
        "Total Revenue": 2,
        "Gross Profit": -1,
        "Operating Income": -32,
        "EBIT": -30,
        "Net Income": -30
    },
    "2021-12-31": {
        "Diluted EPS": 0.0,
        "Total Revenue": NaN,
        "Gross Profit": NaN,
        "Operating Income": NaN,
        "Net Income": NaN
    },
    "2021-09-30": {
        "Diluted EPS": -0.2,
        "Total Revenue": 2,
        "Gross Profit": 0,
        "Operating Income": -30,
        "EBIT": -29,
        "Net Income": -26
    },
    "2021-06-30": {
        "Diluted EPS": -0.58,
        "Total Revenue": 1,
        "Gross Profit": -1,
        "Operating Income": -72,
        "EBIT": -71,
        "Net Income": -73
    },
    "2021-03-31": {
        "Diluted EPS": -1.5,
        "Total Revenue": 1,
        "Gross Profit": -1,
        "Operating Income": -20,
        "EBIT": -20,
        "Net Income": -21
    },
    "2020-12-31": {
        "Diluted EPS": -2.73,
        "Total Revenue": -13,
        "Gross Profit": -14,
        "Operating Income": -74,
        "EBIT": -74,
        "Net Income": -32
    },
    "2020-09-30": {
        "Diluted EPS": -1.06,
        "Total Revenue": 2,
        "Gross Profit": 1,
        "Operating Income": -16,
        "EBIT": -16,
        "Net Income": -16
    },
    "2020-06-30": {
        "Diluted EPS": -0.73,
        "Total Revenue": 1,
        "Gross Profit": -1,
        "Operating Income": -14,
        "EBIT": -13,
        "Net Income": -14
    },
    "2020-03-31": {
        "Diluted EPS": -1.47,
        "Total Revenue": 1,
        "Gross Profit": -1,
        "Operating Income": -19,
        "EBIT": -19,
        "Net Income": -20
    },
    "2019-12-31": {
        "Diluted EPS": 0.0,
        "Total Revenue": NaN,
        "Gross Profit": NaN,
        "Operating Income": NaN,
        "EBIT": NaN,
        "Net Income": NaN
    },
    "2018-12-31": {
        "Diluted EPS": 0.0,
        "Total Revenue": NaN,
        "Gross Profit": NaN,
        "Operating Income": NaN,
        "EBIT": NaN,
        "Net Income": NaN
    },
    "2023-09-30": {
        "Tax Effect Of Unusual Items": NaN,
        "Tax Rate For Calcs": NaN,
        "Normalized EBITDA": NaN,
        "Net Income From Continuing Operation Net Minority Interest": NaN,
        "Reconciled Depreciation": NaN,
        "Reconciled Cost Of Revenue": NaN,
        "EBITDA": NaN,
        "EBIT": NaN,
        "Net Interest Income": NaN,
        "Interest Income": 3054000.0,
        "Normalized Income": NaN,
        "Net Income From Continuing And Discontinued Operation": NaN,
        "Total Expenses": NaN,
        "Total Operating Income As Reported": NaN,
        "Diluted Average Shares": 151201336.0,
        "Basic Average Shares": 151201336.0,
        "Diluted EPS": -0.18,
        "Basic EPS": -0.18,
        "Diluted NI Availto Com Stockholders": NaN,
        "Net Income Common Stockholders": NaN,
        "Net Income": NaN,
        "Net Income Including Noncontrolling Interests": NaN,
        "Net Income Continuous Operations": NaN,
        "Tax Provision": NaN,
        "Pretax Income": NaN,
        "Net Non Operating Interest Income Expense": NaN,
        "Total Other Finance Cost": NaN,
        "Interest Income Non Operating": 3054000.0,
        "Operating Income": NaN,
        "Operating Expense": NaN,
        "Research And Development": NaN,
        "Selling General And Administration": NaN,
        "Selling And Marketing Expense": NaN,
        "General And Administrative Expense": NaN,
        "Other Gand A": NaN,
        "Gross Profit": NaN,
        "Cost Of Revenue": NaN,
        "Total Revenue": NaN,
        "Operating Revenue": NaN
    },
    "2023-12-31": {
        "Tax Effect Of Unusual Items": 0.0,
        "Tax Rate For Calcs": 0.23,
        "Normalized EBITDA": -27851000.0,
        "Net Income From Continuing Operation Net Minority Interest": -30451000.0,
        "Reconciled Depreciation": 3947000.0,
        "Reconciled Cost Of Revenue": 17197000.0,
        "EBITDA": -27851000.0,
        "EBIT": -31798000.0,
        "Net Interest Income": 1469000.0,
        "Interest Income": 1469000.0,
        "Normalized Income": -30451000.0,
        "Net Income From Continuing And Discontinued Operation": -30451000.0,
        "Total Expenses": 46715000.0,
        "Total Operating Income As Reported": -31798000.0,
        "Diluted Average Shares": 165121766.0,
        "Basic Average Shares": 165121766.0,
        "Diluted EPS": -0.18,
        "Basic EPS": -0.18,
        "Diluted NI Availto Com Stockholders": -30451000.0,
        "Net Income Common Stockholders": -30451000.0,
        "Net Income": -30451000.0,
        "Net Income Including Noncontrolling Interests": -30451000.0,
        "Net Income Continuous Operations": -30451000.0,
        "Tax Provision": 122000.0,
        "Pretax Income": -30329000.0,
        "Net Non Operating Interest Income Expense": 1469000.0,
        "Total Other Finance Cost": NaN,
        "Interest Income Non Operating": 1469000.0,
        "Operating Income": -31798000.0,
        "Operating Expense": 29518000.0,
        "Research And Development": 22107000.0,
        "Selling General And Administration": 7411000.0,
        "Selling And Marketing Expense": 1999000.0,
        "General And Administrative Expense": 5412000.0,
        "Other Gand A": 5412000.0,
        "Gross Profit": -2280000.0,
        "Cost Of Revenue": 17197000.0,
        "Total Revenue": 14917000.0,
        "Operating Revenue": 14917000.0
    },
    "2024-03-31": {
        "Tax Effect Of Unusual Items": NaN,
        "Tax Rate For Calcs": NaN,
        "Normalized EBITDA": NaN,
        "Net Income From Continuing Operation Net Minority Interest": NaN,
        "Reconciled Depreciation": NaN,
        "Reconciled Cost Of Revenue": NaN,
        "EBITDA": NaN,
        "EBIT": NaN,
        "Net Interest Income": NaN,
        "Interest Income": NaN,
        "Normalized Income": NaN,
        "Net Income From Continuing And Discontinued Operation": NaN,
        "Total Expenses": NaN,
        "Total Operating Income As Reported": NaN,
        "Diluted Average Shares": NaN,
        "Basic Average Shares": NaN,
        "Diluted EPS": NaN,
        "Basic EPS": NaN,
        "Diluted NI Availto Com Stockholders": NaN,
        "Net Income Common Stockholders": NaN,
        "Net Income": NaN,
        "Net Income Including Noncontrolling Interests": NaN,
        "Net Income Continuous Operations": NaN,
        "Tax Provision": NaN,
        "Pretax Income": NaN,
        "Net Non Operating Interest Income Expense": NaN,
        "Total Other Finance Cost": -2901000.0,
        "Interest Income Non Operating": NaN,
        "Operating Income": NaN,
        "Operating Expense": NaN,
        "Research And Development": NaN,
        "Selling General And Administration": NaN,
        "Selling And Marketing Expense": NaN,
        "General And Administrative Expense": NaN,
        "Other Gand A": NaN,
        "Gross Profit": NaN,
        "Cost Of Revenue": NaN,
        "Total Revenue": NaN,
        "Operating Revenue": NaN
    },
    "2024-06-30": {
        "Tax Effect Of Unusual Items": NaN,
        "Tax Rate For Calcs": NaN,
        "Normalized EBITDA": NaN,
        "Net Income From Continuing Operation Net Minority Interest": NaN,
        "Reconciled Depreciation": NaN,
        "Reconciled Cost Of Revenue": NaN,
        "EBITDA": NaN,
        "EBIT": NaN,
        "Net Interest Income": NaN,
        "Interest Income": 2360000.0,
        "Normalized Income": NaN,
        "Net Income From Continuing And Discontinued Operation": NaN,
        "Total Expenses": NaN,
        "Total Operating Income As Reported": NaN,
        "Diluted Average Shares": NaN,
        "Basic Average Shares": NaN,
        "Diluted EPS": NaN,
        "Basic EPS": NaN,
        "Diluted NI Availto Com Stockholders": NaN,
        "Net Income Common Stockholders": NaN,
        "Net Income": NaN,
        "Net Income Including Noncontrolling Interests": NaN,
        "Net Income Continuous Operations": NaN,
        "Tax Provision": NaN,
        "Pretax Income": NaN,
        "Net Non Operating Interest Income Expense": NaN,
        "Total Other Finance Cost": -2360000.0,
        "Interest Income Non Operating": 2360000.0,
        "Operating Income": NaN,
        "Operating Expense": NaN,
        "Research And Development": NaN,
        "Selling General And Administration": NaN,
        "Selling And Marketing Expense": NaN,
        "General And Administrative Expense": NaN,
        "Other Gand A": NaN,
        "Gross Profit": NaN,
        "Cost Of Revenue": NaN,
        "Total Revenue": NaN,
        "Operating Revenue": NaN
    },
    "2024-09-30": {
        "Tax Effect Of Unusual Items": 0.0,
        "Tax Rate For Calcs": 0.15,
        "Normalized EBITDA": -24022000.0,
        "Net Income From Continuing Operation Net Minority Interest": -24856000.0,
        "Reconciled Depreciation": 2158000.0,
        "Reconciled Cost Of Revenue": 4686000.0,
        "EBITDA": -24022000.0,
        "EBIT": -26180000.0,
        "Net Interest Income": 1376000.0,
        "Interest Income": 1376000.0,
        "Normalized Income": -24856000.0,
        "Net Income From Continuing And Discontinued Operation": -24856000.0,
        "Total Expenses": 30700000.0,
        "Total Operating Income As Reported": -26180000.0,
        "Diluted Average Shares": 167782476.0,
        "Basic Average Shares": 167782476.0,
        "Diluted EPS": -0.15,
        "Basic EPS": -0.15,
        "Diluted NI Availto Com Stockholders": -24856000.0,
        "Net Income Common Stockholders": -24856000.0,
        "Net Income": -24856000.0,
        "Net Income Including Noncontrolling Interests": -24856000.0,
        "Net Income Continuous Operations": -24856000.0,
        "Tax Provision": 52000.0,
        "Pretax Income": -24804000.0,
        "Net Non Operating Interest Income Expense": 1376000.0,
        "Total Other Finance Cost": NaN,
        "Interest Income Non Operating": 1376000.0,
        "Operating Income": -26180000.0,
        "Operating Expense": 26014000.0,
        "Research And Development": 19722000.0,
        "Selling General And Administration": 6292000.0,
        "Selling And Marketing Expense": 1636000.0,
        "General And Administrative Expense": 4656000.0,
        "Other Gand A": 4656000.0,
        "Gross Profit": -166000.0,
        "Cost Of Revenue": 4686000.0,
        "Total Revenue": 4520000.0,
        "Operating Revenue": 4520000.0
    },
    "2024-12-31": {
        "Tax Effect Of Unusual Items": 0.0,
        "Tax Rate For Calcs": 0.15,
        "Normalized EBITDA": -17657000.0,
        "Net Income From Continuing Operation Net Minority Interest": -18596000.0,
        "Reconciled Depreciation": 1592000.0,
        "Reconciled Cost Of Revenue": 5488000.0,
        "EBITDA": -17657000.0,
        "EBIT": -19249000.0,
        "Net Interest Income": 691000.0,
        "Interest Income": 691000.0,
        "Normalized Income": -18596000.0,
        "Net Income From Continuing And Discontinued Operation": -18596000.0,
        "Total Expenses": 25276000.0,
        "Total Operating Income As Reported": -19249000.0,
        "Diluted Average Shares": 168858283.0,
        "Basic Average Shares": 168858283.0,
        "Diluted EPS": -0.11,
        "Basic EPS": -0.11,
        "Diluted NI Availto Com Stockholders": -18596000.0,
        "Net Income Common Stockholders": -18596000.0,
        "Net Income": -18596000.0,
        "Net Income Including Noncontrolling Interests": -18596000.0,
        "Net Income Continuous Operations": -18596000.0,
        "Tax Provision": 38000.0,
        "Pretax Income": -18558000.0,
        "Net Non Operating Interest Income Expense": 691000.0,
        "Total Other Finance Cost": NaN,
        "Interest Income Non Operating": 691000.0,
        "Operating Income": -19249000.0,
        "Operating Expense": 19788000.0,
        "Research And Development": 13489000.0,
        "Selling General And Administration": 6299000.0,
        "Selling And Marketing Expense": 1722000.0,
        "General And Administrative Expense": 4577000.0,
        "Other Gand A": 4577000.0,
        "Gross Profit": 539000.0,
        "Cost Of Revenue": 5488000.0,
        "Total Revenue": 6027000.0,
        "Operating Revenue": 6027000.0
    },
    "2025-03-31": {
        "Tax Effect Of Unusual Items": 0.0,
        "Tax Rate For Calcs": 0.15,
        "Normalized EBITDA": -12647000.0,
        "Net Income From Continuing Operation Net Minority Interest": -12642000.0,
        "Reconciled Depreciation": 1377000.0,
        "Reconciled Cost Of Revenue": 10408000.0,
        "EBITDA": -12647000.0,
        "EBIT": -14024000.0,
        "Net Interest Income": 1416000.0,
        "Interest Income": 1416000.0,
        "Normalized Income": -12642000.0,
        "Net Income From Continuing And Discontinued Operation": -12642000.0,
        "Total Expenses": 31414000.0,
        "Total Operating Income As Reported": -14024000.0,
        "Diluted Average Shares": 185534529.0,
        "Basic Average Shares": 185534529.0,
        "Diluted EPS": -0.07,
        "Basic EPS": -0.07,
        "Diluted NI Availto Com Stockholders": -12642000.0,
        "Net Income Common Stockholders": -12642000.0,
        "Net Income": -12642000.0,
        "Net Income Including Noncontrolling Interests": -12642000.0,
        "Net Income Continuous Operations": -12642000.0,
        "Tax Provision": 34000.0,
        "Pretax Income": -12608000.0,
        "Net Non Operating Interest Income Expense": 1416000.0,
        "Total Other Finance Cost": NaN,
        "Interest Income Non Operating": 1416000.0,
        "Operating Income": -14024000.0,
        "Operating Expense": 21006000.0,
        "Research And Development": 14830000.0,
        "Selling General And Administration": 6176000.0,
        "Selling And Marketing Expense": 1721000.0,
        "General And Administrative Expense": 4455000.0,
        "Other Gand A": 4455000.0,
        "Gross Profit": 6982000.0,
        "Cost Of Revenue": 10408000.0,
        "Total Revenue": 17390000.0,
        "Operating Revenue": 17390000.0
    },
    "2025-06-30": {
        "Tax Effect Of Unusual Items": 0.0,
        "Tax Rate For Calcs": 0.15,
        "Normalized EBITDA": -15645000.0,
        "Net Income From Continuing Operation Net Minority Interest": -18479000.0,
        "Reconciled Depreciation": 1338000.0,
        "Reconciled Cost Of Revenue": 8187000.0,
        "EBITDA": -15645000.0,
        "EBIT": -16983000.0,
        "Net Interest Income": -1445000.0,
        "Interest Income": NaN,
        "Normalized Income": -18479000.0,
        "Net Income From Continuing And Discontinued Operation": -18479000.0,
        "Total Expenses": 26730000.0,
        "Total Operating Income As Reported": -16983000.0,
        "Diluted Average Shares": 200079493.0,
        "Basic Average Shares": 200079493.0,
        "Diluted EPS": -0.09,
        "Basic EPS": -0.09,
        "Diluted NI Availto Com Stockholders": -18479000.0,
        "Net Income Common Stockholders": -18479000.0,
        "Net Income": -18479000.0,
        "Net Income Including Noncontrolling Interests": -18479000.0,
        "Net Income Continuous Operations": -18479000.0,
        "Tax Provision": 51000.0,
        "Pretax Income": -18428000.0,
        "Net Non Operating Interest Income Expense": -1445000.0,
        "Total Other Finance Cost": 1445000.0,
        "Interest Income Non Operating": NaN,
        "Operating Income": -16983000.0,
        "Operating Expense": 18543000.0,
        "Research And Development": 13152000.0,
        "Selling General And Administration": 5391000.0,
        "Selling And Marketing Expense": 1170000.0,
        "General And Administrative Expense": 4221000.0,
        "Other Gand A": 4221000.0,
        "Gross Profit": 1560000.0,
        "Cost Of Revenue": 8187000.0,
        "Total Revenue": 9747000.0,
        "Operating Revenue": 9747000.0
    },
    "2025-09-30": {
        "Tax Effect Of Unusual Items": 0.0,
        "Tax Rate For Calcs": 0.15,
        "Normalized EBITDA": -14438000.0,
        "Net Income From Continuing Operation Net Minority Interest": -15419000.0,
        "Reconciled Depreciation": 1361000.0,
        "Reconciled Cost Of Revenue": 12980000.0,
        "EBITDA": -14438000.0,
        "EBIT": -15799000.0,
        "Net Interest Income": 414000.0,
        "Interest Income": 414000.0,
        "Normalized Income": -15419000.0,
        "Net Income From Continuing And Discontinued Operation": -15419000.0,
        "Total Expenses": 31077000.0,
        "Total Operating Income As Reported": -15799000.0,
        "Diluted Average Shares": 203428415.0,
        "Basic Average Shares": 203428415.0,
        "Diluted EPS": -0.08,
        "Basic EPS": -0.08,
        "Diluted NI Availto Com Stockholders": -15419000.0,
        "Net Income Common Stockholders": -15419000.0,
        "Net Income": -15419000.0,
        "Net Income Including Noncontrolling Interests": -15419000.0,
        "Net Income Continuous Operations": -15419000.0,
        "Tax Provision": 34000.0,
        "Pretax Income": -15385000.0,
        "Net Non Operating Interest Income Expense": 414000.0,
        "Total Other Finance Cost": NaN,
        "Interest Income Non Operating": 414000.0,
        "Operating Income": -15799000.0,
        "Operating Expense": 18097000.0,
        "Research And Development": 12372000.0,
        "Selling General And Administration": 5725000.0,
        "Selling And Marketing Expense": 1292000.0,
        "General And Administrative Expense": 4433000.0,
        "Other Gand A": 4433000.0,
        "Gross Profit": 2298000.0,
        "Cost Of Revenue": 12980000.0,
        "Total Revenue": 15278000.0,
        "Operating Revenue": 15278000.0
    }
}