{
    "2023-03-31": {
        "Tax Effect Of Unusual Items": NaN,
        "Tax Rate For Calcs": NaN,
        "Normalized EBITDA": NaN,
        "Net Income From Continuing Operation Net Minority Interest": NaN,
        "Reconciled Depreciation": NaN,
        "EBITDA": NaN,
        "EBIT": NaN,
        "Net Interest Income": NaN,
        "Interest Expense": 328000.0,
        "Interest Income": NaN,
        "Normalized Income": NaN,
        "Net Income From Continuing And Discontinued Operation": NaN,
        "Total Expenses": NaN,
        "Total Operating Income As Reported": NaN,
        "Diluted Average Shares": 43720578.0,
        "Basic Average Shares": 43720578.0,
        "Diluted EPS": -0.4,
        "Basic EPS": -0.4,
        "Diluted NI Availto Com Stockholders": NaN,
        "Net Income Common Stockholders": NaN,
        "Net Income": NaN,
        "Net Income Including Noncontrolling Interests": NaN,
        "Net Income Continuous Operations": NaN,
        "Pretax Income": NaN,
        "Other Income Expense": NaN,
        "Other Non Operating Income Expenses": NaN,
        "Net Non Operating Interest Income Expense": NaN,
        "Interest Expense Non Operating": 328000.0,
        "Interest Income Non Operating": NaN,
        "Operating Income": NaN,
        "Operating Expense": NaN,
        "Research And Development": NaN,
        "Selling General And Administration": NaN,
        "General And Administrative Expense": NaN,
        "Other Gand A": NaN,
        "Total Revenue": NaN,
        "Operating Revenue": NaN
    },
    "2022-12-31": {
        "Tax Effect Of Unusual Items": 0.0,
        "Tax Rate For Calcs": 0.0,
        "Normalized EBITDA": -19335000.0,
        "Net Income From Continuing Operation Net Minority Interest": -18544000.0,
        "Reconciled Depreciation": 198000.0,
        "EBITDA": -19335000.0,
        "EBIT": -19533000.0,
        "Net Interest Income": 815000.0,
        "Interest Income": 815000.0,
        "Normalized Income": -18544000.0,
        "Net Income From Continuing And Discontinued Operation": -18544000.0,
        "Total Expenses": 19533000.0,
        "Total Operating Income As Reported": -19533000.0,
        "Diluted Average Shares": NaN,
        "Basic Average Shares": NaN,
        "Diluted EPS": NaN,
        "Basic EPS": NaN,
        "Diluted NI Availto Com Stockholders": -18544000.0,
        "Net Income Common Stockholders": -18544000.0,
        "Net Income": -18544000.0,
        "Net Income Including Noncontrolling Interests": -18544000.0,
        "Net Income Continuous Operations": -18544000.0,
        "Pretax Income": -18544000.0,
        "Other Income Expense": 174000.0,
        "Other Non Operating Income Expenses": 174000.0,
        "Net Non Operating Interest Income Expense": 815000.0,
        "Interest Income Non Operating": 815000.0,
        "Operating Income": -19533000.0,
        "Operating Expense": 19533000.0,
        "Research And Development": 13837000.0,
        "Selling General And Administration": 5696000.0,
        "General And Administrative Expense": 5696000.0,
        "Other Gand A": 5696000.0,
        "Total Revenue": 0.0,
        "Operating Revenue": 0.0
    },
    "2022-09-30": {
        "Tax Effect Of Unusual Items": NaN,
        "Tax Rate For Calcs": NaN,
        "Normalized EBITDA": NaN,
        "Net Income From Continuing Operation Net Minority Interest": NaN,
        "Reconciled Depreciation": NaN,
        "EBITDA": NaN,
        "EBIT": NaN,
        "Net Interest Income": NaN,
        "Interest Expense": NaN,
        "Interest Income": NaN,
        "Normalized Income": NaN,
        "Net Income From Continuing And Discontinued Operation": NaN,
        "Total Expenses": NaN,
        "Total Operating Income As Reported": NaN,
        "Diluted Average Shares": 43657718.0,
        "Basic Average Shares": 43657718.0,
        "Diluted EPS": -0.38,
        "Basic EPS": -0.38,
        "Diluted NI Availto Com Stockholders": NaN,
        "Net Income Common Stockholders": NaN,
        "Net Income": NaN,
        "Net Income Including Noncontrolling Interests": NaN,
        "Net Income Continuous Operations": NaN,
        "Pretax Income": NaN,
        "Other Income Expense": NaN,
        "Other Non Operating Income Expenses": NaN,
        "Net Non Operating Interest Income Expense": NaN,
        "Interest Expense Non Operating": NaN,
        "Interest Income Non Operating": NaN,
        "Operating Income": NaN,
        "Operating Expense": NaN,
        "Research And Development": NaN,
        "Selling General And Administration": NaN,
        "General And Administrative Expense": NaN,
        "Other Gand A": NaN,
        "Total Revenue": NaN,
        "Operating Revenue": NaN
    },
    "2022-06-30": {
        "Tax Effect Of Unusual Items": 0.0,
        "Tax Rate For Calcs": 0.0,
        "Normalized EBITDA": -15212000.0,
        "Net Income From Continuing Operation Net Minority Interest": -15261000.0,
        "Reconciled Depreciation": 179000.0,
        "EBITDA": -15212000.0,
        "EBIT": -15391000.0,
        "Net Interest Income": 321000.0,
        "Interest Income": 321000.0,
        "Normalized Income": -15261000.0,
        "Net Income From Continuing And Discontinued Operation": -15261000.0,
        "Total Expenses": 15391000.0,
        "Total Operating Income As Reported": -15391000.0,
        "Diluted Average Shares": 39703550.0,
        "Basic Average Shares": 39703550.0,
        "Diluted EPS": -0.38,
        "Basic EPS": -0.38,
        "Diluted NI Availto Com Stockholders": -15261000.0,
        "Net Income Common Stockholders": -15261000.0,
        "Net Income": -15261000.0,
        "Net Income Including Noncontrolling Interests": -15261000.0,
        "Net Income Continuous Operations": -15261000.0,
        "Pretax Income": -15261000.0,
        "Other Income Expense": -191000.0,
        "Other Non Operating Income Expenses": -191000.0,
        "Net Non Operating Interest Income Expense": 321000.0,
        "Interest Income Non Operating": 321000.0,
        "Operating Income": -15391000.0,
        "Operating Expense": 15391000.0,
        "Research And Development": 10007000.0,
        "Selling General And Administration": 5384000.0,
        "General And Administrative Expense": 5384000.0,
        "Other Gand A": 5384000.0,
        "Total Revenue": 0.0,
        "Operating Revenue": 0.0
    },
    "2022-03-31": {
        "Diluted EPS": -0.71,
        "Total Revenue": NaN,
        "Gross Profit": NaN,
        "Operating Income": -17,
        "EBIT": -17,
        "Net Income": -17
    },
    "2021-12-31": {
        "Diluted EPS": -0.8,
        "Total Revenue": NaN,
        "Gross Profit": NaN,
        "Operating Income": -19,
        "EBIT": -19,
        "Net Income": -19
    },
    "2021-09-30": {
        "Diluted EPS": -0.6,
        "Total Revenue": NaN,
        "Gross Profit": NaN,
        "Operating Income": -14,
        "EBIT": -14,
        "Net Income": -14
    },
    "2021-06-30": {
        "Diluted EPS": -0.53,
        "Total Revenue": NaN,
        "Gross Profit": NaN,
        "Operating Income": -13,
        "EBIT": -12,
        "Net Income": -13
    },
    "2021-03-31": {
        "Diluted EPS": -0.47,
        "Total Revenue": NaN,
        "Gross Profit": NaN,
        "Operating Income": -11,
        "EBIT": -11,
        "Net Income": -11
    },
    "2020-12-31": {
        "Diluted EPS": 10.43,
        "Total Revenue": NaN,
        "Gross Profit": NaN,
        "Operating Income": -11,
        "EBIT": -11,
        "Net Income": -11
    },
    "2020-09-30": {
        "Diluted EPS": -1.55,
        "Total Revenue": NaN,
        "Gross Profit": NaN,
        "Operating Income": -28,
        "EBIT": -28,
        "Net Income": -28
    },
    "2020-06-30": {
        "Diluted EPS": -7.57,
        "Total Revenue": NaN,
        "Gross Profit": NaN,
        "Operating Income": -10,
        "EBIT": -10,
        "Net Income": -9
    },
    "2020-03-31": {
        "Diluted EPS": -6.42,
        "Total Revenue": NaN,
        "Gross Profit": NaN,
        "Operating Income": -8,
        "EBIT": -8,
        "Net Income": -8
    },
    "2019-12-31": {
        "Diluted EPS": 0.0,
        "Total Revenue": NaN,
        "Gross Profit": NaN,
        "Operating Income": NaN,
        "EBIT": NaN,
        "Net Income": NaN
    },
    "2019-09-30": {
        "Diluted EPS": -3.38,
        "Total Revenue": NaN,
        "Gross Profit": NaN,
        "Operating Income": -4,
        "EBIT": -4,
        "Net Income": -4
    },
    "2019-06-30": {
        "Diluted EPS": -3.57,
        "Total Revenue": NaN,
        "Gross Profit": NaN,
        "Operating Income": -5,
        "EBIT": -5,
        "Net Income": -4
    },
    "2023-06-30": {
        "Tax Effect Of Unusual Items": NaN,
        "Tax Rate For Calcs": NaN,
        "Normalized EBITDA": NaN,
        "Net Income From Continuing Operation Net Minority Interest": NaN,
        "Reconciled Depreciation": NaN,
        "EBITDA": NaN,
        "EBIT": NaN,
        "Net Interest Income": NaN,
        "Interest Expense": NaN,
        "Interest Income": NaN,
        "Normalized Income": NaN,
        "Net Income From Continuing And Discontinued Operation": NaN,
        "Total Expenses": NaN,
        "Total Operating Income As Reported": NaN,
        "Diluted Average Shares": 44860279.0,
        "Basic Average Shares": 44860279.0,
        "Diluted EPS": -0.35,
        "Basic EPS": -0.35,
        "Diluted NI Availto Com Stockholders": NaN,
        "Net Income Common Stockholders": NaN,
        "Net Income": NaN,
        "Net Income Including Noncontrolling Interests": NaN,
        "Net Income Continuous Operations": NaN,
        "Pretax Income": NaN,
        "Other Income Expense": NaN,
        "Other Non Operating Income Expenses": NaN,
        "Net Non Operating Interest Income Expense": NaN,
        "Interest Expense Non Operating": NaN,
        "Interest Income Non Operating": NaN,
        "Operating Income": NaN,
        "Operating Expense": NaN,
        "Research And Development": NaN,
        "Selling General And Administration": NaN,
        "General And Administrative Expense": NaN,
        "Other Gand A": NaN,
        "Total Revenue": NaN,
        "Operating Revenue": NaN
    },
    "2023-09-30": {
        "Tax Effect Of Unusual Items": NaN,
        "Tax Rate For Calcs": NaN,
        "Normalized EBITDA": NaN,
        "Total Unusual Items": NaN,
        "Total Unusual Items Excluding Goodwill": NaN,
        "Net Income From Continuing Operation Net Minority Interest": NaN,
        "Reconciled Depreciation": NaN,
        "EBITDA": NaN,
        "EBIT": NaN,
        "Net Interest Income": NaN,
        "Interest Expense": NaN,
        "Interest Income": NaN,
        "Normalized Income": NaN,
        "Net Income From Continuing And Discontinued Operation": NaN,
        "Total Expenses": NaN,
        "Total Operating Income As Reported": NaN,
        "Diluted Average Shares": 56758395.0,
        "Basic Average Shares": 56758395.0,
        "Diluted EPS": -0.29,
        "Basic EPS": -0.29,
        "Diluted NI Availto Com Stockholders": NaN,
        "Net Income Common Stockholders": NaN,
        "Net Income": NaN,
        "Net Income Including Noncontrolling Interests": NaN,
        "Net Income Continuous Operations": NaN,
        "Pretax Income": NaN,
        "Other Income Expense": NaN,
        "Other Non Operating Income Expenses": NaN,
        "Special Income Charges": NaN,
        "Restructuring And Mergern Acquisition": NaN,
        "Net Non Operating Interest Income Expense": NaN,
        "Interest Expense Non Operating": NaN,
        "Interest Income Non Operating": NaN,
        "Operating Income": NaN,
        "Operating Expense": NaN,
        "Research And Development": NaN,
        "Selling General And Administration": NaN,
        "General And Administrative Expense": NaN,
        "Other Gand A": NaN,
        "Total Revenue": NaN,
        "Operating Revenue": NaN
    },
    "2023-12-31": {
        "Tax Effect Of Unusual Items": 0.0,
        "Tax Rate For Calcs": 0.0,
        "Normalized EBITDA": -14790000.0,
        "Net Income From Continuing Operation Net Minority Interest": -21544000.0,
        "Reconciled Depreciation": 209000.0,
        "EBITDA": -14790000.0,
        "EBIT": -14999000.0,
        "Net Interest Income": 1250000.0,
        "Interest Expense": NaN,
        "Interest Income": 4583000.0,
        "Normalized Income": -21544000.0,
        "Net Income From Continuing And Discontinued Operation": -21544000.0,
        "Total Expenses": 22808000.0,
        "Total Operating Income As Reported": -22808000.0,
        "Diluted Average Shares": NaN,
        "Basic Average Shares": NaN,
        "Diluted EPS": NaN,
        "Basic EPS": NaN,
        "Diluted NI Availto Com Stockholders": -21544000.0,
        "Net Income Common Stockholders": -21544000.0,
        "Net Income": -21544000.0,
        "Net Income Including Noncontrolling Interests": -21544000.0,
        "Net Income Continuous Operations": -21544000.0,
        "Pretax Income": -21544000.0,
        "Other Income Expense": 14000.0,
        "Other Non Operating Income Expenses": 14000.0,
        "Net Non Operating Interest Income Expense": 1250000.0,
        "Interest Expense Non Operating": NaN,
        "Interest Income Non Operating": 4583000.0,
        "Operating Income": -22808000.0,
        "Operating Expense": 22808000.0,
        "Research And Development": 17983000.0,
        "Selling General And Administration": 4825000.0,
        "General And Administrative Expense": 4825000.0,
        "Other Gand A": 4825000.0,
        "Total Revenue": 0.0,
        "Operating Revenue": 0.0
    },
    "2024-03-31": {
        "Tax Effect Of Unusual Items": 0.0,
        "Tax Rate For Calcs": 0.0,
        "Normalized EBITDA": -21840000.0,
        "Total Unusual Items": 0.0,
        "Total Unusual Items Excluding Goodwill": 0.0,
        "Net Income From Continuing Operation Net Minority Interest": -23347000.0,
        "Reconciled Depreciation": 182000.0,
        "EBITDA": -21840000.0,
        "EBIT": -22022000.0,
        "Net Interest Income": 1049000.0,
        "Interest Expense": 1325000.0,
        "Interest Income": 2374000.0,
        "Normalized Income": -23347000.0,
        "Net Income From Continuing And Discontinued Operation": -23347000.0,
        "Total Expenses": 24345000.0,
        "Total Operating Income As Reported": -24345000.0,
        "Diluted Average Shares": 61772279.0,
        "Basic Average Shares": 61772279.0,
        "Diluted EPS": -0.38,
        "Basic EPS": -0.38,
        "Diluted NI Availto Com Stockholders": -23347000.0,
        "Net Income Common Stockholders": -23347000.0,
        "Net Income": -23347000.0,
        "Net Income Including Noncontrolling Interests": -23347000.0,
        "Net Income Continuous Operations": -23347000.0,
        "Pretax Income": -23347000.0,
        "Other Income Expense": -51000.0,
        "Other Non Operating Income Expenses": -51000.0,
        "Special Income Charges": 0.0,
        "Restructuring And Mergern Acquisition": 0.0,
        "Net Non Operating Interest Income Expense": 1049000.0,
        "Interest Expense Non Operating": 1325000.0,
        "Interest Income Non Operating": 2374000.0,
        "Operating Income": -24345000.0,
        "Operating Expense": 24345000.0,
        "Research And Development": 19111000.0,
        "Selling General And Administration": 5234000.0,
        "General And Administrative Expense": 5234000.0,
        "Other Gand A": 5234000.0,
        "Total Revenue": 0.0,
        "Operating Revenue": 0.0
    },
    "2024-06-30": {
        "Tax Effect Of Unusual Items": 0.0,
        "Tax Rate For Calcs": 0.0,
        "Normalized EBITDA": -25450000.0,
        "Total Unusual Items": NaN,
        "Total Unusual Items Excluding Goodwill": NaN,
        "Net Income From Continuing Operation Net Minority Interest": -27033000.0,
        "Reconciled Depreciation": 188000.0,
        "EBITDA": -25450000.0,
        "EBIT": -25638000.0,
        "Net Interest Income": 635000.0,
        "Interest Expense": 1395000.0,
        "Interest Income": 2030000.0,
        "Normalized Income": -27033000.0,
        "Net Income From Continuing And Discontinued Operation": -27033000.0,
        "Total Expenses": 27665000.0,
        "Total Operating Income As Reported": -27665000.0,
        "Diluted Average Shares": 61943960.0,
        "Basic Average Shares": 61943960.0,
        "Diluted EPS": -0.44,
        "Basic EPS": -0.44,
        "Diluted NI Availto Com Stockholders": -27033000.0,
        "Net Income Common Stockholders": -27033000.0,
        "Net Income": -27033000.0,
        "Net Income Including Noncontrolling Interests": -27033000.0,
        "Net Income Continuous Operations": -27033000.0,
        "Pretax Income": -27033000.0,
        "Other Income Expense": -3000.0,
        "Other Non Operating Income Expenses": -3000.0,
        "Special Income Charges": NaN,
        "Restructuring And Mergern Acquisition": NaN,
        "Net Non Operating Interest Income Expense": 635000.0,
        "Interest Expense Non Operating": 1395000.0,
        "Interest Income Non Operating": 2030000.0,
        "Operating Income": -27665000.0,
        "Operating Expense": 27665000.0,
        "Research And Development": 21758000.0,
        "Selling General And Administration": 5907000.0,
        "General And Administrative Expense": 5907000.0,
        "Other Gand A": 5907000.0,
        "Total Revenue": 0.0,
        "Operating Revenue": 0.0
    },
    "2024-09-30": {
        "Tax Effect Of Unusual Items": 0.0,
        "Tax Rate For Calcs": 0.0,
        "Normalized EBITDA": -22959000.0,
        "Total Unusual Items": NaN,
        "Total Unusual Items Excluding Goodwill": NaN,
        "Net Income From Continuing Operation Net Minority Interest": -24570000.0,
        "Reconciled Depreciation": 195000.0,
        "EBITDA": -22959000.0,
        "EBIT": -23154000.0,
        "Net Interest Income": 362000.0,
        "Interest Expense": 1416000.0,
        "Interest Income": 1778000.0,
        "Normalized Income": -24570000.0,
        "Net Income From Continuing And Discontinued Operation": -24570000.0,
        "Total Expenses": 24851000.0,
        "Total Operating Income As Reported": -24851000.0,
        "Diluted Average Shares": 63276851.0,
        "Basic Average Shares": 63276851.0,
        "Diluted EPS": -0.39,
        "Basic EPS": -0.39,
        "Diluted NI Availto Com Stockholders": -24570000.0,
        "Net Income Common Stockholders": -24570000.0,
        "Net Income": -24570000.0,
        "Net Income Including Noncontrolling Interests": -24570000.0,
        "Net Income Continuous Operations": -24570000.0,
        "Pretax Income": -24570000.0,
        "Other Income Expense": -81000.0,
        "Other Non Operating Income Expenses": -81000.0,
        "Special Income Charges": NaN,
        "Restructuring And Mergern Acquisition": NaN,
        "Net Non Operating Interest Income Expense": 362000.0,
        "Interest Expense Non Operating": 1416000.0,
        "Interest Income Non Operating": 1778000.0,
        "Operating Income": -24851000.0,
        "Operating Expense": 24851000.0,
        "Research And Development": 19890000.0,
        "Selling General And Administration": 4961000.0,
        "General And Administrative Expense": 4961000.0,
        "Other Gand A": 4961000.0,
        "Total Revenue": 0.0,
        "Operating Revenue": 0.0
    },
    "2024-12-31": {
        "Tax Effect Of Unusual Items": 0.0,
        "Tax Rate For Calcs": 0.0,
        "Normalized EBITDA": -25475000.0,
        "Total Unusual Items": NaN,
        "Total Unusual Items Excluding Goodwill": NaN,
        "Net Income From Continuing Operation Net Minority Interest": -27074000.0,
        "Reconciled Depreciation": 177000.0,
        "EBITDA": -25475000.0,
        "EBIT": -25652000.0,
        "Net Interest Income": 62000.0,
        "Interest Expense": 1422000.0,
        "Interest Income": 1484000.0,
        "Normalized Income": -27074000.0,
        "Net Income From Continuing And Discontinued Operation": -27074000.0,
        "Total Expenses": 27171000.0,
        "Total Operating Income As Reported": -27171000.0,
        "Diluted Average Shares": NaN,
        "Basic Average Shares": NaN,
        "Diluted EPS": NaN,
        "Basic EPS": NaN,
        "Diluted NI Availto Com Stockholders": -27074000.0,
        "Net Income Common Stockholders": -27074000.0,
        "Net Income": -27074000.0,
        "Net Income Including Noncontrolling Interests": -27074000.0,
        "Net Income Continuous Operations": -27074000.0,
        "Pretax Income": -27074000.0,
        "Other Income Expense": 35000.0,
        "Other Non Operating Income Expenses": 35000.0,
        "Special Income Charges": NaN,
        "Restructuring And Mergern Acquisition": NaN,
        "Net Non Operating Interest Income Expense": 62000.0,
        "Interest Expense Non Operating": 1422000.0,
        "Interest Income Non Operating": 1484000.0,
        "Operating Income": -27171000.0,
        "Operating Expense": 27171000.0,
        "Research And Development": 22473000.0,
        "Selling General And Administration": 4698000.0,
        "General And Administrative Expense": 4698000.0,
        "Other Gand A": 4698000.0,
        "Total Revenue": 0.0,
        "Operating Revenue": 0.0
    },
    "2025-03-31": {
        "Tax Effect Of Unusual Items": 0.0,
        "Tax Rate For Calcs": 0.0,
        "Normalized EBITDA": -24557000.0,
        "Total Unusual Items": -1900000.0,
        "Total Unusual Items Excluding Goodwill": -1900000.0,
        "Net Income From Continuing Operation Net Minority Interest": -28039000.0,
        "Reconciled Depreciation": 176000.0,
        "EBITDA": -26457000.0,
        "EBIT": -26633000.0,
        "Net Interest Income": -289000.0,
        "Interest Expense": 1406000.0,
        "Interest Income": 1117000.0,
        "Normalized Income": -26139000.0,
        "Net Income From Continuing And Discontinued Operation": -28039000.0,
        "Total Expenses": 25788000.0,
        "Total Operating Income As Reported": -27688000.0,
        "Diluted Average Shares": 64278527.0,
        "Basic Average Shares": 64278527.0,
        "Diluted EPS": -0.44,
        "Basic EPS": -0.44,
        "Diluted NI Availto Com Stockholders": -28039000.0,
        "Net Income Common Stockholders": -28039000.0,
        "Net Income": -28039000.0,
        "Net Income Including Noncontrolling Interests": -28039000.0,
        "Net Income Continuous Operations": -28039000.0,
        "Pretax Income": -28039000.0,
        "Other Income Expense": -1962000.0,
        "Other Non Operating Income Expenses": -62000.0,
        "Special Income Charges": -1900000.0,
        "Restructuring And Mergern Acquisition": 1900000.0,
        "Net Non Operating Interest Income Expense": -289000.0,
        "Interest Expense Non Operating": 1406000.0,
        "Interest Income Non Operating": 1117000.0,
        "Operating Income": -25788000.0,
        "Operating Expense": 25788000.0,
        "Research And Development": 20379000.0,
        "Selling General And Administration": 5409000.0,
        "General And Administrative Expense": 5409000.0,
        "Other Gand A": 5409000.0,
        "Total Revenue": 0.0,
        "Operating Revenue": 0.0
    }
}