{
    "2023-06-30": {
        "Tax Effect Of Unusual Items": NaN,
        "Tax Rate For Calcs": NaN,
        "Normalized EBITDA": NaN,
        "Total Unusual Items": NaN,
        "Total Unusual Items Excluding Goodwill": NaN,
        "Net Income From Continuing Operation Net Minority Interest": NaN,
        "Reconciled Depreciation": NaN,
        "Reconciled Cost Of Revenue": NaN,
        "EBITDA": NaN,
        "EBIT": NaN,
        "Net Interest Income": NaN,
        "Interest Expense": NaN,
        "Interest Income": NaN,
        "Normalized Income": NaN,
        "Net Income From Continuing And Discontinued Operation": NaN,
        "Total Expenses": NaN,
        "Diluted Average Shares": NaN,
        "Basic Average Shares": NaN,
        "Diluted EPS": NaN,
        "Basic EPS": NaN,
        "Diluted NI Availto Com Stockholders": NaN,
        "Net Income Common Stockholders": NaN,
        "Net Income": NaN,
        "Net Income Including Noncontrolling Interests": NaN,
        "Net Income Discontinuous Operations": NaN,
        "Net Income Continuous Operations": NaN,
        "Earnings From Equity Interest Net Of Tax": NaN,
        "Tax Provision": NaN,
        "Pretax Income": NaN,
        "Other Income Expense": NaN,
        "Other Non Operating Income Expenses": NaN,
        "Special Income Charges": NaN,
        "Gain On Sale Of Ppe": 0.0,
        "Restructuring And Mergern Acquisition": NaN,
        "Net Non Operating Interest Income Expense": NaN,
        "Interest Expense Non Operating": NaN,
        "Interest Income Non Operating": NaN,
        "Operating Income": NaN,
        "Operating Expense": NaN,
        "Other Taxes": NaN,
        "Depreciation Amortization Depletion Income Statement": NaN,
        "Depreciation And Amortization In Income Statement": NaN,
        "Selling General And Administration": NaN,
        "Selling And Marketing Expense": NaN,
        "General And Administrative Expense": NaN,
        "Other Gand A": NaN,
        "Gross Profit": NaN,
        "Cost Of Revenue": NaN,
        "Total Revenue": NaN,
        "Operating Revenue": NaN
    },
    "2023-03-31": {
        "Tax Effect Of Unusual Items": NaN,
        "Tax Rate For Calcs": NaN,
        "Normalized EBITDA": NaN,
        "Total Unusual Items": NaN,
        "Total Unusual Items Excluding Goodwill": NaN,
        "Net Income From Continuing Operation Net Minority Interest": NaN,
        "Reconciled Depreciation": NaN,
        "Reconciled Cost Of Revenue": NaN,
        "EBITDA": NaN,
        "EBIT": NaN,
        "Net Interest Income": NaN,
        "Interest Expense": NaN,
        "Interest Income": NaN,
        "Normalized Income": NaN,
        "Net Income From Continuing And Discontinued Operation": NaN,
        "Total Expenses": NaN,
        "Diluted Average Shares": NaN,
        "Basic Average Shares": NaN,
        "Diluted EPS": NaN,
        "Basic EPS": NaN,
        "Diluted NI Availto Com Stockholders": NaN,
        "Net Income Common Stockholders": NaN,
        "Net Income": NaN,
        "Net Income Including Noncontrolling Interests": NaN,
        "Net Income Discontinuous Operations": NaN,
        "Net Income Continuous Operations": NaN,
        "Earnings From Equity Interest Net Of Tax": NaN,
        "Tax Provision": NaN,
        "Pretax Income": NaN,
        "Other Income Expense": NaN,
        "Other Non Operating Income Expenses": NaN,
        "Special Income Charges": NaN,
        "Gain On Sale Of Ppe": 0.0,
        "Restructuring And Mergern Acquisition": NaN,
        "Net Non Operating Interest Income Expense": NaN,
        "Interest Expense Non Operating": NaN,
        "Interest Income Non Operating": NaN,
        "Operating Income": NaN,
        "Operating Expense": NaN,
        "Other Taxes": NaN,
        "Depreciation Amortization Depletion Income Statement": NaN,
        "Depreciation And Amortization In Income Statement": NaN,
        "Selling General And Administration": NaN,
        "Selling And Marketing Expense": NaN,
        "General And Administrative Expense": NaN,
        "Other Gand A": NaN,
        "Gross Profit": NaN,
        "Cost Of Revenue": NaN,
        "Total Revenue": NaN,
        "Operating Revenue": NaN
    },
    "2022-12-31": {
        "Tax Effect Of Unusual Items": NaN,
        "Tax Rate For Calcs": NaN,
        "Normalized EBITDA": NaN,
        "Total Unusual Items": NaN,
        "Total Unusual Items Excluding Goodwill": NaN,
        "Net Income From Continuing Operation Net Minority Interest": NaN,
        "Reconciled Depreciation": NaN,
        "Reconciled Cost Of Revenue": NaN,
        "EBITDA": NaN,
        "EBIT": NaN,
        "Net Interest Income": NaN,
        "Interest Expense": NaN,
        "Interest Income": NaN,
        "Normalized Income": NaN,
        "Net Income From Continuing And Discontinued Operation": NaN,
        "Total Expenses": NaN,
        "Diluted Average Shares": NaN,
        "Basic Average Shares": NaN,
        "Diluted EPS": NaN,
        "Basic EPS": NaN,
        "Diluted NI Availto Com Stockholders": NaN,
        "Net Income Common Stockholders": NaN,
        "Net Income": NaN,
        "Minority Interests": 0.0,
        "Net Income Including Noncontrolling Interests": NaN,
        "Net Income Discontinuous Operations": NaN,
        "Net Income Continuous Operations": NaN,
        "Earnings From Equity Interest Net Of Tax": NaN,
        "Tax Provision": NaN,
        "Pretax Income": NaN,
        "Other Income Expense": NaN,
        "Other Non Operating Income Expenses": NaN,
        "Special Income Charges": NaN,
        "Gain On Sale Of Ppe": NaN,
        "Gain On Sale Of Business": -86000000.0,
        "Restructuring And Mergern Acquisition": NaN,
        "Gain On Sale Of Security": 0.0,
        "Net Non Operating Interest Income Expense": NaN,
        "Interest Expense Non Operating": NaN,
        "Interest Income Non Operating": NaN,
        "Operating Income": NaN,
        "Operating Expense": NaN,
        "Other Taxes": NaN,
        "Depreciation Amortization Depletion Income Statement": NaN,
        "Depreciation And Amortization In Income Statement": NaN,
        "Selling General And Administration": NaN,
        "Selling And Marketing Expense": NaN,
        "General And Administrative Expense": NaN,
        "Other Gand A": NaN,
        "Gross Profit": NaN,
        "Cost Of Revenue": NaN,
        "Total Revenue": NaN,
        "Operating Revenue": NaN
    },
    "2022-09-30": {
        "Tax Effect Of Unusual Items": NaN,
        "Tax Rate For Calcs": NaN,
        "Normalized EBITDA": NaN,
        "Total Unusual Items": NaN,
        "Total Unusual Items Excluding Goodwill": NaN,
        "Net Income From Continuing Operation Net Minority Interest": NaN,
        "Reconciled Depreciation": NaN,
        "Reconciled Cost Of Revenue": NaN,
        "EBITDA": NaN,
        "EBIT": NaN,
        "Net Interest Income": NaN,
        "Interest Expense": NaN,
        "Interest Income": NaN,
        "Normalized Income": NaN,
        "Net Income From Continuing And Discontinued Operation": NaN,
        "Total Expenses": NaN,
        "Diluted Average Shares": NaN,
        "Basic Average Shares": NaN,
        "Diluted EPS": NaN,
        "Basic EPS": NaN,
        "Diluted NI Availto Com Stockholders": NaN,
        "Net Income Common Stockholders": NaN,
        "Net Income": NaN,
        "Minority Interests": 0.0,
        "Net Income Including Noncontrolling Interests": NaN,
        "Net Income Discontinuous Operations": NaN,
        "Net Income Continuous Operations": NaN,
        "Earnings From Equity Interest Net Of Tax": NaN,
        "Tax Provision": NaN,
        "Pretax Income": NaN,
        "Other Income Expense": NaN,
        "Other Non Operating Income Expenses": NaN,
        "Special Income Charges": NaN,
        "Gain On Sale Of Ppe": NaN,
        "Gain On Sale Of Business": 0.0,
        "Other Special Charges": 93000000.0,
        "Restructuring And Mergern Acquisition": NaN,
        "Earnings From Equity Interest": 0.0,
        "Gain On Sale Of Security": 16000000.0,
        "Net Non Operating Interest Income Expense": NaN,
        "Interest Expense Non Operating": NaN,
        "Interest Income Non Operating": NaN,
        "Operating Income": NaN,
        "Operating Expense": NaN,
        "Other Taxes": NaN,
        "Depreciation Amortization Depletion Income Statement": NaN,
        "Depreciation And Amortization In Income Statement": NaN,
        "Selling General And Administration": NaN,
        "Selling And Marketing Expense": NaN,
        "General And Administrative Expense": NaN,
        "Other Gand A": NaN,
        "Gross Profit": NaN,
        "Cost Of Revenue": NaN,
        "Total Revenue": NaN,
        "Operating Revenue": NaN
    },
    "2022-06-30": {
        "Tax Effect Of Unusual Items": 570000.0,
        "Tax Rate For Calcs": 0.19,
        "Normalized EBITDA": 852000000.0,
        "Total Unusual Items": 3000000.0,
        "Total Unusual Items Excluding Goodwill": 3000000.0,
        "Net Income From Continuing Operation Net Minority Interest": 511000000.0,
        "Reconciled Depreciation": 267000000.0,
        "Reconciled Cost Of Revenue": 3806000000.0,
        "EBITDA": 855000000.0,
        "EBIT": 588000000.0,
        "Net Interest Income": -74000000.0,
        "Interest Expense": 74000000.0,
        "Interest Income": 9000000.0,
        "Normalized Income": 508570000.0,
        "Net Income From Continuing And Discontinued Operation": 511000000.0,
        "Total Expenses": 4851000000.0,
        "Diluted Average Shares": 370700000.0,
        "Basic Average Shares": 367625899.0,
        "Diluted EPS": 1.38,
        "Basic EPS": 1.39,
        "Diluted NI Availto Com Stockholders": 511000000.0,
        "Net Income Common Stockholders": 511000000.0,
        "Net Income": 511000000.0,
        "Minority Interests": 0.0,
        "Net Income Including Noncontrolling Interests": 511000000.0,
        "Net Income Discontinuous Operations": 0.0,
        "Net Income Continuous Operations": 511000000.0,
        "Earnings From Equity Interest Net Of Tax": 93000000.0,
        "Tax Provision": 96000000.0,
        "Pretax Income": 514000000.0,
        "Other Income Expense": 50000000.0,
        "Other Non Operating Income Expenses": 47000000.0,
        "Special Income Charges": 0.0,
        "Gain On Sale Of Business": 0.0,
        "Other Special Charges": NaN,
        "Restructuring And Mergern Acquisition": 0.0,
        "Earnings From Equity Interest": NaN,
        "Gain On Sale Of Security": 3000000.0,
        "Net Non Operating Interest Income Expense": -74000000.0,
        "Interest Expense Non Operating": 74000000.0,
        "Interest Income Non Operating": 9000000.0,
        "Operating Income": 538000000.0,
        "Operating Expense": 1045000000.0,
        "Other Taxes": 36000000.0,
        "Depreciation Amortization Depletion Income Statement": 267000000.0,
        "Depreciation And Amortization In Income Statement": 267000000.0,
        "Amortization": 11000000.0,
        "Amortization Of Intangibles Income Statement": 11000000.0,
        "Depreciation Income Statement": 256000000.0,
        "Selling General And Administration": 742000000.0,
        "Selling And Marketing Expense": 742000000.0,
        "Gross Profit": 1583000000.0,
        "Cost Of Revenue": 3806000000.0,
        "Total Revenue": 5389000000.0,
        "Operating Revenue": 5389000000.0
    },
    "2023-09-30": {
        "Tax Effect Of Unusual Items": NaN,
        "Tax Rate For Calcs": NaN,
        "Normalized EBITDA": NaN,
        "Total Unusual Items": NaN,
        "Total Unusual Items Excluding Goodwill": NaN,
        "Net Income From Continuing Operation Net Minority Interest": NaN,
        "Reconciled Depreciation": NaN,
        "Reconciled Cost Of Revenue": NaN,
        "EBITDA": NaN,
        "EBIT": NaN,
        "Net Interest Income": NaN,
        "Interest Expense": NaN,
        "Interest Income": NaN,
        "Normalized Income": NaN,
        "Net Income From Continuing And Discontinued Operation": NaN,
        "Total Expenses": NaN,
        "Diluted Average Shares": NaN,
        "Basic Average Shares": NaN,
        "Diluted EPS": NaN,
        "Basic EPS": NaN,
        "Diluted NI Availto Com Stockholders": NaN,
        "Net Income Common Stockholders": NaN,
        "Net Income": NaN,
        "Net Income Including Noncontrolling Interests": NaN,
        "Net Income Discontinuous Operations": NaN,
        "Net Income Continuous Operations": NaN,
        "Earnings From Equity Interest Net Of Tax": NaN,
        "Tax Provision": NaN,
        "Pretax Income": NaN,
        "Other Income Expense": NaN,
        "Other Non Operating Income Expenses": NaN,
        "Special Income Charges": NaN,
        "Gain On Sale Of Ppe": 0.0,
        "Restructuring And Mergern Acquisition": NaN,
        "Net Non Operating Interest Income Expense": NaN,
        "Interest Expense Non Operating": NaN,
        "Interest Income Non Operating": NaN,
        "Operating Income": NaN,
        "Operating Expense": NaN,
        "Other Taxes": NaN,
        "Depreciation Amortization Depletion Income Statement": NaN,
        "Depreciation And Amortization In Income Statement": NaN,
        "Selling General And Administration": NaN,
        "Selling And Marketing Expense": NaN,
        "General And Administrative Expense": NaN,
        "Other Gand A": NaN,
        "Gross Profit": NaN,
        "Cost Of Revenue": NaN,
        "Total Revenue": NaN,
        "Operating Revenue": NaN
    },
    "2023-12-31": {
        "Tax Effect Of Unusual Items": NaN,
        "Tax Rate For Calcs": NaN,
        "Normalized EBITDA": NaN,
        "Total Unusual Items": NaN,
        "Total Unusual Items Excluding Goodwill": NaN,
        "Net Income From Continuing Operation Net Minority Interest": NaN,
        "Reconciled Depreciation": NaN,
        "Reconciled Cost Of Revenue": NaN,
        "EBITDA": NaN,
        "EBIT": NaN,
        "Net Interest Income": NaN,
        "Interest Expense": NaN,
        "Interest Income": NaN,
        "Normalized Income": NaN,
        "Net Income From Continuing And Discontinued Operation": NaN,
        "Total Expenses": NaN,
        "Diluted Average Shares": NaN,
        "Basic Average Shares": NaN,
        "Diluted EPS": NaN,
        "Basic EPS": NaN,
        "Diluted NI Availto Com Stockholders": NaN,
        "Net Income Common Stockholders": NaN,
        "Net Income": NaN,
        "Net Income Including Noncontrolling Interests": NaN,
        "Net Income Discontinuous Operations": 0.0,
        "Net Income Continuous Operations": NaN,
        "Earnings From Equity Interest Net Of Tax": NaN,
        "Tax Provision": NaN,
        "Pretax Income": NaN,
        "Other Income Expense": NaN,
        "Other Non Operating Income Expenses": NaN,
        "Special Income Charges": NaN,
        "Gain On Sale Of Ppe": NaN,
        "Gain On Sale Of Business": NaN,
        "Restructuring And Mergern Acquisition": NaN,
        "Net Non Operating Interest Income Expense": NaN,
        "Interest Expense Non Operating": NaN,
        "Interest Income Non Operating": NaN,
        "Operating Income": NaN,
        "Operating Expense": NaN,
        "Other Taxes": NaN,
        "Depreciation Amortization Depletion Income Statement": NaN,
        "Depreciation And Amortization In Income Statement": NaN,
        "Selling General And Administration": NaN,
        "Selling And Marketing Expense": NaN,
        "General And Administrative Expense": NaN,
        "Other Gand A": NaN,
        "Gross Profit": NaN,
        "Cost Of Revenue": NaN,
        "Total Revenue": NaN,
        "Operating Revenue": NaN
    },
    "2024-03-31": {
        "Tax Effect Of Unusual Items": NaN,
        "Tax Rate For Calcs": NaN,
        "Normalized EBITDA": NaN,
        "Total Unusual Items": NaN,
        "Total Unusual Items Excluding Goodwill": NaN,
        "Net Income From Continuing Operation Net Minority Interest": NaN,
        "Reconciled Depreciation": NaN,
        "Reconciled Cost Of Revenue": NaN,
        "EBITDA": NaN,
        "EBIT": NaN,
        "Net Interest Income": NaN,
        "Interest Expense": NaN,
        "Interest Income": NaN,
        "Normalized Income": NaN,
        "Net Income From Continuing And Discontinued Operation": NaN,
        "Total Expenses": NaN,
        "Diluted Average Shares": NaN,
        "Basic Average Shares": NaN,
        "Diluted EPS": NaN,
        "Basic EPS": NaN,
        "Diluted NI Availto Com Stockholders": NaN,
        "Net Income Common Stockholders": NaN,
        "Net Income": NaN,
        "Net Income Including Noncontrolling Interests": NaN,
        "Net Income Discontinuous Operations": 0.0,
        "Net Income Continuous Operations": NaN,
        "Earnings From Equity Interest Net Of Tax": NaN,
        "Tax Provision": NaN,
        "Pretax Income": NaN,
        "Other Income Expense": NaN,
        "Other Non Operating Income Expenses": NaN,
        "Special Income Charges": NaN,
        "Gain On Sale Of Ppe": NaN,
        "Gain On Sale Of Business": NaN,
        "Restructuring And Mergern Acquisition": NaN,
        "Net Non Operating Interest Income Expense": NaN,
        "Interest Expense Non Operating": NaN,
        "Interest Income Non Operating": NaN,
        "Operating Income": NaN,
        "Operating Expense": NaN,
        "Other Taxes": NaN,
        "Depreciation Amortization Depletion Income Statement": NaN,
        "Depreciation And Amortization In Income Statement": NaN,
        "Selling General And Administration": NaN,
        "Selling And Marketing Expense": NaN,
        "General And Administrative Expense": NaN,
        "Other Gand A": NaN,
        "Gross Profit": NaN,
        "Cost Of Revenue": NaN,
        "Total Revenue": NaN,
        "Operating Revenue": NaN
    },
    "2024-06-30": {
        "Tax Effect Of Unusual Items": 1050000.0,
        "Tax Rate For Calcs": 0.21,
        "Normalized EBITDA": 569000000.0,
        "Total Unusual Items": 5000000.0,
        "Total Unusual Items Excluding Goodwill": 5000000.0,
        "Net Income From Continuing Operation Net Minority Interest": 498000000.0,
        "Reconciled Depreciation": 261000000.0,
        "Reconciled Cost Of Revenue": 3360000000.0,
        "EBITDA": 574000000.0,
        "EBIT": 313000000.0,
        "Net Interest Income": -55000000.0,
        "Interest Expense": 107000000.0,
        "Interest Income": 52000000.0,
        "Normalized Income": 494050000.0,
        "Net Income From Continuing And Discontinued Operation": 498000000.0,
        "Total Expenses": 4488000000.0,
        "Diluted Average Shares": 352800000.0,
        "Basic Average Shares": 347300000.0,
        "Diluted EPS": 1.41,
        "Basic EPS": 1.43,
        "Diluted NI Availto Com Stockholders": 498000000.0,
        "Net Income Common Stockholders": 498000000.0,
        "Net Income": 498000000.0,
        "Net Income Including Noncontrolling Interests": 498000000.0,
        "Net Income Discontinuous Operations": 0.0,
        "Net Income Continuous Operations": 498000000.0,
        "Earnings From Equity Interest Net Of Tax": -1000000.0,
        "Tax Provision": -293000000.0,
        "Pretax Income": 206000000.0,
        "Other Income Expense": 15000000.0,
        "Other Non Operating Income Expenses": 10000000.0,
        "Special Income Charges": 5000000.0,
        "Gain On Sale Of Ppe": 5000000.0,
        "Gain On Sale Of Business": 0.0,
        "Restructuring And Mergern Acquisition": 0.0,
        "Net Non Operating Interest Income Expense": -55000000.0,
        "Interest Expense Non Operating": 107000000.0,
        "Interest Income Non Operating": 52000000.0,
        "Operating Income": 246000000.0,
        "Operating Expense": 1128000000.0,
        "Other Taxes": 35000000.0,
        "Depreciation Amortization Depletion Income Statement": 261000000.0,
        "Depreciation And Amortization In Income Statement": 261000000.0,
        "Selling General And Administration": 832000000.0,
        "Selling And Marketing Expense": 379000000.0,
        "General And Administrative Expense": 453000000.0,
        "Other Gand A": 453000000.0,
        "Gross Profit": 1374000000.0,
        "Cost Of Revenue": 3360000000.0,
        "Total Revenue": 4734000000.0,
        "Operating Revenue": 4734000000.0
    },
    "2024-09-30": {
        "Tax Effect Of Unusual Items": -11760000.0,
        "Tax Rate For Calcs": 0.21,
        "Normalized EBITDA": 509000000.0,
        "Total Unusual Items": -56000000.0,
        "Total Unusual Items Excluding Goodwill": -56000000.0,
        "Net Income From Continuing Operation Net Minority Interest": 150000000.0,
        "Reconciled Depreciation": 267000000.0,
        "Reconciled Cost Of Revenue": 3342000000.0,
        "EBITDA": 453000000.0,
        "EBIT": 186000000.0,
        "Net Interest Income": -51000000.0,
        "Interest Expense": 106000000.0,
        "Interest Income": 55000000.0,
        "Normalized Income": 194240000.0,
        "Net Income From Continuing And Discontinued Operation": 150000000.0,
        "Total Expenses": 4511000000.0,
        "Diluted Average Shares": 353400000.0,
        "Basic Average Shares": 347400000.0,
        "Diluted EPS": 0.42,
        "Basic EPS": 0.43,
        "Diluted NI Availto Com Stockholders": 150000000.0,
        "Net Income Common Stockholders": 150000000.0,
        "Net Income": 150000000.0,
        "Net Income Including Noncontrolling Interests": 150000000.0,
        "Net Income Discontinuous Operations": 0.0,
        "Net Income Continuous Operations": 150000000.0,
        "Earnings From Equity Interest Net Of Tax": -1000000.0,
        "Tax Provision": -71000000.0,
        "Pretax Income": 80000000.0,
        "Other Income Expense": -44000000.0,
        "Other Non Operating Income Expenses": 12000000.0,
        "Special Income Charges": -56000000.0,
        "Gain On Sale Of Ppe": 0.0,
        "Gain On Sale Of Business": NaN,
        "Restructuring And Mergern Acquisition": 56000000.0,
        "Net Non Operating Interest Income Expense": -51000000.0,
        "Interest Expense Non Operating": 106000000.0,
        "Interest Income Non Operating": 55000000.0,
        "Operating Income": 175000000.0,
        "Operating Expense": 1169000000.0,
        "Other Taxes": 37000000.0,
        "Depreciation Amortization Depletion Income Statement": 267000000.0,
        "Depreciation And Amortization In Income Statement": 267000000.0,
        "Selling General And Administration": 865000000.0,
        "Selling And Marketing Expense": 357000000.0,
        "General And Administrative Expense": 508000000.0,
        "Other Gand A": 508000000.0,
        "Gross Profit": 1344000000.0,
        "Cost Of Revenue": 3342000000.0,
        "Total Revenue": 4686000000.0,
        "Operating Revenue": 4686000000.0
    },
    "2024-12-31": {
        "Tax Effect Of Unusual Items": -36214285.714286,
        "Tax Rate For Calcs": 0.348214,
        "Normalized EBITDA": 487000000.0,
        "Total Unusual Items": -104000000.0,
        "Total Unusual Items Excluding Goodwill": -104000000.0,
        "Net Income From Continuing Operation Net Minority Interest": -147000000.0,
        "Reconciled Depreciation": 499000000.0,
        "Reconciled Cost Of Revenue": 3250000000.0,
        "EBITDA": 383000000.0,
        "EBIT": -116000000.0,
        "Net Interest Income": -56000000.0,
        "Interest Expense": 108000000.0,
        "Interest Income": 52000000.0,
        "Normalized Income": -79214285.714286,
        "Net Income From Continuing And Discontinued Operation": -147000000.0,
        "Total Expenses": 4652000000.0,
        "Diluted Average Shares": 350000000.0,
        "Basic Average Shares": 350000000.0,
        "Diluted EPS": -0.42,
        "Basic EPS": -0.42,
        "Diluted NI Availto Com Stockholders": -147000000.0,
        "Net Income Common Stockholders": -147000000.0,
        "Net Income": -147000000.0,
        "Net Income Including Noncontrolling Interests": -147000000.0,
        "Net Income Discontinuous Operations": 0.0,
        "Net Income Continuous Operations": -147000000.0,
        "Earnings From Equity Interest Net Of Tax": -1000000.0,
        "Tax Provision": -78000000.0,
        "Pretax Income": -224000000.0,
        "Other Income Expense": -96000000.0,
        "Other Non Operating Income Expenses": 8000000.0,
        "Special Income Charges": -104000000.0,
        "Gain On Sale Of Ppe": 58000000.0,
        "Gain On Sale Of Business": NaN,
        "Restructuring And Mergern Acquisition": 162000000.0,
        "Net Non Operating Interest Income Expense": -56000000.0,
        "Interest Expense Non Operating": 108000000.0,
        "Interest Income Non Operating": 52000000.0,
        "Operating Income": -72000000.0,
        "Operating Expense": 1402000000.0,
        "Other Taxes": 34000000.0,
        "Depreciation Amortization Depletion Income Statement": 499000000.0,
        "Depreciation And Amortization In Income Statement": 499000000.0,
        "Selling General And Administration": 869000000.0,
        "Selling And Marketing Expense": 348000000.0,
        "General And Administrative Expense": 521000000.0,
        "Other Gand A": 521000000.0,
        "Gross Profit": 1330000000.0,
        "Cost Of Revenue": 3250000000.0,
        "Total Revenue": 4580000000.0,
        "Operating Revenue": 4580000000.0
    },
    "2025-03-31": {
        "Tax Effect Of Unusual Items": -2080000.0,
        "Tax Rate For Calcs": 0.13,
        "Normalized EBITDA": 585000000.0,
        "Total Unusual Items": -16000000.0,
        "Total Unusual Items Excluding Goodwill": -16000000.0,
        "Net Income From Continuing Operation Net Minority Interest": -105000000.0,
        "Reconciled Depreciation": 571000000.0,
        "Reconciled Cost Of Revenue": 4259000000.0,
        "EBITDA": 569000000.0,
        "EBIT": -2000000.0,
        "Net Interest Income": -81000000.0,
        "Interest Expense": 133000000.0,
        "Interest Income": 52000000.0,
        "Normalized Income": -91080000.0,
        "Net Income From Continuing And Discontinued Operation": -105000000.0,
        "Total Expenses": 5936000000.0,
        "Diluted Average Shares": 437600000.0,
        "Basic Average Shares": 437600000.0,
        "Diluted EPS": -0.24,
        "Basic EPS": -0.24,
        "Diluted NI Availto Com Stockholders": -105000000.0,
        "Net Income Common Stockholders": -105000000.0,
        "Net Income": -105000000.0,
        "Net Income Including Noncontrolling Interests": -105000000.0,
        "Net Income Discontinuous Operations": NaN,
        "Net Income Continuous Operations": -105000000.0,
        "Earnings From Equity Interest Net Of Tax": -1000000.0,
        "Tax Provision": -31000000.0,
        "Pretax Income": -135000000.0,
        "Other Income Expense": -19000000.0,
        "Other Non Operating Income Expenses": -3000000.0,
        "Special Income Charges": -16000000.0,
        "Gain On Sale Of Ppe": 67000000.0,
        "Gain On Sale Of Business": NaN,
        "Restructuring And Mergern Acquisition": 83000000.0,
        "Net Non Operating Interest Income Expense": -81000000.0,
        "Interest Expense Non Operating": 133000000.0,
        "Interest Income Non Operating": 52000000.0,
        "Operating Income": -35000000.0,
        "Operating Expense": 1677000000.0,
        "Other Taxes": 93000000.0,
        "Depreciation Amortization Depletion Income Statement": 571000000.0,
        "Depreciation And Amortization In Income Statement": 571000000.0,
        "Selling General And Administration": 1013000000.0,
        "Selling And Marketing Expense": 483000000.0,
        "General And Administrative Expense": 530000000.0,
        "Other Gand A": 530000000.0,
        "Gross Profit": 1642000000.0,
        "Cost Of Revenue": 4259000000.0,
        "Total Revenue": 5901000000.0,
        "Operating Revenue": 5901000000.0
    },
    "2025-06-30": {
        "Tax Effect Of Unusual Items": 4137931.034483,
        "Tax Rate For Calcs": 0.344828,
        "Normalized EBITDA": 727000000.0,
        "Total Unusual Items": 12000000.0,
        "Total Unusual Items Excluding Goodwill": 12000000.0,
        "Net Income From Continuing Operation Net Minority Interest": 75000000.0,
        "Reconciled Depreciation": 480000000.0,
        "Reconciled Cost Of Revenue": 4876000000.0,
        "EBITDA": 739000000.0,
        "EBIT": 259000000.0,
        "Net Interest Income": -107000000.0,
        "Interest Expense": 143000000.0,
        "Interest Income": 36000000.0,
        "Normalized Income": 67137931.034483,
        "Net Income From Continuing And Discontinued Operation": 75000000.0,
        "Total Expenses": 6561000000.0,
        "Diluted Average Shares": 532600000.0,
        "Basic Average Shares": 527900000.0,
        "Diluted EPS": 0.14,
        "Basic EPS": 0.14,
        "Diluted NI Availto Com Stockholders": 75000000.0,
        "Net Income Common Stockholders": 75000000.0,
        "Net Income": 75000000.0,
        "Net Income Including Noncontrolling Interests": 75000000.0,
        "Net Income Discontinuous Operations": NaN,
        "Net Income Continuous Operations": 75000000.0,
        "Earnings From Equity Interest Net Of Tax": -1000000.0,
        "Tax Provision": 40000000.0,
        "Pretax Income": 116000000.0,
        "Other Income Expense": 17000000.0,
        "Other Non Operating Income Expenses": 5000000.0,
        "Special Income Charges": 12000000.0,
        "Gain On Sale Of Ppe": 0.0,
        "Gain On Sale Of Business": 51000000.0,
        "Restructuring And Mergern Acquisition": 39000000.0,
        "Net Non Operating Interest Income Expense": -107000000.0,
        "Interest Expense Non Operating": 143000000.0,
        "Interest Income Non Operating": 36000000.0,
        "Operating Income": 206000000.0,
        "Operating Expense": 1685000000.0,
        "Other Taxes": 49000000.0,
        "Depreciation Amortization Depletion Income Statement": 480000000.0,
        "Depreciation And Amortization In Income Statement": 480000000.0,
        "Selling General And Administration": 1156000000.0,
        "Selling And Marketing Expense": 578000000.0,
        "General And Administrative Expense": 578000000.0,
        "Other Gand A": 578000000.0,
        "Gross Profit": 1891000000.0,
        "Cost Of Revenue": 4876000000.0,
        "Total Revenue": 6767000000.0,
        "Operating Revenue": 6767000000.0
    }
}