{
    "2023-04-30": {
        "Tax Effect Of Unusual Items": NaN,
        "Tax Rate For Calcs": NaN,
        "Normalized EBITDA": NaN,
        "Total Unusual Items": NaN,
        "Total Unusual Items Excluding Goodwill": NaN,
        "Net Income From Continuing Operation Net Minority Interest": NaN,
        "Reconciled Depreciation": NaN,
        "Reconciled Cost Of Revenue": NaN,
        "EBITDA": NaN,
        "EBIT": NaN,
        "Net Interest Income": NaN,
        "Interest Expense": NaN,
        "Interest Income": 197000.0,
        "Normalized Income": NaN,
        "Net Income From Continuing And Discontinued Operation": NaN,
        "Total Expenses": NaN,
        "Diluted Average Shares": NaN,
        "Basic Average Shares": NaN,
        "Diluted EPS": NaN,
        "Basic EPS": NaN,
        "Diluted NI Availto Com Stockholders": NaN,
        "Net Income Common Stockholders": NaN,
        "Net Income": NaN,
        "Net Income Including Noncontrolling Interests": NaN,
        "Net Income Continuous Operations": NaN,
        "Tax Provision": NaN,
        "Pretax Income": NaN,
        "Other Income Expense": NaN,
        "Gain On Sale Of Security": NaN,
        "Net Non Operating Interest Income Expense": NaN,
        "Interest Expense Non Operating": NaN,
        "Interest Income Non Operating": 197000.0,
        "Operating Income": NaN,
        "Operating Expense": NaN,
        "Other Operating Expenses": NaN,
        "Depreciation Amortization Depletion Income Statement": NaN,
        "Depreciation And Amortization In Income Statement": NaN,
        "Amortization": NaN,
        "Amortization Of Intangibles Income Statement": NaN,
        "Research And Development": NaN,
        "Selling General And Administration": NaN,
        "Selling And Marketing Expense": NaN,
        "General And Administrative Expense": NaN,
        "Other Gand A": NaN,
        "Gross Profit": NaN,
        "Cost Of Revenue": NaN,
        "Total Revenue": NaN,
        "Operating Revenue": NaN
    },
    "2023-01-31": {
        "Tax Effect Of Unusual Items": NaN,
        "Tax Rate For Calcs": NaN,
        "Normalized EBITDA": NaN,
        "Total Unusual Items": NaN,
        "Total Unusual Items Excluding Goodwill": NaN,
        "Net Income From Continuing Operation Net Minority Interest": NaN,
        "Reconciled Depreciation": NaN,
        "Reconciled Cost Of Revenue": NaN,
        "EBITDA": NaN,
        "EBIT": NaN,
        "Net Interest Income": NaN,
        "Interest Expense": NaN,
        "Interest Income": NaN,
        "Normalized Income": NaN,
        "Net Income From Continuing And Discontinued Operation": NaN,
        "Total Expenses": NaN,
        "Diluted Average Shares": 24944679.0,
        "Basic Average Shares": 24944679.0,
        "Diluted EPS": -0.19,
        "Basic EPS": -0.19,
        "Diluted NI Availto Com Stockholders": NaN,
        "Net Income Common Stockholders": NaN,
        "Net Income": NaN,
        "Net Income Including Noncontrolling Interests": NaN,
        "Net Income Continuous Operations": NaN,
        "Tax Provision": NaN,
        "Pretax Income": NaN,
        "Other Income Expense": NaN,
        "Gain On Sale Of Security": NaN,
        "Net Non Operating Interest Income Expense": NaN,
        "Interest Expense Non Operating": NaN,
        "Interest Income Non Operating": NaN,
        "Operating Income": NaN,
        "Operating Expense": NaN,
        "Other Operating Expenses": NaN,
        "Depreciation Amortization Depletion Income Statement": NaN,
        "Depreciation And Amortization In Income Statement": NaN,
        "Amortization": NaN,
        "Amortization Of Intangibles Income Statement": NaN,
        "Research And Development": NaN,
        "Selling General And Administration": NaN,
        "Selling And Marketing Expense": NaN,
        "General And Administrative Expense": NaN,
        "Other Gand A": NaN,
        "Gross Profit": NaN,
        "Cost Of Revenue": NaN,
        "Total Revenue": NaN,
        "Operating Revenue": NaN
    },
    "2022-10-31": {
        "Tax Effect Of Unusual Items": NaN,
        "Tax Rate For Calcs": NaN,
        "Normalized EBITDA": NaN,
        "Total Unusual Items": NaN,
        "Total Unusual Items Excluding Goodwill": NaN,
        "Net Income From Continuing Operation Net Minority Interest": NaN,
        "Reconciled Depreciation": NaN,
        "Reconciled Cost Of Revenue": NaN,
        "EBITDA": NaN,
        "EBIT": NaN,
        "Net Interest Income": NaN,
        "Interest Expense": NaN,
        "Interest Income": NaN,
        "Normalized Income": NaN,
        "Net Income From Continuing And Discontinued Operation": NaN,
        "Total Expenses": NaN,
        "Diluted Average Shares": 24874455.0,
        "Basic Average Shares": 24874455.0,
        "Diluted EPS": -0.3,
        "Basic EPS": -0.3,
        "Diluted NI Availto Com Stockholders": NaN,
        "Net Income Common Stockholders": NaN,
        "Net Income": NaN,
        "Net Income Including Noncontrolling Interests": NaN,
        "Net Income Continuous Operations": NaN,
        "Tax Provision": NaN,
        "Pretax Income": NaN,
        "Other Income Expense": NaN,
        "Gain On Sale Of Security": NaN,
        "Net Non Operating Interest Income Expense": NaN,
        "Interest Expense Non Operating": NaN,
        "Interest Income Non Operating": NaN,
        "Operating Income": NaN,
        "Operating Expense": NaN,
        "Other Operating Expenses": -14000.0,
        "Depreciation Amortization Depletion Income Statement": NaN,
        "Depreciation And Amortization In Income Statement": NaN,
        "Amortization": NaN,
        "Amortization Of Intangibles Income Statement": NaN,
        "Research And Development": NaN,
        "Selling General And Administration": NaN,
        "Selling And Marketing Expense": NaN,
        "General And Administrative Expense": NaN,
        "Other Gand A": NaN,
        "Gross Profit": NaN,
        "Cost Of Revenue": NaN,
        "Total Revenue": NaN,
        "Operating Revenue": NaN
    },
    "2022-07-31": {
        "Tax Effect Of Unusual Items": 453.086672,
        "Tax Rate For Calcs": 0.04119,
        "Normalized EBITDA": -8195000.0,
        "Total Unusual Items": 11000.0,
        "Total Unusual Items Excluding Goodwill": 11000.0,
        "Net Income From Continuing Operation Net Minority Interest": -9381000.0,
        "Reconciled Depreciation": 1550000.0,
        "Reconciled Cost Of Revenue": 1906000.0,
        "EBITDA": -8184000.0,
        "EBIT": -9734000.0,
        "Net Interest Income": -50000.0,
        "Interest Expense": 50000.0,
        "Interest Income": NaN,
        "Normalized Income": -9391546.913328,
        "Net Income From Continuing And Discontinued Operation": -9381000.0,
        "Total Expenses": 14434000.0,
        "Rent Expense Supplemental": 97000.0,
        "Diluted Average Shares": 24738799.0,
        "Basic Average Shares": 24738799.0,
        "Diluted EPS": -0.38,
        "Basic EPS": -0.38,
        "Diluted NI Availto Com Stockholders": -9381000.0,
        "Net Income Common Stockholders": -9381000.0,
        "Net Income": -9381000.0,
        "Net Income Including Noncontrolling Interests": -9381000.0,
        "Net Income Continuous Operations": -9381000.0,
        "Tax Provision": -403000.0,
        "Pretax Income": -9784000.0,
        "Other Income Expense": 11000.0,
        "Special Income Charges": -3000.0,
        "Write Off": 3000.0,
        "Gain On Sale Of Security": 14000.0,
        "Net Non Operating Interest Income Expense": -50000.0,
        "Interest Expense Non Operating": 50000.0,
        "Interest Income Non Operating": NaN,
        "Operating Income": -9745000.0,
        "Operating Expense": 12224000.0,
        "Other Operating Expenses": -39000.0,
        "Depreciation Amortization Depletion Income Statement": 1246000.0,
        "Depreciation And Amortization In Income Statement": 1246000.0,
        "Amortization": NaN,
        "Amortization Of Intangibles Income Statement": NaN,
        "Research And Development": 5778000.0,
        "Selling General And Administration": 5239000.0,
        "Selling And Marketing Expense": 311000.0,
        "General And Administrative Expense": 4928000.0,
        "Other Gand A": 1431000.0,
        "Insurance And Claims": 430000.0,
        "Rent And Landing Fees": 97000.0,
        "Salaries And Wages": 2970000.0,
        "Gross Profit": 2479000.0,
        "Cost Of Revenue": 2210000.0,
        "Total Revenue": 4689000.0,
        "Operating Revenue": 4689000.0
    },
    "2022-04-30": {
        "Diluted EPS": -0.18,
        "Total Revenue": 4,
        "Gross Profit": 3,
        "Operating Income": -3,
        "EBIT": -3,
        "Net Income": -4
    },
    "2022-01-31": {
        "Diluted EPS": -0.16,
        "Total Revenue": 4,
        "Gross Profit": 2,
        "Operating Income": -3,
        "EBIT": -2,
        "Net Income": -3
    },
    "2021-10-31": {
        "Diluted EPS": -0.21,
        "Total Revenue": 4,
        "Gross Profit": 2,
        "Operating Income": -4,
        "EBIT": -3,
        "Net Income": -4
    },
    "2021-07-31": {
        "Diluted EPS": -0.14,
        "Total Revenue": 4,
        "Gross Profit": 2,
        "Operating Income": -3,
        "EBIT": -2,
        "Net Income": -3
    },
    "2021-04-30": {
        "Diluted EPS": -0.23,
        "Total Revenue": 4,
        "Gross Profit": 4,
        "Operating Income": 4,
        "EBIT": 4,
        "Net Income": -4
    },
    "2023-07-31": {
        "Tax Effect Of Unusual Items": NaN,
        "Tax Rate For Calcs": NaN,
        "Normalized EBITDA": NaN,
        "Total Unusual Items": NaN,
        "Total Unusual Items Excluding Goodwill": NaN,
        "Net Income From Continuing Operation Net Minority Interest": NaN,
        "Reconciled Depreciation": NaN,
        "Reconciled Cost Of Revenue": NaN,
        "EBITDA": NaN,
        "EBIT": NaN,
        "Net Interest Income": NaN,
        "Interest Expense": NaN,
        "Interest Income": 8000.0,
        "Normalized Income": NaN,
        "Net Income From Continuing And Discontinued Operation": NaN,
        "Total Expenses": NaN,
        "Diluted Average Shares": NaN,
        "Basic Average Shares": NaN,
        "Diluted EPS": NaN,
        "Basic EPS": NaN,
        "Diluted NI Availto Com Stockholders": NaN,
        "Net Income Common Stockholders": NaN,
        "Net Income": NaN,
        "Net Income Including Noncontrolling Interests": NaN,
        "Net Income Continuous Operations": NaN,
        "Tax Provision": NaN,
        "Pretax Income": NaN,
        "Other Income Expense": NaN,
        "Special Income Charges": NaN,
        "Impairment Of Capital Assets": NaN,
        "Gain On Sale Of Security": NaN,
        "Net Non Operating Interest Income Expense": NaN,
        "Interest Expense Non Operating": NaN,
        "Interest Income Non Operating": 8000.0,
        "Operating Income": NaN,
        "Operating Expense": NaN,
        "Other Operating Expenses": NaN,
        "Depreciation Amortization Depletion Income Statement": NaN,
        "Depreciation And Amortization In Income Statement": NaN,
        "Amortization": NaN,
        "Amortization Of Intangibles Income Statement": NaN,
        "Research And Development": NaN,
        "Selling General And Administration": NaN,
        "Selling And Marketing Expense": NaN,
        "General And Administrative Expense": NaN,
        "Other Gand A": NaN,
        "Gross Profit": NaN,
        "Cost Of Revenue": NaN,
        "Total Revenue": NaN,
        "Operating Revenue": NaN
    },
    "2023-10-31": {
        "Tax Effect Of Unusual Items": NaN,
        "Tax Rate For Calcs": NaN,
        "Normalized EBITDA": NaN,
        "Total Unusual Items": NaN,
        "Total Unusual Items Excluding Goodwill": NaN,
        "Net Income From Continuing Operation Net Minority Interest": NaN,
        "Reconciled Depreciation": NaN,
        "Reconciled Cost Of Revenue": NaN,
        "EBITDA": NaN,
        "EBIT": NaN,
        "Net Interest Income": NaN,
        "Interest Expense": NaN,
        "Interest Income": 10000.0,
        "Normalized Income": NaN,
        "Net Income From Continuing And Discontinued Operation": NaN,
        "Total Expenses": NaN,
        "Diluted Average Shares": 25050260.0,
        "Basic Average Shares": 25050260.0,
        "Diluted EPS": -0.1,
        "Basic EPS": -0.1,
        "Diluted NI Availto Com Stockholders": NaN,
        "Net Income Common Stockholders": NaN,
        "Net Income": NaN,
        "Net Income Including Noncontrolling Interests": NaN,
        "Net Income Continuous Operations": NaN,
        "Tax Provision": NaN,
        "Pretax Income": NaN,
        "Other Income Expense": NaN,
        "Special Income Charges": NaN,
        "Impairment Of Capital Assets": NaN,
        "Gain On Sale Of Security": NaN,
        "Net Non Operating Interest Income Expense": NaN,
        "Interest Expense Non Operating": NaN,
        "Interest Income Non Operating": 10000.0,
        "Operating Income": NaN,
        "Operating Expense": NaN,
        "Other Operating Expenses": -16000.0,
        "Depreciation Amortization Depletion Income Statement": NaN,
        "Depreciation And Amortization In Income Statement": NaN,
        "Amortization": NaN,
        "Amortization Of Intangibles Income Statement": NaN,
        "Research And Development": NaN,
        "Selling General And Administration": NaN,
        "Selling And Marketing Expense": NaN,
        "General And Administrative Expense": NaN,
        "Other Gand A": NaN,
        "Gross Profit": NaN,
        "Cost Of Revenue": NaN,
        "Total Revenue": NaN,
        "Operating Revenue": NaN
    },
    "2024-01-31": {
        "Tax Effect Of Unusual Items": -25880.821522,
        "Tax Rate For Calcs": 0.225051,
        "Normalized EBITDA": -2028000.0,
        "Total Unusual Items": -115000.0,
        "Total Unusual Items Excluding Goodwill": -115000.0,
        "Net Income From Continuing Operation Net Minority Interest": -2679000.0,
        "Reconciled Depreciation": 1309000.0,
        "Reconciled Cost Of Revenue": 2424000.0,
        "EBITDA": -2143000.0,
        "EBIT": -3452000.0,
        "Net Interest Income": -2000.0,
        "Interest Expense": 5000.0,
        "Interest Income": 3000.0,
        "Normalized Income": -2589880.821522,
        "Net Income From Continuing And Discontinued Operation": -2679000.0,
        "Total Expenses": 9561000.0,
        "Diluted Average Shares": 25800919.0,
        "Basic Average Shares": 25800919.0,
        "Diluted EPS": -0.1,
        "Basic EPS": -0.1,
        "Diluted NI Availto Com Stockholders": -2679000.0,
        "Net Income Common Stockholders": -2679000.0,
        "Net Income": -2679000.0,
        "Net Income Including Noncontrolling Interests": -2679000.0,
        "Net Income Continuous Operations": -2679000.0,
        "Tax Provision": -778000.0,
        "Pretax Income": -3457000.0,
        "Other Income Expense": -115000.0,
        "Special Income Charges": 0.0,
        "Impairment Of Capital Assets": 0.0,
        "Gain On Sale Of Security": -115000.0,
        "Net Non Operating Interest Income Expense": -2000.0,
        "Interest Expense Non Operating": 5000.0,
        "Interest Income Non Operating": 3000.0,
        "Operating Income": -3340000.0,
        "Operating Expense": 6537000.0,
        "Other Operating Expenses": NaN,
        "Depreciation Amortization Depletion Income Statement": 709000.0,
        "Depreciation And Amortization In Income Statement": 709000.0,
        "Amortization": 709000.0,
        "Amortization Of Intangibles Income Statement": 709000.0,
        "Research And Development": 1001000.0,
        "Selling General And Administration": 4827000.0,
        "Selling And Marketing Expense": 649000.0,
        "General And Administrative Expense": 4178000.0,
        "Other Gand A": 4178000.0,
        "Gross Profit": 3197000.0,
        "Cost Of Revenue": 3024000.0,
        "Total Revenue": 6221000.0,
        "Operating Revenue": 6221000.0
    },
    "2024-04-30": {
        "Tax Effect Of Unusual Items": -617818.616513,
        "Tax Rate For Calcs": 0.041281,
        "Normalized EBITDA": -2273000.0,
        "Total Unusual Items": -14966000.0,
        "Total Unusual Items Excluding Goodwill": -14966000.0,
        "Net Income From Continuing Operation Net Minority Interest": -18045000.0,
        "Reconciled Depreciation": 1579000.0,
        "Reconciled Cost Of Revenue": 2473000.0,
        "EBITDA": -17239000.0,
        "EBIT": -18818000.0,
        "Net Interest Income": -340000.0,
        "Interest Expense": 4000.0,
        "Interest Income": -336000.0,
        "Normalized Income": -3696818.616513,
        "Net Income From Continuing And Discontinued Operation": -18045000.0,
        "Total Expenses": 9975000.0,
        "Diluted Average Shares": NaN,
        "Basic Average Shares": NaN,
        "Diluted EPS": NaN,
        "Basic EPS": NaN,
        "Diluted NI Availto Com Stockholders": -18045000.0,
        "Net Income Common Stockholders": -18045000.0,
        "Net Income": -18045000.0,
        "Net Income Including Noncontrolling Interests": -18045000.0,
        "Net Income Continuous Operations": -18045000.0,
        "Tax Provision": -777000.0,
        "Pretax Income": -18822000.0,
        "Other Income Expense": -14966000.0,
        "Special Income Charges": NaN,
        "Impairment Of Capital Assets": NaN,
        "Gain On Sale Of Security": 65000.0,
        "Net Non Operating Interest Income Expense": -340000.0,
        "Interest Expense Non Operating": 4000.0,
        "Interest Income Non Operating": -336000.0,
        "Operating Income": -3516000.0,
        "Operating Expense": 6624000.0,
        "Other Operating Expenses": -32000.0,
        "Depreciation Amortization Depletion Income Statement": 701000.0,
        "Depreciation And Amortization In Income Statement": 701000.0,
        "Amortization": 701000.0,
        "Amortization Of Intangibles Income Statement": 701000.0,
        "Research And Development": 927000.0,
        "Selling General And Administration": 5028000.0,
        "Selling And Marketing Expense": 909000.0,
        "General And Administrative Expense": 4119000.0,
        "Other Gand A": 4119000.0,
        "Gross Profit": 3108000.0,
        "Cost Of Revenue": 3351000.0,
        "Total Revenue": 6459000.0,
        "Operating Revenue": 6459000.0
    },
    "2024-07-31": {
        "Tax Effect Of Unusual Items": -23726.910995,
        "Tax Rate For Calcs": 0.162513,
        "Normalized EBITDA": -3232000.0,
        "Total Unusual Items": -146000.0,
        "Total Unusual Items Excluding Goodwill": -146000.0,
        "Net Income From Continuing Operation Net Minority Interest": -3999000.0,
        "Reconciled Depreciation": 1395000.0,
        "Reconciled Cost Of Revenue": 2118000.0,
        "EBITDA": -3378000.0,
        "EBIT": -4773000.0,
        "Net Interest Income": -2000.0,
        "Interest Expense": 2000.0,
        "Interest Income": NaN,
        "Normalized Income": -3876726.910995,
        "Net Income From Continuing And Discontinued Operation": -3999000.0,
        "Total Expenses": 9890000.0,
        "Diluted Average Shares": 27132355.0,
        "Basic Average Shares": 27132355.0,
        "Diluted EPS": -0.15,
        "Basic EPS": -0.15,
        "Diluted NI Availto Com Stockholders": -3999000.0,
        "Net Income Common Stockholders": -3999000.0,
        "Net Income": -3999000.0,
        "Net Income Including Noncontrolling Interests": -3999000.0,
        "Net Income Continuous Operations": -3999000.0,
        "Tax Provision": -776000.0,
        "Pretax Income": -4775000.0,
        "Other Income Expense": -146000.0,
        "Special Income Charges": NaN,
        "Impairment Of Capital Assets": NaN,
        "Gain On Sale Of Security": -146000.0,
        "Net Non Operating Interest Income Expense": -2000.0,
        "Interest Expense Non Operating": 2000.0,
        "Interest Income Non Operating": NaN,
        "Operating Income": -4627000.0,
        "Operating Expense": 6983000.0,
        "Other Operating Expenses": -146000.0,
        "Depreciation Amortization Depletion Income Statement": 606000.0,
        "Depreciation And Amortization In Income Statement": 606000.0,
        "Amortization": 606000.0,
        "Amortization Of Intangibles Income Statement": 606000.0,
        "Research And Development": 1642000.0,
        "Selling General And Administration": 4881000.0,
        "Selling And Marketing Expense": 718000.0,
        "General And Administrative Expense": 4163000.0,
        "Other Gand A": 4163000.0,
        "Gross Profit": 2356000.0,
        "Cost Of Revenue": 2907000.0,
        "Total Revenue": 5263000.0,
        "Operating Revenue": 5263000.0
    },
    "2024-10-31": {
        "Tax Effect Of Unusual Items": -19849.62406,
        "Tax Rate For Calcs": 0.165414,
        "Normalized EBITDA": -1404000.0,
        "Total Unusual Items": -120000.0,
        "Total Unusual Items Excluding Goodwill": -120000.0,
        "Net Income From Continuing Operation Net Minority Interest": -2553000.0,
        "Reconciled Depreciation": 1415000.0,
        "Reconciled Cost Of Revenue": 1886000.0,
        "EBITDA": -1524000.0,
        "EBIT": -2939000.0,
        "Net Interest Income": -120000.0,
        "Interest Expense": 120000.0,
        "Interest Income": NaN,
        "Normalized Income": -2452849.62406,
        "Net Income From Continuing And Discontinued Operation": -2553000.0,
        "Total Expenses": 8944000.0,
        "Diluted Average Shares": 28132055.0,
        "Basic Average Shares": 28132055.0,
        "Diluted EPS": -0.09,
        "Basic EPS": -0.09,
        "Diluted NI Availto Com Stockholders": -2553000.0,
        "Net Income Common Stockholders": -2553000.0,
        "Net Income": -2553000.0,
        "Net Income Including Noncontrolling Interests": -2553000.0,
        "Net Income Continuous Operations": -2553000.0,
        "Tax Provision": -506000.0,
        "Pretax Income": -3059000.0,
        "Other Income Expense": -120000.0,
        "Special Income Charges": NaN,
        "Impairment Of Capital Assets": NaN,
        "Gain On Sale Of Security": -120000.0,
        "Net Non Operating Interest Income Expense": -120000.0,
        "Interest Expense Non Operating": 120000.0,
        "Interest Income Non Operating": NaN,
        "Operating Income": -2819000.0,
        "Operating Expense": 6256000.0,
        "Other Operating Expenses": -22000.0,
        "Depreciation Amortization Depletion Income Statement": 613000.0,
        "Depreciation And Amortization In Income Statement": 613000.0,
        "Amortization": 613000.0,
        "Amortization Of Intangibles Income Statement": 613000.0,
        "Research And Development": 1155000.0,
        "Selling General And Administration": 4510000.0,
        "Selling And Marketing Expense": 1237000.0,
        "General And Administrative Expense": 3273000.0,
        "Other Gand A": 3273000.0,
        "Gross Profit": 3437000.0,
        "Cost Of Revenue": 2688000.0,
        "Total Revenue": 6125000.0,
        "Operating Revenue": 6125000.0
    },
    "2025-01-31": {
        "Tax Effect Of Unusual Items": -2588342.368046,
        "Tax Rate For Calcs": 0.122845,
        "Normalized EBITDA": -1897000.0,
        "Total Unusual Items": -21070000.0,
        "Total Unusual Items Excluding Goodwill": -21070000.0,
        "Net Income From Continuing Operation Net Minority Interest": -21521000.0,
        "Reconciled Depreciation": 1396000.0,
        "Reconciled Cost Of Revenue": 2083000.0,
        "EBITDA": -22967000.0,
        "EBIT": -24363000.0,
        "Net Interest Income": -172000.0,
        "Interest Expense": 172000.0,
        "Interest Income": NaN,
        "Normalized Income": -3039342.368046,
        "Net Income From Continuing And Discontinued Operation": -21521000.0,
        "Total Expenses": 9444000.0,
        "Diluted Average Shares": 32851233.0,
        "Basic Average Shares": 32851233.0,
        "Diluted EPS": -0.66,
        "Basic EPS": -0.66,
        "Diluted NI Availto Com Stockholders": -21521000.0,
        "Net Income Common Stockholders": -21521000.0,
        "Net Income": -21521000.0,
        "Net Income Including Noncontrolling Interests": -21521000.0,
        "Net Income Continuous Operations": -21521000.0,
        "Tax Provision": -3014000.0,
        "Pretax Income": -24535000.0,
        "Other Income Expense": -21070000.0,
        "Special Income Charges": -21184000.0,
        "Impairment Of Capital Assets": 21184000.0,
        "Gain On Sale Of Security": 114000.0,
        "Net Non Operating Interest Income Expense": -172000.0,
        "Interest Expense Non Operating": 172000.0,
        "Interest Income Non Operating": NaN,
        "Operating Income": -3293000.0,
        "Operating Expense": 6588000.0,
        "Other Operating Expenses": 4000.0,
        "Depreciation Amortization Depletion Income Statement": 623000.0,
        "Depreciation And Amortization In Income Statement": 623000.0,
        "Amortization": 623000.0,
        "Amortization Of Intangibles Income Statement": 623000.0,
        "Research And Development": 1057000.0,
        "Selling General And Administration": 4904000.0,
        "Selling And Marketing Expense": 1310000.0,
        "General And Administrative Expense": 3594000.0,
        "Other Gand A": 3594000.0,
        "Gross Profit": 3295000.0,
        "Cost Of Revenue": 2856000.0,
        "Total Revenue": 6151000.0,
        "Operating Revenue": 6151000.0
    }
}