{
    "2023-06-30": {
        "Tax Effect Of Unusual Items": -34242.64178,
        "Tax Rate For Calcs": 0.038047,
        "Normalized EBITDA": 401800000.0,
        "Total Unusual Items": -900000.0,
        "Total Unusual Items Excluding Goodwill": -900000.0,
        "Net Income From Continuing Operation Net Minority Interest": 265500000.0,
        "Reconciled Depreciation": 66500000.0,
        "Reconciled Cost Of Revenue": 2277100000.0,
        "EBITDA": 400900000.0,
        "EBIT": 334400000.0,
        "Net Interest Income": -27700000.0,
        "Interest Expense": 55800000.0,
        "Interest Income": 28100000.0,
        "Normalized Income": 266365757.35822,
        "Net Income From Continuing And Discontinued Operation": 265500000.0,
        "Total Expenses": 2357500000.0,
        "Total Operating Income As Reported": 310700000.0,
        "Diluted Average Shares": 387700000.0,
        "Basic Average Shares": 385700000.0,
        "Diluted EPS": 0.68,
        "Basic EPS": 0.69,
        "Diluted NI Availto Com Stockholders": 265500000.0,
        "Net Income Common Stockholders": 265500000.0,
        "Net Income": 265500000.0,
        "Minority Interests": -3200000.0,
        "Net Income Including Noncontrolling Interests": 268700000.0,
        "Net Income Continuous Operations": 268700000.0,
        "Earnings From Equity Interest Net Of Tax": 700000.0,
        "Tax Provision": 10600000.0,
        "Pretax Income": 278600000.0,
        "Other Income Expense": -2700000.0,
        "Other Non Operating Income Expenses": -1800000.0,
        "Special Income Charges": -900000.0,
        "Gain On Sale Of Business": -2600000.0,
        "Restructuring And Mergern Acquisition": -1700000.0,
        "Net Non Operating Interest Income Expense": -27700000.0,
        "Interest Expense Non Operating": 55800000.0,
        "Interest Income Non Operating": 28100000.0,
        "Operating Income": 309000000.0,
        "Operating Expense": 80400000.0,
        "Depreciation Amortization Depletion Income Statement": 66500000.0,
        "Depreciation And Amortization In Income Statement": 66500000.0,
        "Selling General And Administration": 13900000.0,
        "Gross Profit": 389400000.0,
        "Cost Of Revenue": 2277100000.0,
        "Total Revenue": 2666500000.0,
        "Operating Revenue": 2666500000.0
    },
    "2023-03-31": {
        "Tax Effect Of Unusual Items": -1180963.855422,
        "Tax Rate For Calcs": 0.203614,
        "Normalized EBITDA": 288000000.0,
        "Total Unusual Items": -5800000.0,
        "Total Unusual Items Excluding Goodwill": -5800000.0,
        "Net Income From Continuing Operation Net Minority Interest": 126000000.0,
        "Reconciled Depreciation": 66500000.0,
        "Reconciled Cost Of Revenue": 2251700000.0,
        "EBITDA": 282200000.0,
        "EBIT": 215700000.0,
        "Net Interest Income": -15600000.0,
        "Interest Expense": 49700000.0,
        "Interest Income": 34100000.0,
        "Normalized Income": 130619036.144578,
        "Net Income From Continuing And Discontinued Operation": 126000000.0,
        "Total Expenses": 2331100000.0,
        "Total Operating Income As Reported": 188300000.0,
        "Diluted Average Shares": 387400000.0,
        "Basic Average Shares": 385800000.0,
        "Diluted EPS": 0.33,
        "Basic EPS": 0.33,
        "Diluted NI Availto Com Stockholders": 126000000.0,
        "Net Income Common Stockholders": 126000000.0,
        "Net Income": 126000000.0,
        "Minority Interests": -6100000.0,
        "Net Income Including Noncontrolling Interests": 132100000.0,
        "Net Income Continuous Operations": 132100000.0,
        "Earnings From Equity Interest Net Of Tax": -100000.0,
        "Tax Provision": 33800000.0,
        "Pretax Income": 166000000.0,
        "Other Income Expense": -8300000.0,
        "Other Non Operating Income Expenses": -2500000.0,
        "Special Income Charges": -5800000.0,
        "Gain On Sale Of Business": -4200000.0,
        "Restructuring And Mergern Acquisition": 1600000.0,
        "Net Non Operating Interest Income Expense": -15600000.0,
        "Interest Expense Non Operating": 49700000.0,
        "Interest Income Non Operating": 34100000.0,
        "Operating Income": 189900000.0,
        "Operating Expense": 79400000.0,
        "Depreciation Amortization Depletion Income Statement": 66500000.0,
        "Depreciation And Amortization In Income Statement": 66500000.0,
        "Selling General And Administration": 12900000.0,
        "Gross Profit": 269300000.0,
        "Cost Of Revenue": 2251700000.0,
        "Total Revenue": 2521000000.0,
        "Operating Revenue": 2521000000.0
    },
    "2022-12-31": {
        "Tax Effect Of Unusual Items": -28834302.325581,
        "Tax Rate For Calcs": 0.264535,
        "Normalized EBITDA": 643300000.0,
        "Total Unusual Items": -109000000.0,
        "Total Unusual Items Excluding Goodwill": -109000000.0,
        "Net Income From Continuing Operation Net Minority Interest": 297200000.0,
        "Reconciled Depreciation": 72100000.0,
        "Reconciled Cost Of Revenue": 2337600000.0,
        "EBITDA": 534300000.0,
        "EBIT": 462200000.0,
        "Net Interest Income": -24000000.0,
        "Interest Expense": 49400000.0,
        "Interest Income": 25400000.0,
        "Normalized Income": 377365697.674419,
        "Net Income From Continuing And Discontinued Operation": 297200000.0,
        "Total Expenses": 2439600000.0,
        "Total Operating Income As Reported": 444600000.0,
        "Diluted Average Shares": 392100000.0,
        "Basic Average Shares": 387900000.0,
        "Diluted EPS": 0.76,
        "Basic EPS": 0.77,
        "Diluted NI Availto Com Stockholders": 297200000.0,
        "Net Income Common Stockholders": 297200000.0,
        "Net Income": 297200000.0,
        "Minority Interests": -8700000.0,
        "Net Income Including Noncontrolling Interests": 305900000.0,
        "Net Income Continuous Operations": 305900000.0,
        "Earnings From Equity Interest Net Of Tax": 2300000.0,
        "Tax Provision": 109200000.0,
        "Pretax Income": 412800000.0,
        "Other Income Expense": -109500000.0,
        "Other Non Operating Income Expenses": -500000.0,
        "Special Income Charges": -109000000.0,
        "Gain On Sale Of Business": -7300000.0,
        "Restructuring And Mergern Acquisition": 101700000.0,
        "Net Non Operating Interest Income Expense": -24000000.0,
        "Interest Expense Non Operating": 49400000.0,
        "Interest Income Non Operating": 25400000.0,
        "Operating Income": 546300000.0,
        "Operating Expense": 102000000.0,
        "Depreciation Amortization Depletion Income Statement": 72100000.0,
        "Depreciation And Amortization In Income Statement": 72100000.0,
        "Selling General And Administration": 29900000.0,
        "Gross Profit": 648300000.0,
        "Cost Of Revenue": 2337600000.0,
        "Total Revenue": 2985900000.0,
        "Operating Revenue": 2985900000.0
    },
    "2022-09-30": {
        "Tax Effect Of Unusual Items": 1337115.268558,
        "Tax Rate For Calcs": 0.230537,
        "Normalized EBITDA": 451000000.0,
        "Total Unusual Items": 5800000.0,
        "Total Unusual Items Excluding Goodwill": 5800000.0,
        "Net Income From Continuing Operation Net Minority Interest": 251800000.0,
        "Reconciled Depreciation": 80500000.0,
        "Reconciled Cost Of Revenue": 2202700000.0,
        "EBITDA": 456800000.0,
        "EBIT": 376300000.0,
        "Net Interest Income": -27900000.0,
        "Interest Expense": 44900000.0,
        "Interest Income": 17000000.0,
        "Normalized Income": 247337115.268558,
        "Net Income From Continuing And Discontinued Operation": 251800000.0,
        "Total Expenses": 2301700000.0,
        "Total Operating Income As Reported": 341800000.0,
        "Diluted Average Shares": 394100000.0,
        "Basic Average Shares": 390600000.0,
        "Diluted EPS": 0.64,
        "Basic EPS": 0.64,
        "Diluted NI Availto Com Stockholders": 251800000.0,
        "Net Income Common Stockholders": 251800000.0,
        "Net Income": 251800000.0,
        "Minority Interests": -5700000.0,
        "Net Income Including Noncontrolling Interests": 257500000.0,
        "Net Income Continuous Operations": 257500000.0,
        "Earnings From Equity Interest Net Of Tax": 2500000.0,
        "Tax Provision": 76400000.0,
        "Pretax Income": 331400000.0,
        "Other Income Expense": 23300000.0,
        "Other Non Operating Income Expenses": 17500000.0,
        "Special Income Charges": 5800000.0,
        "Gain On Sale Of Business": 3100000.0,
        "Restructuring And Mergern Acquisition": -5800000.0,
        "Net Non Operating Interest Income Expense": -27900000.0,
        "Interest Expense Non Operating": 44900000.0,
        "Interest Income Non Operating": 17000000.0,
        "Operating Income": 336000000.0,
        "Operating Expense": 85500000.0,
        "Depreciation Amortization Depletion Income Statement": 67000000.0,
        "Depreciation And Amortization In Income Statement": 67000000.0,
        "Selling General And Administration": 18500000.0,
        "Gross Profit": 421500000.0,
        "Cost Of Revenue": 2216200000.0,
        "Total Revenue": 2637700000.0,
        "Operating Revenue": 2637700000.0
    },
    "2022-06-30": {
        "Tax Effect Of Unusual Items": 26600.0,
        "Tax Rate For Calcs": 0.266,
        "Normalized EBITDA": 422800000.0,
        "Total Unusual Items": 100000.0,
        "Total Unusual Items Excluding Goodwill": 100000.0,
        "Net Income From Continuing Operation Net Minority Interest": 229600000.0,
        "Reconciled Depreciation": 67100000.0,
        "Reconciled Cost Of Revenue": 2300200000.0,
        "EBITDA": 422900000.0,
        "EBIT": 355800000.0,
        "Net Interest Income": -29800000.0,
        "Interest Expense": 41000000.0,
        "Interest Income": 11200000.0,
        "Normalized Income": 229526600.0,
        "Net Income From Continuing And Discontinued Operation": 229600000.0,
        "Total Expenses": 2386700000.0,
        "Total Operating Income As Reported": 349100000.0,
        "Diluted Average Shares": 396800000.0,
        "Basic Average Shares": 393100000.0,
        "Diluted EPS": 0.58,
        "Basic EPS": 0.58,
        "Diluted NI Availto Com Stockholders": 229600000.0,
        "Net Income Common Stockholders": 229600000.0,
        "Net Income": 229600000.0,
        "Minority Interests": -2200000.0,
        "Net Income Including Noncontrolling Interests": 231800000.0,
        "Net Income Continuous Operations": 231800000.0,
        "Earnings From Equity Interest Net Of Tax": 700000.0,
        "Tax Provision": 83700000.0,
        "Pretax Income": 314800000.0,
        "Other Income Expense": -4400000.0,
        "Other Non Operating Income Expenses": -4500000.0,
        "Special Income Charges": 100000.0,
        "Gain On Sale Of Business": -700000.0,
        "Restructuring And Mergern Acquisition": -100000.0,
        "Net Non Operating Interest Income Expense": -29800000.0,
        "Interest Expense Non Operating": 41000000.0,
        "Interest Income Non Operating": 11200000.0,
        "Operating Income": 349000000.0,
        "Operating Expense": 86500000.0,
        "Depreciation Amortization Depletion Income Statement": 67100000.0,
        "Depreciation And Amortization In Income Statement": 67100000.0,
        "Selling General And Administration": 19400000.0,
        "Gross Profit": 435500000.0,
        "Cost Of Revenue": 2300200000.0,
        "Total Revenue": 2735700000.0,
        "Operating Revenue": 2735700000.0
    },
    "2022-03-31": {
        "Diluted EPS": 0.4,
        "Total Revenue": NaN,
        "Gross Profit": 339,
        "Operating Income": 246,
        "EBIT": 327,
        "Net Income": 159
    },
    "2021-12-31": {
        "Diluted EPS": 0.9,
        "Total Revenue": NaN,
        "Gross Profit": 578,
        "Operating Income": 457,
        "EBIT": 546,
        "Net Income": 358
    },
    "2021-09-30": {
        "Diluted EPS": 0.6,
        "Total Revenue": NaN,
        "Gross Profit": 450,
        "Operating Income": 352,
        "EBIT": 438,
        "Net Income": 240
    },
    "2021-06-30": {
        "Diluted EPS": 0.66,
        "Total Revenue": NaN,
        "Gross Profit": 484,
        "Operating Income": 384,
        "EBIT": 478,
        "Net Income": 263
    },
    "2021-03-31": {
        "Diluted EPS": 0.23,
        "Total Revenue": NaN,
        "Gross Profit": 342,
        "Operating Income": 243,
        "EBIT": 335,
        "Net Income": 92
    },
    "2020-12-31": {
        "Diluted EPS": 0.29,
        "Total Revenue": NaN,
        "Gross Profit": 573,
        "Operating Income": 223,
        "EBIT": 311,
        "Net Income": 112
    },
    "2020-09-30": {
        "Diluted EPS": 0.71,
        "Total Revenue": NaN,
        "Gross Profit": 377,
        "Operating Income": 249,
        "EBIT": 344,
        "Net Income": 280
    },
    "2020-06-30": {
        "Diluted EPS": -0.12,
        "Total Revenue": NaN,
        "Gross Profit": 230,
        "Operating Income": 41,
        "EBIT": 129,
        "Net Income": -46
    },
    "2020-03-31": {
        "Diluted EPS": 0.01,
        "Total Revenue": NaN,
        "Gross Profit": 171,
        "Operating Income": 76,
        "EBIT": 174,
        "Net Income": 5
    },
    "2019-12-31": {
        "Diluted EPS": 0.85,
        "Total Revenue": NaN,
        "Gross Profit": 581,
        "Operating Income": 491,
        "EBIT": 581,
        "Net Income": 329
    },
    "2019-09-30": {
        "Diluted EPS": 0.42,
        "Total Revenue": NaN,
        "Gross Profit": 359,
        "Operating Income": 280,
        "EBIT": 366,
        "Net Income": 166
    },
    "2019-06-30": {
        "Diluted EPS": 0.43,
        "Total Revenue": NaN,
        "Gross Profit": 357,
        "Operating Income": 264,
        "EBIT": 355,
        "Net Income": 170
    },
    "2019-03-31": {
        "Diluted EPS": -0.02,
        "Total Revenue": NaN,
        "Gross Profit": 195,
        "Operating Income": 50,
        "EBIT": 152,
        "Net Income": -8
    },
    "2018-12-31": {
        "Diluted EPS": 0.85,
        "Total Revenue": NaN,
        "Gross Profit": 609,
        "Operating Income": 459,
        "EBIT": 553,
        "Net Income": 326
    },
    "2018-09-30": {
        "Diluted EPS": 0.41,
        "Total Revenue": NaN,
        "Gross Profit": 327,
        "Operating Income": 262,
        "EBIT": 321,
        "Net Income": 161
    },
    "2018-06-30": {
        "Diluted EPS": 0.37,
        "Total Revenue": NaN,
        "Gross Profit": 322,
        "Operating Income": 249,
        "EBIT": 311,
        "Net Income": 146
    },
    "2018-03-31": {
        "Diluted EPS": -0.04,
        "Total Revenue": NaN,
        "Gross Profit": 120,
        "Operating Income": 39,
        "EBIT": 116,
        "Net Income": -14
    },
    "2017-12-31": {
        "Diluted EPS": 0.64,
        "Total Revenue": NaN,
        "Gross Profit": 505,
        "Operating Income": 423,
        "EBIT": 479,
        "Net Income": 252
    },
    "2017-09-30": {
        "Diluted EPS": 0.43,
        "Total Revenue": NaN,
        "Gross Profit": 311,
        "Operating Income": 255,
        "EBIT": 312,
        "Net Income": 170
    },
    "2017-06-30": {
        "Diluted EPS": 0.27,
        "Total Revenue": NaN,
        "Gross Profit": 287,
        "Operating Income": 226,
        "EBIT": 285,
        "Net Income": 108
    },
    "2017-03-31": {
        "Diluted EPS": 0.06,
        "Total Revenue": NaN,
        "Gross Profit": 111,
        "Operating Income": 35,
        "EBIT": 107,
        "Net Income": 25
    },
    "2016-12-31": {
        "Diluted EPS": 0.77,
        "Total Revenue": NaN,
        "Gross Profit": 780,
        "Operating Income": 481,
        "EBIT": 552,
        "Net Income": 314
    },
    "2016-09-30": {
        "Diluted EPS": 0.32,
        "Total Revenue": NaN,
        "Gross Profit": 208,
        "Operating Income": 208,
        "EBIT": 268,
        "Net Income": 129
    },
    "2016-06-30": {
        "Diluted EPS": 0.38,
        "Total Revenue": NaN,
        "Gross Profit": 224,
        "Operating Income": 224,
        "EBIT": 282,
        "Net Income": 157
    },
    "2016-03-31": {
        "Diluted EPS": 0.01,
        "Total Revenue": NaN,
        "Gross Profit": 23,
        "Operating Income": 23,
        "EBIT": 86,
        "Net Income": 5
    },
    "2015-12-31": {
        "Diluted EPS": 0.62,
        "Total Revenue": NaN,
        "Gross Profit": 459,
        "Operating Income": 459,
        "EBIT": 522,
        "Net Income": 260
    },
    "2015-09-30": {
        "Diluted EPS": 0.18,
        "Total Revenue": NaN,
        "Gross Profit": 192,
        "Operating Income": 192,
        "EBIT": 248,
        "Net Income": 75
    },
    "2015-06-30": {
        "Diluted EPS": 0.29,
        "Total Revenue": NaN,
        "Gross Profit": 216,
        "Operating Income": 216,
        "EBIT": 273,
        "Net Income": 121
    },
    "2015-03-31": {
        "Diluted EPS": 0.0,
        "Total Revenue": NaN,
        "Gross Profit": 8,
        "Operating Income": 8,
        "EBIT": 65,
        "Net Income": -2
    },
    "2014-12-31": {
        "Diluted EPS": 0.73,
        "Total Revenue": NaN,
        "Gross Profit": 433,
        "Operating Income": 433,
        "EBIT": 492,
        "Net Income": 309
    },
    "2014-09-30": {
        "Diluted EPS": 0.21,
        "Total Revenue": NaN,
        "Gross Profit": 171,
        "Operating Income": 171,
        "EBIT": 225,
        "Net Income": 90
    },
    "2014-06-30": {
        "Diluted EPS": 0.23,
        "Total Revenue": NaN,
        "Gross Profit": 196,
        "Operating Income": 196,
        "EBIT": 248,
        "Net Income": 99
    },
    "2014-03-31": {
        "Diluted EPS": -0.05,
        "Total Revenue": NaN,
        "Gross Profit": -12,
        "Operating Income": -12,
        "EBIT": 45,
        "Net Income": -21
    },
    "2013-12-31": {
        "Diluted EPS": 0.46,
        "Total Revenue": NaN,
        "Gross Profit": 385,
        "Operating Income": 324,
        "EBIT": 377,
        "Net Income": 193
    },
    "2013-09-30": {
        "Diluted EPS": 0.11,
        "Total Revenue": NaN,
        "Gross Profit": 142,
        "Operating Income": 142,
        "EBIT": 191,
        "Net Income": 45
    },
    "2013-06-30": {
        "Diluted EPS": 0.18,
        "Total Revenue": NaN,
        "Gross Profit": 175,
        "Operating Income": 175,
        "EBIT": 226,
        "Net Income": 80
    },
    "2013-03-31": {
        "Diluted EPS": -0.14,
        "Total Revenue": NaN,
        "Gross Profit": -42,
        "Operating Income": -42,
        "EBIT": 13,
        "Net Income": -59
    },
    "2012-12-31": {
        "Diluted EPS": 0.67,
        "Total Revenue": NaN,
        "Gross Profit": 409,
        "Operating Income": 410,
        "EBIT": 457,
        "Net Income": 313
    },
    "2012-09-30": {
        "Diluted EPS": 0.15,
        "Total Revenue": NaN,
        "Gross Profit": 131,
        "Operating Income": 131,
        "EBIT": 178,
        "Net Income": 69
    },
    "2012-06-30": {
        "Diluted EPS": 0.22,
        "Total Revenue": NaN,
        "Gross Profit": 176,
        "Operating Income": 176,
        "EBIT": 227,
        "Net Income": 99
    },
    "2012-03-31": {
        "Diluted EPS": -0.1,
        "Total Revenue": NaN,
        "Gross Profit": -39,
        "Operating Income": -39,
        "EBIT": 10,
        "Net Income": -46
    },
    "2011-12-31": {
        "Diluted EPS": 0.5,
        "Total Revenue": NaN,
        "Gross Profit": 386,
        "Operating Income": 385,
        "EBIT": 434,
        "Net Income": 259
    },
    "2011-09-30": {
        "Diluted EPS": 0.4,
        "Total Revenue": NaN,
        "Gross Profit": 173,
        "Operating Income": 173,
        "EBIT": 220,
        "Net Income": 208
    },
    "2011-06-30": {
        "Diluted EPS": 0.19,
        "Total Revenue": NaN,
        "Gross Profit": 174,
        "Operating Income": 174,
        "EBIT": 223,
        "Net Income": 102
    },
    "2011-03-31": {
        "Diluted EPS": -0.1,
        "Total Revenue": NaN,
        "Gross Profit": -45,
        "Operating Income": -45,
        "EBIT": 4,
        "Net Income": -48
    },
    "2010-12-31": {
        "Diluted EPS": 0.39,
        "Total Revenue": NaN,
        "Gross Profit": 328,
        "Operating Income": 331,
        "EBIT": 378,
        "Net Income": 195
    },
    "2010-09-30": {
        "Diluted EPS": 0.08,
        "Total Revenue": NaN,
        "Gross Profit": 102,
        "Operating Income": 100,
        "EBIT": 148,
        "Net Income": 42
    },
    "2010-06-30": {
        "Diluted EPS": 0.15,
        "Total Revenue": NaN,
        "Gross Profit": 178,
        "Operating Income": 177,
        "EBIT": 226,
        "Net Income": 105
    },
    "2010-03-31": {
        "Diluted EPS": -0.15,
        "Total Revenue": NaN,
        "Gross Profit": -59,
        "Operating Income": -59,
        "EBIT": -9,
        "Net Income": -72
    },
    "2009-12-31": {
        "Diluted EPS": 0.28,
        "Total Revenue": NaN,
        "Gross Profit": 273,
        "Operating Income": 268,
        "EBIT": 322,
        "Net Income": 129
    },
    "2009-09-30": {
        "Diluted EPS": 0.03,
        "Total Revenue": NaN,
        "Gross Profit": 58,
        "Operating Income": 58,
        "EBIT": 112,
        "Net Income": 17
    },
    "2009-06-30": {
        "Diluted EPS": 0.04,
        "Total Revenue": NaN,
        "Gross Profit": 97,
        "Operating Income": 97,
        "EBIT": 161,
        "Net Income": 21
    },
    "2009-03-31": {
        "Diluted EPS": -0.16,
        "Total Revenue": NaN,
        "Gross Profit": -82,
        "Operating Income": -82,
        "EBIT": -23,
        "Net Income": -74
    },
    "2023-09-30": {
        "Tax Effect Of Unusual Items": NaN,
        "Tax Rate For Calcs": NaN,
        "Normalized EBITDA": NaN,
        "Total Unusual Items": NaN,
        "Total Unusual Items Excluding Goodwill": NaN,
        "Net Income From Continuing Operation Net Minority Interest": NaN,
        "Reconciled Depreciation": NaN,
        "Reconciled Cost Of Revenue": NaN,
        "EBITDA": NaN,
        "EBIT": NaN,
        "Net Interest Income": NaN,
        "Interest Expense": NaN,
        "Interest Income": NaN,
        "Normalized Income": NaN,
        "Net Income From Continuing And Discontinued Operation": NaN,
        "Total Expenses": NaN,
        "Total Operating Income As Reported": NaN,
        "Diluted Average Shares": NaN,
        "Basic Average Shares": NaN,
        "Diluted EPS": NaN,
        "Basic EPS": NaN,
        "Diluted NI Availto Com Stockholders": NaN,
        "Net Income Common Stockholders": NaN,
        "Net Income": NaN,
        "Minority Interests": NaN,
        "Net Income Including Noncontrolling Interests": NaN,
        "Net Income Continuous Operations": NaN,
        "Earnings From Equity Interest Net Of Tax": NaN,
        "Tax Provision": NaN,
        "Pretax Income": NaN,
        "Other Income Expense": NaN,
        "Other Non Operating Income Expenses": NaN,
        "Special Income Charges": NaN,
        "Gain On Sale Of Business": NaN,
        "Impairment Of Capital Assets": 0.0,
        "Restructuring And Mergern Acquisition": NaN,
        "Net Non Operating Interest Income Expense": NaN,
        "Interest Expense Non Operating": NaN,
        "Interest Income Non Operating": NaN,
        "Operating Income": NaN,
        "Operating Expense": NaN,
        "Depreciation Amortization Depletion Income Statement": NaN,
        "Depreciation And Amortization In Income Statement": NaN,
        "Selling General And Administration": NaN,
        "Gross Profit": NaN,
        "Cost Of Revenue": NaN,
        "Total Revenue": NaN,
        "Operating Revenue": NaN
    },
    "2023-12-31": {
        "Tax Effect Of Unusual Items": 8961051.450553,
        "Tax Rate For Calcs": 0.248918,
        "Normalized EBITDA": 714600000.0,
        "Total Unusual Items": 36000000.0,
        "Total Unusual Items Excluding Goodwill": 36000000.0,
        "Net Income From Continuing Operation Net Minority Interest": 463200000.0,
        "Reconciled Depreciation": 65300000.0,
        "Reconciled Cost Of Revenue": 2326900000.0,
        "EBITDA": 750600000.0,
        "EBIT": 685300000.0,
        "Net Interest Income": -17900000.0,
        "Interest Expense": 61400000.0,
        "Interest Income": 43500000.0,
        "Normalized Income": 436161051.450553,
        "Net Income From Continuing And Discontinued Operation": 463200000.0,
        "Total Expenses": 2415700000.0,
        "Total Operating Income As Reported": 606800000.0,
        "Diluted Average Shares": 383400000.0,
        "Basic Average Shares": 381400000.0,
        "Diluted EPS": 1.21,
        "Basic EPS": 1.21,
        "Diluted NI Availto Com Stockholders": 463200000.0,
        "Net Income Common Stockholders": 463200000.0,
        "Net Income": 463200000.0,
        "Minority Interests": -8400000.0,
        "Net Income Including Noncontrolling Interests": 471600000.0,
        "Net Income Continuous Operations": 471600000.0,
        "Earnings From Equity Interest Net Of Tax": 3000000.0,
        "Tax Provision": 155300000.0,
        "Pretax Income": 623900000.0,
        "Other Income Expense": 34200000.0,
        "Other Non Operating Income Expenses": -1800000.0,
        "Special Income Charges": 36000000.0,
        "Gain On Sale Of Business": 36800000.0,
        "Impairment Of Capital Assets": NaN,
        "Restructuring And Mergern Acquisition": 800000.0,
        "Net Non Operating Interest Income Expense": -17900000.0,
        "Interest Expense Non Operating": 61400000.0,
        "Interest Income Non Operating": 43500000.0,
        "Operating Income": 607600000.0,
        "Operating Expense": 88800000.0,
        "Depreciation Amortization Depletion Income Statement": 65300000.0,
        "Depreciation And Amortization In Income Statement": 65300000.0,
        "Selling General And Administration": 23500000.0,
        "Gross Profit": 696400000.0,
        "Cost Of Revenue": 2326900000.0,
        "Total Revenue": 3023300000.0,
        "Operating Revenue": 3023300000.0
    },
    "2024-03-31": {
        "Tax Effect Of Unusual Items": -2179452.054795,
        "Tax Rate For Calcs": 0.294521,
        "Normalized EBITDA": 296000000.0,
        "Total Unusual Items": -7400000.0,
        "Total Unusual Items Excluding Goodwill": -7400000.0,
        "Net Income From Continuing Operation Net Minority Interest": 110400000.0,
        "Reconciled Depreciation": 65200000.0,
        "Reconciled Cost Of Revenue": 2207900000.0,
        "EBITDA": 288600000.0,
        "EBIT": 223400000.0,
        "Net Interest Income": -14100000.0,
        "Interest Expense": 62800000.0,
        "Interest Income": 48700000.0,
        "Normalized Income": 115620547.945205,
        "Net Income From Continuing And Discontinued Operation": 110400000.0,
        "Total Expenses": 2311100000.0,
        "Total Operating Income As Reported": 184200000.0,
        "Diluted Average Shares": 380600000.0,
        "Basic Average Shares": 378400000.0,
        "Diluted EPS": 0.29,
        "Basic EPS": 0.29,
        "Diluted NI Availto Com Stockholders": 110400000.0,
        "Net Income Common Stockholders": 110400000.0,
        "Net Income": 110400000.0,
        "Minority Interests": -3200000.0,
        "Net Income Including Noncontrolling Interests": 113600000.0,
        "Net Income Continuous Operations": 113600000.0,
        "Earnings From Equity Interest Net Of Tax": 300000.0,
        "Tax Provision": 47300000.0,
        "Pretax Income": 160600000.0,
        "Other Income Expense": -10100000.0,
        "Other Non Operating Income Expenses": -2700000.0,
        "Special Income Charges": -7400000.0,
        "Gain On Sale Of Business": -6800000.0,
        "Impairment Of Capital Assets": NaN,
        "Restructuring And Mergern Acquisition": 600000.0,
        "Net Non Operating Interest Income Expense": -14100000.0,
        "Interest Expense Non Operating": 62800000.0,
        "Interest Income Non Operating": 48700000.0,
        "Operating Income": 184800000.0,
        "Operating Expense": 103200000.0,
        "Depreciation Amortization Depletion Income Statement": 65200000.0,
        "Depreciation And Amortization In Income Statement": 65200000.0,
        "Selling General And Administration": 38000000.0,
        "Gross Profit": 288000000.0,
        "Cost Of Revenue": 2207900000.0,
        "Total Revenue": 2495900000.0,
        "Operating Revenue": 2495900000.0
    },
    "2024-06-30": {
        "Tax Effect Of Unusual Items": 460196.144741,
        "Tax Rate For Calcs": 0.255665,
        "Normalized EBITDA": 416800000.0,
        "Total Unusual Items": 1800000.0,
        "Total Unusual Items Excluding Goodwill": 1800000.0,
        "Net Income From Continuing Operation Net Minority Interest": 214500000.0,
        "Reconciled Depreciation": 65000000.0,
        "Reconciled Cost Of Revenue": 2298900000.0,
        "EBITDA": 418600000.0,
        "EBIT": 353600000.0,
        "Net Interest Income": -21300000.0,
        "Interest Expense": 57900000.0,
        "Interest Income": 36600000.0,
        "Normalized Income": 213160196.144741,
        "Net Income From Continuing And Discontinued Operation": 214500000.0,
        "Total Expenses": 2391500000.0,
        "Total Operating Income As Reported": 318200000.0,
        "Diluted Average Shares": 378700000.0,
        "Basic Average Shares": 376300000.0,
        "Diluted EPS": 0.57,
        "Basic EPS": 0.57,
        "Diluted NI Availto Com Stockholders": 214500000.0,
        "Net Income Common Stockholders": 214500000.0,
        "Net Income": 214500000.0,
        "Minority Interests": -5100000.0,
        "Net Income Including Noncontrolling Interests": 219600000.0,
        "Net Income Continuous Operations": 219600000.0,
        "Earnings From Equity Interest Net Of Tax": -500000.0,
        "Tax Provision": 75600000.0,
        "Pretax Income": 295700000.0,
        "Other Income Expense": -1500000.0,
        "Other Non Operating Income Expenses": -3300000.0,
        "Special Income Charges": 1800000.0,
        "Gain On Sale Of Business": 2100000.0,
        "Impairment Of Capital Assets": NaN,
        "Restructuring And Mergern Acquisition": 300000.0,
        "Net Non Operating Interest Income Expense": -21300000.0,
        "Interest Expense Non Operating": 57900000.0,
        "Interest Income Non Operating": 36600000.0,
        "Operating Income": 318500000.0,
        "Operating Expense": 92600000.0,
        "Depreciation Amortization Depletion Income Statement": 65000000.0,
        "Depreciation And Amortization In Income Statement": 65000000.0,
        "Selling General And Administration": 27600000.0,
        "Gross Profit": 411100000.0,
        "Cost Of Revenue": 2298900000.0,
        "Total Revenue": 2710000000.0,
        "Operating Revenue": 2710000000.0
    },
    "2024-09-30": {
        "Tax Effect Of Unusual Items": -49203000.0,
        "Tax Rate For Calcs": 0.21,
        "Normalized EBITDA": 464000000.0,
        "Total Unusual Items": -234300000.0,
        "Total Unusual Items Excluding Goodwill": -234300000.0,
        "Net Income From Continuing Operation Net Minority Interest": 20100000.0,
        "Reconciled Depreciation": 65300000.0,
        "Reconciled Cost Of Revenue": 2177200000.0,
        "EBITDA": 229700000.0,
        "EBIT": 164400000.0,
        "Net Interest Income": -20700000.0,
        "Interest Expense": 54900000.0,
        "Interest Income": 34200000.0,
        "Normalized Income": 205197000.0,
        "Net Income From Continuing And Discontinued Operation": 20100000.0,
        "Total Expenses": 2263300000.0,
        "Total Operating Income As Reported": 132900000.0,
        "Diluted Average Shares": 376800000.0,
        "Basic Average Shares": 373900000.0,
        "Diluted EPS": 0.05,
        "Basic EPS": 0.05,
        "Diluted NI Availto Com Stockholders": 20100000.0,
        "Net Income Common Stockholders": 20100000.0,
        "Net Income": 20100000.0,
        "Minority Interests": -4100000.0,
        "Net Income Including Noncontrolling Interests": 24200000.0,
        "Net Income Continuous Operations": 24200000.0,
        "Earnings From Equity Interest Net Of Tax": 0.0,
        "Tax Provision": 85300000.0,
        "Pretax Income": 109500000.0,
        "Other Income Expense": -235300000.0,
        "Other Non Operating Income Expenses": -1000000.0,
        "Special Income Charges": -234300000.0,
        "Gain On Sale Of Business": -1700000.0,
        "Impairment Of Capital Assets": 232100000.0,
        "Restructuring And Mergern Acquisition": 500000.0,
        "Net Non Operating Interest Income Expense": -20700000.0,
        "Interest Expense Non Operating": 54900000.0,
        "Interest Income Non Operating": 34200000.0,
        "Operating Income": 365500000.0,
        "Operating Expense": 86100000.0,
        "Depreciation Amortization Depletion Income Statement": 65300000.0,
        "Depreciation And Amortization In Income Statement": 65300000.0,
        "Selling General And Administration": 20800000.0,
        "Gross Profit": 451600000.0,
        "Cost Of Revenue": 2177200000.0,
        "Total Revenue": 2628800000.0,
        "Operating Revenue": 2628800000.0
    },
    "2024-12-31": {
        "Tax Effect Of Unusual Items": -13368466.790813,
        "Tax Rate For Calcs": 0.260087,
        "Normalized EBITDA": 652400000.0,
        "Total Unusual Items": -51400000.0,
        "Total Unusual Items Excluding Goodwill": -51400000.0,
        "Net Income From Continuing Operation Net Minority Interest": 344500000.0,
        "Reconciled Depreciation": 63400000.0,
        "Reconciled Cost Of Revenue": 2188000000.0,
        "EBITDA": 601000000.0,
        "EBIT": 537600000.0,
        "Net Interest Income": -22100000.0,
        "Interest Expense": 54300000.0,
        "Interest Income": 32200000.0,
        "Normalized Income": 382531533.209187,
        "Net Income From Continuing And Discontinued Operation": 344500000.0,
        "Total Expenses": 2295500000.0,
        "Total Operating Income As Reported": 567900000.0,
        "Diluted Average Shares": 375400000.0,
        "Basic Average Shares": 372300000.0,
        "Diluted EPS": 0.92,
        "Basic EPS": 0.93,
        "Diluted NI Availto Com Stockholders": 344500000.0,
        "Net Income Common Stockholders": 344500000.0,
        "Net Income": 344500000.0,
        "Minority Interests": -13800000.0,
        "Net Income Including Noncontrolling Interests": 358300000.0,
        "Net Income Continuous Operations": 358300000.0,
        "Earnings From Equity Interest Net Of Tax": 700000.0,
        "Tax Provision": 125700000.0,
        "Pretax Income": 483300000.0,
        "Other Income Expense": -56100000.0,
        "Other Non Operating Income Expenses": -4700000.0,
        "Special Income Charges": -51400000.0,
        "Gain On Sale Of Business": -57800000.0,
        "Impairment Of Capital Assets": 0.0,
        "Restructuring And Mergern Acquisition": -6400000.0,
        "Net Non Operating Interest Income Expense": -22100000.0,
        "Interest Expense Non Operating": 54300000.0,
        "Interest Income Non Operating": 32200000.0,
        "Operating Income": 561500000.0,
        "Operating Expense": 107500000.0,
        "Depreciation Amortization Depletion Income Statement": 63400000.0,
        "Depreciation And Amortization In Income Statement": 63400000.0,
        "Selling General And Administration": 44100000.0,
        "Gross Profit": 669000000.0,
        "Cost Of Revenue": 2188000000.0,
        "Total Revenue": 2857000000.0,
        "Operating Revenue": 2857000000.0
    },
    "2025-03-31": {
        "Tax Effect Of Unusual Items": -23360593.220339,
        "Tax Rate For Calcs": 0.097458,
        "Normalized EBITDA": 256400000.0,
        "Total Unusual Items": -239700000.0,
        "Total Unusual Items Excluding Goodwill": -239700000.0,
        "Net Income From Continuing Operation Net Minority Interest": -85400000.0,
        "Reconciled Depreciation": 61000000.0,
        "Reconciled Cost Of Revenue": 2059900000.0,
        "EBITDA": 16700000.0,
        "EBIT": -44300000.0,
        "Net Interest Income": -15500000.0,
        "Interest Expense": 50100000.0,
        "Interest Income": 34600000.0,
        "Normalized Income": 130939406.779661,
        "Net Income From Continuing And Discontinued Operation": -85400000.0,
        "Total Expenses": 2161300000.0,
        "Total Operating Income As Reported": -42000000.0,
        "Diluted Average Shares": 375000000.0,
        "Basic Average Shares": 372500000.0,
        "Diluted EPS": -0.23,
        "Basic EPS": -0.23,
        "Diluted NI Availto Com Stockholders": -85400000.0,
        "Net Income Common Stockholders": -85400000.0,
        "Net Income": -85400000.0,
        "Minority Interests": -100000.0,
        "Net Income Including Noncontrolling Interests": -85300000.0,
        "Net Income Continuous Operations": -85300000.0,
        "Earnings From Equity Interest Net Of Tax": -100000.0,
        "Tax Provision": -9200000.0,
        "Pretax Income": -94400000.0,
        "Other Income Expense": -240200000.0,
        "Other Non Operating Income Expenses": -500000.0,
        "Special Income Charges": -239700000.0,
        "Gain On Sale Of Business": -36400000.0,
        "Impairment Of Capital Assets": NaN,
        "Restructuring And Mergern Acquisition": 203300000.0,
        "Net Non Operating Interest Income Expense": -15500000.0,
        "Interest Expense Non Operating": 50100000.0,
        "Interest Income Non Operating": 34600000.0,
        "Operating Income": 161300000.0,
        "Operating Expense": 101400000.0,
        "Depreciation Amortization Depletion Income Statement": 61000000.0,
        "Depreciation And Amortization In Income Statement": 61000000.0,
        "Selling General And Administration": 40400000.0,
        "Gross Profit": 262700000.0,
        "Cost Of Revenue": 2059900000.0,
        "Total Revenue": 2322600000.0,
        "Operating Revenue": 2322600000.0
    },
    "2025-06-30": {
        "Tax Effect Of Unusual Items": -29078256.880734,
        "Tax Rate For Calcs": 0.250459,
        "Normalized EBITDA": 445800000.0,
        "Total Unusual Items": -116100000.0,
        "Total Unusual Items Excluding Goodwill": -116100000.0,
        "Net Income From Continuing Operation Net Minority Interest": 162500000.0,
        "Reconciled Depreciation": 61200000.0,
        "Reconciled Cost Of Revenue": 2067500000.0,
        "EBITDA": 329700000.0,
        "EBIT": 268500000.0,
        "Net Interest Income": -24300000.0,
        "Interest Expense": 50500000.0,
        "Interest Income": 26200000.0,
        "Normalized Income": 249521743.119266,
        "Net Income From Continuing And Discontinued Operation": 162500000.0,
        "Total Expenses": 2175100000.0,
        "Total Operating Income As Reported": 243700000.0,
        "Diluted Average Shares": 370100000.0,
        "Basic Average Shares": 367900000.0,
        "Diluted EPS": 0.44,
        "Basic EPS": 0.44,
        "Diluted NI Availto Com Stockholders": 162500000.0,
        "Net Income Common Stockholders": 162500000.0,
        "Net Income": 162500000.0,
        "Minority Interests": -1100000.0,
        "Net Income Including Noncontrolling Interests": 163600000.0,
        "Net Income Continuous Operations": 163600000.0,
        "Earnings From Equity Interest Net Of Tax": 200000.0,
        "Tax Provision": 54600000.0,
        "Pretax Income": 218000000.0,
        "Other Income Expense": -119400000.0,
        "Other Non Operating Income Expenses": -3300000.0,
        "Special Income Charges": -116100000.0,
        "Gain On Sale Of Business": 1900000.0,
        "Impairment Of Capital Assets": NaN,
        "Restructuring And Mergern Acquisition": 118000000.0,
        "Net Non Operating Interest Income Expense": -24300000.0,
        "Interest Expense Non Operating": 50500000.0,
        "Interest Income Non Operating": 26200000.0,
        "Operating Income": 361700000.0,
        "Operating Expense": 107600000.0,
        "Depreciation Amortization Depletion Income Statement": 61200000.0,
        "Depreciation And Amortization In Income Statement": 61200000.0,
        "Selling General And Administration": 46400000.0,
        "Gross Profit": 469300000.0,
        "Cost Of Revenue": 2067500000.0,
        "Total Revenue": 2536800000.0,
        "Operating Revenue": 2536800000.0
    }
}