{
    "2024-09-30": {
        "Tax Effect Of Unusual Items": 0.0,
        "Tax Rate For Calcs": 0.016519,
        "Normalized EBITDA": -1258489.0,
        "Total Unusual Items": 0.0,
        "Total Unusual Items Excluding Goodwill": 0.0,
        "Net Income From Continuing Operation Net Minority Interest": -1307889.0,
        "Reconciled Depreciation": 228885.0,
        "Reconciled Cost Of Revenue": 33038.0,
        "EBITDA": -1258489.0,
        "EBIT": -1487374.0,
        "Net Interest Income": 157517.0,
        "Interest Income": 157517.0,
        "Normalized Income": -1307889.0,
        "Net Income From Continuing And Discontinued Operation": -1509250.0,
        "Total Expenses": 1762794.0,
        "Total Operating Income As Reported": -1487374.0,
        "Diluted Average Shares": 9227307.0,
        "Basic Average Shares": 9227307.0,
        "Diluted EPS": -0.16,
        "Basic EPS": -0.16,
        "Diluted NI Availto Com Stockholders": -1509250.0,
        "Net Income Common Stockholders": -1509250.0,
        "Net Income": -1509250.0,
        "Net Income Including Noncontrolling Interests": -1509250.0,
        "Net Income Discontinuous Operations": -201361.0,
        "Net Income Continuous Operations": -1307889.0,
        "Tax Provision": -21968.0,
        "Pretax Income": -1329857.0,
        "Other Income Expense": NaN,
        "Other Non Operating Income Expenses": NaN,
        "Special Income Charges": 0.0,
        "Other Special Charges": NaN,
        "Net Non Operating Interest Income Expense": 157517.0,
        "Total Other Finance Cost": -157517.0,
        "Interest Income Non Operating": 157517.0,
        "Operating Income": -1487374.0,
        "Operating Expense": 1706455.0,
        "Depreciation Amortization Depletion Income Statement": 205584.0,
        "Depreciation And Amortization In Income Statement": 205584.0,
        "Research And Development": 1209326.0,
        "Selling General And Administration": 1500871.0,
        "Selling And Marketing Expense": 249408.0,
        "General And Administrative Expense": 1251463.0,
        "Other Gand A": 1251463.0,
        "Gross Profit": 219081.0,
        "Cost Of Revenue": 56339.0,
        "Total Revenue": 275420.0,
        "Operating Revenue": 275420.0
    },
    "2024-06-30": {
        "Tax Effect Of Unusual Items": NaN,
        "Tax Rate For Calcs": NaN,
        "Normalized EBITDA": NaN,
        "Total Unusual Items": NaN,
        "Total Unusual Items Excluding Goodwill": NaN,
        "Net Income From Continuing Operation Net Minority Interest": NaN,
        "Reconciled Depreciation": NaN,
        "Reconciled Cost Of Revenue": NaN,
        "EBITDA": NaN,
        "EBIT": NaN,
        "Net Interest Income": NaN,
        "Interest Income": NaN,
        "Normalized Income": NaN,
        "Net Income From Continuing And Discontinued Operation": NaN,
        "Total Expenses": NaN,
        "Total Operating Income As Reported": NaN,
        "Diluted Average Shares": 9222157.0,
        "Basic Average Shares": 9222157.0,
        "Diluted EPS": -0.1,
        "Basic EPS": -0.1,
        "Diluted NI Availto Com Stockholders": NaN,
        "Net Income Common Stockholders": NaN,
        "Net Income": NaN,
        "Net Income Including Noncontrolling Interests": NaN,
        "Net Income Discontinuous Operations": 358902.0,
        "Net Income Continuous Operations": NaN,
        "Tax Provision": NaN,
        "Pretax Income": NaN,
        "Other Income Expense": 146269.0,
        "Other Non Operating Income Expenses": 146269.0,
        "Special Income Charges": NaN,
        "Other Special Charges": NaN,
        "Net Non Operating Interest Income Expense": NaN,
        "Total Other Finance Cost": -144231.0,
        "Interest Income Non Operating": NaN,
        "Operating Income": NaN,
        "Operating Expense": NaN,
        "Depreciation Amortization Depletion Income Statement": 205583.0,
        "Depreciation And Amortization In Income Statement": 205583.0,
        "Research And Development": 1212220.0,
        "Selling General And Administration": NaN,
        "Selling And Marketing Expense": NaN,
        "General And Administrative Expense": NaN,
        "Other Gand A": NaN,
        "Gross Profit": NaN,
        "Cost Of Revenue": NaN,
        "Total Revenue": NaN,
        "Operating Revenue": NaN
    },
    "2024-03-31": {
        "Tax Effect Of Unusual Items": NaN,
        "Tax Rate For Calcs": NaN,
        "Normalized EBITDA": NaN,
        "Total Unusual Items": NaN,
        "Total Unusual Items Excluding Goodwill": NaN,
        "Net Income From Continuing Operation Net Minority Interest": NaN,
        "Reconciled Depreciation": NaN,
        "Reconciled Cost Of Revenue": NaN,
        "EBITDA": NaN,
        "EBIT": NaN,
        "Net Interest Income": NaN,
        "Interest Income": 151984.0,
        "Normalized Income": NaN,
        "Net Income From Continuing And Discontinued Operation": NaN,
        "Total Expenses": NaN,
        "Total Operating Income As Reported": NaN,
        "Diluted Average Shares": NaN,
        "Basic Average Shares": NaN,
        "Diluted EPS": NaN,
        "Basic EPS": NaN,
        "Diluted NI Availto Com Stockholders": NaN,
        "Net Income Common Stockholders": NaN,
        "Net Income": NaN,
        "Net Income Including Noncontrolling Interests": NaN,
        "Net Income Discontinuous Operations": NaN,
        "Net Income Continuous Operations": NaN,
        "Tax Provision": NaN,
        "Pretax Income": NaN,
        "Other Income Expense": NaN,
        "Other Non Operating Income Expenses": NaN,
        "Special Income Charges": NaN,
        "Other Special Charges": NaN,
        "Net Non Operating Interest Income Expense": NaN,
        "Total Other Finance Cost": -151984.0,
        "Interest Income Non Operating": 151984.0,
        "Operating Income": NaN,
        "Operating Expense": NaN,
        "Depreciation Amortization Depletion Income Statement": NaN,
        "Depreciation And Amortization In Income Statement": NaN,
        "Research And Development": 265789.0,
        "Selling General And Administration": NaN,
        "Selling And Marketing Expense": NaN,
        "General And Administrative Expense": NaN,
        "Other Gand A": NaN,
        "Gross Profit": NaN,
        "Cost Of Revenue": NaN,
        "Total Revenue": NaN,
        "Operating Revenue": NaN
    },
    "2023-12-31": {
        "Tax Effect Of Unusual Items": NaN,
        "Tax Rate For Calcs": NaN,
        "Normalized EBITDA": NaN,
        "Total Unusual Items": 0.0,
        "Total Unusual Items Excluding Goodwill": 0.0,
        "Net Income From Continuing Operation Net Minority Interest": NaN,
        "Reconciled Depreciation": NaN,
        "Reconciled Cost Of Revenue": NaN,
        "EBITDA": NaN,
        "EBIT": NaN,
        "Net Interest Income": NaN,
        "Interest Income": NaN,
        "Normalized Income": NaN,
        "Net Income From Continuing And Discontinued Operation": NaN,
        "Total Expenses": NaN,
        "Total Operating Income As Reported": NaN,
        "Diluted Average Shares": NaN,
        "Basic Average Shares": NaN,
        "Diluted EPS": NaN,
        "Basic EPS": NaN,
        "Diluted NI Availto Com Stockholders": NaN,
        "Net Income Common Stockholders": NaN,
        "Net Income": NaN,
        "Net Income Including Noncontrolling Interests": NaN,
        "Net Income Discontinuous Operations": NaN,
        "Net Income Continuous Operations": NaN,
        "Tax Provision": NaN,
        "Pretax Income": NaN,
        "Other Income Expense": 0.0,
        "Other Non Operating Income Expenses": 0.0,
        "Special Income Charges": 0.0,
        "Impairment Of Capital Assets": 0.0,
        "Net Non Operating Interest Income Expense": NaN,
        "Total Other Finance Cost": NaN,
        "Interest Income Non Operating": NaN,
        "Operating Income": NaN,
        "Operating Expense": NaN,
        "Depreciation Amortization Depletion Income Statement": NaN,
        "Depreciation And Amortization In Income Statement": NaN,
        "Research And Development": NaN,
        "Selling General And Administration": NaN,
        "Selling And Marketing Expense": NaN,
        "General And Administrative Expense": NaN,
        "Other Gand A": NaN,
        "Gross Profit": NaN,
        "Cost Of Revenue": NaN,
        "Total Revenue": NaN,
        "Operating Revenue": NaN
    },
    "2023-09-30": {
        "Tax Effect Of Unusual Items": NaN,
        "Tax Rate For Calcs": NaN,
        "Normalized EBITDA": NaN,
        "Total Unusual Items": 0.0,
        "Total Unusual Items Excluding Goodwill": 0.0,
        "Net Income From Continuing Operation Net Minority Interest": NaN,
        "Reconciled Depreciation": NaN,
        "Reconciled Cost Of Revenue": NaN,
        "EBITDA": NaN,
        "EBIT": NaN,
        "Net Interest Income": NaN,
        "Interest Income": NaN,
        "Normalized Income": NaN,
        "Net Income From Continuing And Discontinued Operation": NaN,
        "Total Expenses": NaN,
        "Total Operating Income As Reported": NaN,
        "Diluted Average Shares": 9222157.0,
        "Basic Average Shares": 9222157.0,
        "Diluted EPS": -0.02,
        "Basic EPS": -0.02,
        "Diluted NI Availto Com Stockholders": NaN,
        "Net Income Common Stockholders": NaN,
        "Net Income": NaN,
        "Net Income Including Noncontrolling Interests": NaN,
        "Net Income Discontinuous Operations": NaN,
        "Net Income Continuous Operations": NaN,
        "Tax Provision": NaN,
        "Pretax Income": NaN,
        "Other Income Expense": NaN,
        "Other Non Operating Income Expenses": NaN,
        "Special Income Charges": 0.0,
        "Impairment Of Capital Assets": 0.0,
        "Net Non Operating Interest Income Expense": NaN,
        "Total Other Finance Cost": -169925.0,
        "Interest Income Non Operating": NaN,
        "Operating Income": NaN,
        "Operating Expense": NaN,
        "Research And Development": NaN,
        "Selling General And Administration": NaN,
        "Selling And Marketing Expense": NaN,
        "General And Administrative Expense": NaN,
        "Other Gand A": NaN,
        "Gross Profit": NaN,
        "Cost Of Revenue": NaN,
        "Total Revenue": NaN,
        "Operating Revenue": NaN
    },
    "2023-06-30": {
        "Tax Effect Of Unusual Items": NaN,
        "Tax Rate For Calcs": NaN,
        "Normalized EBITDA": NaN,
        "Total Unusual Items": 0.0,
        "Total Unusual Items Excluding Goodwill": 0.0,
        "Net Income From Continuing Operation Net Minority Interest": NaN,
        "Reconciled Depreciation": NaN,
        "Reconciled Cost Of Revenue": NaN,
        "EBITDA": NaN,
        "EBIT": NaN,
        "Net Interest Income": NaN,
        "Normalized Income": NaN,
        "Net Income From Continuing And Discontinued Operation": NaN,
        "Total Expenses": NaN,
        "Total Operating Income As Reported": NaN,
        "Diluted Average Shares": 9222157.0,
        "Basic Average Shares": 9222157.0,
        "Diluted EPS": 0.01,
        "Basic EPS": 0.01,
        "Diluted NI Availto Com Stockholders": NaN,
        "Net Income Common Stockholders": NaN,
        "Net Income": NaN,
        "Net Income Including Noncontrolling Interests": NaN,
        "Net Income Continuous Operations": NaN,
        "Tax Provision": NaN,
        "Pretax Income": NaN,
        "Other Income Expense": 343045.0,
        "Other Non Operating Income Expenses": 343045.0,
        "Special Income Charges": 0.0,
        "Impairment Of Capital Assets": 0.0,
        "Net Non Operating Interest Income Expense": NaN,
        "Total Other Finance Cost": -171341.0,
        "Operating Income": NaN,
        "Operating Expense": NaN,
        "Research And Development": NaN,
        "Selling General And Administration": NaN,
        "Selling And Marketing Expense": NaN,
        "General And Administrative Expense": NaN,
        "Other Gand A": NaN,
        "Gross Profit": NaN,
        "Cost Of Revenue": NaN,
        "Total Revenue": NaN,
        "Operating Revenue": NaN
    },
    "2024-12-31": {
        "Tax Effect Of Unusual Items": 0.0,
        "Tax Rate For Calcs": 0.035815,
        "Normalized EBITDA": -1272002.0,
        "Total Unusual Items": NaN,
        "Total Unusual Items Excluding Goodwill": NaN,
        "Net Income From Continuing Operation Net Minority Interest": -1332967.0,
        "Reconciled Depreciation": 225762.0,
        "Reconciled Cost Of Revenue": -2126846.0,
        "EBITDA": -1272002.0,
        "EBIT": -1497764.0,
        "Net Interest Income": 115284.0,
        "Interest Income": NaN,
        "Normalized Income": -1332967.0,
        "Net Income From Continuing And Discontinued Operation": -5490501.0,
        "Total Expenses": -4347545.0,
        "Total Operating Income As Reported": -1497764.0,
        "Diluted Average Shares": NaN,
        "Basic Average Shares": NaN,
        "Diluted EPS": NaN,
        "Basic EPS": NaN,
        "Diluted NI Availto Com Stockholders": -5490501.0,
        "Net Income Common Stockholders": -5490501.0,
        "Net Income": -5490501.0,
        "Net Income Including Noncontrolling Interests": -5490501.0,
        "Net Income Discontinuous Operations": NaN,
        "Net Income Continuous Operations": -1332967.0,
        "Tax Provision": -49513.0,
        "Pretax Income": -1382480.0,
        "Other Income Expense": 0.0,
        "Other Non Operating Income Expenses": 0.0,
        "Special Income Charges": NaN,
        "Other Special Charges": NaN,
        "Net Non Operating Interest Income Expense": 115284.0,
        "Total Other Finance Cost": NaN,
        "Interest Income Non Operating": NaN,
        "Operating Income": -1497764.0,
        "Operating Expense": -2220699.0,
        "Depreciation Amortization Depletion Income Statement": NaN,
        "Depreciation And Amortization In Income Statement": NaN,
        "Research And Development": -3417709.0,
        "Selling General And Administration": 1197010.0,
        "Selling And Marketing Expense": -524281.0,
        "General And Administrative Expense": 1721291.0,
        "Other Gand A": 1721291.0,
        "Gross Profit": -3718463.0,
        "Cost Of Revenue": -2126846.0,
        "Total Revenue": -5845309.0,
        "Operating Revenue": -5845309.0
    },
    "2025-03-31": {
        "Tax Effect Of Unusual Items": 0.0,
        "Tax Rate For Calcs": 0.21,
        "Normalized EBITDA": -443199.0,
        "Total Unusual Items": NaN,
        "Total Unusual Items Excluding Goodwill": NaN,
        "Net Income From Continuing Operation Net Minority Interest": 808530.0,
        "Reconciled Depreciation": 890728.0,
        "Reconciled Cost Of Revenue": 2464663.0,
        "EBITDA": -443199.0,
        "EBIT": -1333927.0,
        "Net Interest Income": 82392.0,
        "Interest Income": 82392.0,
        "Normalized Income": 808530.0,
        "Net Income From Continuing And Discontinued Operation": 808530.0,
        "Total Expenses": 6851965.0,
        "Total Operating Income As Reported": -1333927.0,
        "Diluted Average Shares": 13192543.0,
        "Basic Average Shares": 13192543.0,
        "Diluted EPS": 0.06,
        "Basic EPS": 0.06,
        "Diluted NI Availto Com Stockholders": 808530.0,
        "Net Income Common Stockholders": 808530.0,
        "Net Income": 808530.0,
        "Net Income Including Noncontrolling Interests": 808530.0,
        "Net Income Discontinuous Operations": 0.0,
        "Net Income Continuous Operations": 808530.0,
        "Tax Provision": -2060065.0,
        "Pretax Income": -1251535.0,
        "Other Income Expense": NaN,
        "Other Non Operating Income Expenses": NaN,
        "Special Income Charges": NaN,
        "Other Special Charges": NaN,
        "Net Non Operating Interest Income Expense": 82392.0,
        "Total Other Finance Cost": NaN,
        "Interest Income Non Operating": 82392.0,
        "Operating Income": -1333927.0,
        "Operating Expense": 4387302.0,
        "Depreciation Amortization Depletion Income Statement": NaN,
        "Depreciation And Amortization In Income Statement": NaN,
        "Research And Development": 765364.0,
        "Selling General And Administration": 3621938.0,
        "Selling And Marketing Expense": 684041.0,
        "General And Administrative Expense": 2937897.0,
        "Other Gand A": 2937897.0,
        "Gross Profit": 3053375.0,
        "Cost Of Revenue": 2464663.0,
        "Total Revenue": 5518038.0,
        "Operating Revenue": 5518038.0
    },
    "2025-06-30": {
        "Tax Effect Of Unusual Items": 0.0,
        "Tax Rate For Calcs": 0.21,
        "Normalized EBITDA": -247075.0,
        "Total Unusual Items": NaN,
        "Total Unusual Items Excluding Goodwill": NaN,
        "Net Income From Continuing Operation Net Minority Interest": -1050028.0,
        "Reconciled Depreciation": 882624.0,
        "Reconciled Cost Of Revenue": 2648476.0,
        "EBITDA": -247075.0,
        "EBIT": -1129699.0,
        "Net Interest Income": 87928.0,
        "Interest Income": NaN,
        "Normalized Income": -1050028.0,
        "Net Income From Continuing And Discontinued Operation": -1050028.0,
        "Total Expenses": 6852298.0,
        "Total Operating Income As Reported": -1129699.0,
        "Diluted Average Shares": 13201658.0,
        "Basic Average Shares": 13201658.0,
        "Diluted EPS": -0.08,
        "Basic EPS": -0.08,
        "Diluted NI Availto Com Stockholders": -1050028.0,
        "Net Income Common Stockholders": -1050028.0,
        "Net Income": -1050028.0,
        "Net Income Including Noncontrolling Interests": -1050028.0,
        "Net Income Discontinuous Operations": 0.0,
        "Net Income Continuous Operations": -1050028.0,
        "Tax Provision": 72007.0,
        "Pretax Income": -978021.0,
        "Other Income Expense": 63750.0,
        "Other Non Operating Income Expenses": 63750.0,
        "Special Income Charges": NaN,
        "Other Special Charges": NaN,
        "Net Non Operating Interest Income Expense": 87928.0,
        "Total Other Finance Cost": -87928.0,
        "Interest Income Non Operating": NaN,
        "Operating Income": -1129699.0,
        "Operating Expense": 3994849.0,
        "Depreciation Amortization Depletion Income Statement": 673651.0,
        "Depreciation And Amortization In Income Statement": 673651.0,
        "Research And Development": NaN,
        "Selling General And Administration": 3321198.0,
        "Selling And Marketing Expense": 839397.0,
        "General And Administrative Expense": 2481801.0,
        "Other Gand A": 2481801.0,
        "Gross Profit": 2865150.0,
        "Cost Of Revenue": 2857449.0,
        "Total Revenue": 5722599.0,
        "Operating Revenue": 5722599.0
    },
    "2025-09-30": {
        "Tax Effect Of Unusual Items": -95064.522416,
        "Tax Rate For Calcs": 0.187437,
        "Normalized EBITDA": 203144.0,
        "Total Unusual Items": -507181.0,
        "Total Unusual Items Excluding Goodwill": -507181.0,
        "Net Income From Continuing Operation Net Minority Interest": -1083070.0,
        "Reconciled Depreciation": 624544.0,
        "Reconciled Cost Of Revenue": 3076333.0,
        "EBITDA": -304037.0,
        "EBIT": -928581.0,
        "Net Interest Income": 102856.0,
        "Interest Income": 102856.0,
        "Normalized Income": -670953.522416,
        "Net Income From Continuing And Discontinued Operation": -1083070.0,
        "Total Expenses": 7166600.0,
        "Total Operating Income As Reported": -1435762.0,
        "Diluted Average Shares": 13108805.0,
        "Basic Average Shares": 13108805.0,
        "Diluted EPS": -0.08,
        "Basic EPS": -0.08,
        "Diluted NI Availto Com Stockholders": -1083070.0,
        "Net Income Common Stockholders": -1083070.0,
        "Net Income": -1083070.0,
        "Net Income Including Noncontrolling Interests": -1083070.0,
        "Net Income Discontinuous Operations": 0.0,
        "Net Income Continuous Operations": -1083070.0,
        "Tax Provision": -249836.0,
        "Pretax Income": -1332906.0,
        "Other Income Expense": -507181.0,
        "Other Non Operating Income Expenses": NaN,
        "Special Income Charges": -507181.0,
        "Other Special Charges": 507181.0,
        "Net Non Operating Interest Income Expense": 102856.0,
        "Total Other Finance Cost": NaN,
        "Interest Income Non Operating": 102856.0,
        "Operating Income": -928581.0,
        "Operating Expense": 4090267.0,
        "Depreciation Amortization Depletion Income Statement": 624544.0,
        "Depreciation And Amortization In Income Statement": 624544.0,
        "Research And Development": NaN,
        "Selling General And Administration": 3465723.0,
        "Selling And Marketing Expense": 844463.0,
        "General And Administrative Expense": 2621260.0,
        "Other Gand A": 2621260.0,
        "Gross Profit": 3161686.0,
        "Cost Of Revenue": 3076333.0,
        "Total Revenue": 6238019.0,
        "Operating Revenue": 6238019.0
    }
}