{
    "2023-03-31": {
        "Tax Effect Of Unusual Items": NaN,
        "Tax Rate For Calcs": NaN,
        "Normalized EBITDA": NaN,
        "Total Unusual Items": NaN,
        "Total Unusual Items Excluding Goodwill": NaN,
        "Net Income From Continuing Operation Net Minority Interest": NaN,
        "Reconciled Depreciation": NaN,
        "EBITDA": NaN,
        "EBIT": NaN,
        "Net Interest Income": NaN,
        "Interest Expense": NaN,
        "Interest Income": NaN,
        "Normalized Income": NaN,
        "Net Income From Continuing And Discontinued Operation": NaN,
        "Total Expenses": NaN,
        "Total Operating Income As Reported": NaN,
        "Diluted Average Shares": NaN,
        "Basic Average Shares": NaN,
        "Diluted EPS": NaN,
        "Basic EPS": NaN,
        "Diluted NI Availto Com Stockholders": NaN,
        "Net Income Common Stockholders": NaN,
        "Net Income": NaN,
        "Net Income Including Noncontrolling Interests": NaN,
        "Net Income Continuous Operations": NaN,
        "Tax Provision": NaN,
        "Pretax Income": NaN,
        "Other Income Expense": NaN,
        "Other Non Operating Income Expenses": NaN,
        "Special Income Charges": NaN,
        "Other Special Charges": NaN,
        "Impairment Of Capital Assets": NaN,
        "Net Non Operating Interest Income Expense": NaN,
        "Total Other Finance Cost": 56000.0,
        "Interest Expense Non Operating": NaN,
        "Interest Income Non Operating": NaN,
        "Operating Income": NaN,
        "Operating Expense": NaN,
        "Research And Development": NaN,
        "Selling General And Administration": NaN,
        "General And Administrative Expense": NaN,
        "Other Gand A": NaN,
        "Total Revenue": NaN,
        "Operating Revenue": NaN
    },
    "2022-12-31": {
        "Tax Effect Of Unusual Items": NaN,
        "Tax Rate For Calcs": NaN,
        "Normalized EBITDA": NaN,
        "Total Unusual Items": NaN,
        "Total Unusual Items Excluding Goodwill": NaN,
        "Net Income From Continuing Operation Net Minority Interest": NaN,
        "Reconciled Depreciation": NaN,
        "EBITDA": NaN,
        "EBIT": NaN,
        "Net Interest Income": NaN,
        "Interest Expense": NaN,
        "Interest Income": NaN,
        "Normalized Income": NaN,
        "Net Income From Continuing And Discontinued Operation": NaN,
        "Total Expenses": NaN,
        "Total Operating Income As Reported": NaN,
        "Diluted Average Shares": NaN,
        "Basic Average Shares": NaN,
        "Diluted EPS": NaN,
        "Basic EPS": NaN,
        "Diluted NI Availto Com Stockholders": NaN,
        "Net Income Common Stockholders": NaN,
        "Net Income": NaN,
        "Net Income Including Noncontrolling Interests": NaN,
        "Net Income Continuous Operations": NaN,
        "Tax Provision": NaN,
        "Pretax Income": NaN,
        "Other Income Expense": NaN,
        "Other Non Operating Income Expenses": NaN,
        "Special Income Charges": NaN,
        "Other Special Charges": 0.0,
        "Impairment Of Capital Assets": NaN,
        "Net Non Operating Interest Income Expense": NaN,
        "Total Other Finance Cost": 69000.0,
        "Interest Expense Non Operating": NaN,
        "Interest Income Non Operating": NaN,
        "Operating Income": NaN,
        "Operating Expense": NaN,
        "Research And Development": NaN,
        "Selling General And Administration": NaN,
        "General And Administrative Expense": NaN,
        "Other Gand A": NaN,
        "Total Revenue": NaN,
        "Operating Revenue": NaN
    },
    "2022-09-30": {
        "Tax Effect Of Unusual Items": NaN,
        "Tax Rate For Calcs": NaN,
        "Normalized EBITDA": NaN,
        "Total Unusual Items": NaN,
        "Total Unusual Items Excluding Goodwill": NaN,
        "Net Income From Continuing Operation Net Minority Interest": NaN,
        "Reconciled Depreciation": NaN,
        "EBITDA": NaN,
        "EBIT": NaN,
        "Net Interest Income": NaN,
        "Interest Expense": NaN,
        "Interest Income": NaN,
        "Normalized Income": NaN,
        "Net Income From Continuing And Discontinued Operation": NaN,
        "Total Expenses": NaN,
        "Total Operating Income As Reported": NaN,
        "Diluted Average Shares": 57973541.0,
        "Basic Average Shares": 57973541.0,
        "Diluted EPS": -0.53,
        "Basic EPS": -0.53,
        "Diluted NI Availto Com Stockholders": NaN,
        "Net Income Common Stockholders": NaN,
        "Net Income": NaN,
        "Net Income Including Noncontrolling Interests": NaN,
        "Net Income Continuous Operations": NaN,
        "Tax Provision": NaN,
        "Pretax Income": NaN,
        "Other Income Expense": NaN,
        "Other Non Operating Income Expenses": NaN,
        "Special Income Charges": NaN,
        "Other Special Charges": NaN,
        "Impairment Of Capital Assets": 0.0,
        "Net Non Operating Interest Income Expense": NaN,
        "Total Other Finance Cost": 77000.0,
        "Interest Expense Non Operating": NaN,
        "Interest Income Non Operating": NaN,
        "Operating Income": NaN,
        "Operating Expense": NaN,
        "Research And Development": NaN,
        "Selling General And Administration": NaN,
        "General And Administrative Expense": NaN,
        "Other Gand A": NaN,
        "Total Revenue": NaN,
        "Operating Revenue": NaN
    },
    "2022-06-30": {
        "Tax Effect Of Unusual Items": 0.0,
        "Tax Rate For Calcs": 0.4,
        "Normalized EBITDA": -29048000.0,
        "Total Unusual Items": NaN,
        "Total Unusual Items Excluding Goodwill": NaN,
        "Net Income From Continuing Operation Net Minority Interest": -30988000.0,
        "Reconciled Depreciation": 1668000.0,
        "EBITDA": -29048000.0,
        "EBIT": -30716000.0,
        "Net Interest Income": 381000.0,
        "Interest Expense": 254000.0,
        "Interest Income": 711000.0,
        "Normalized Income": -30988000.0,
        "Net Income From Continuing And Discontinued Operation": -30988000.0,
        "Total Expenses": 32747000.0,
        "Total Operating Income As Reported": -31351000.0,
        "Diluted Average Shares": 57685006.0,
        "Basic Average Shares": 57685006.0,
        "Diluted EPS": -0.54,
        "Basic EPS": -0.54,
        "Diluted NI Availto Com Stockholders": -30988000.0,
        "Net Income Common Stockholders": -30988000.0,
        "Net Income": -30988000.0,
        "Net Income Including Noncontrolling Interests": -30988000.0,
        "Net Income Continuous Operations": -30988000.0,
        "Tax Provision": 18000.0,
        "Pretax Income": -30970000.0,
        "Other Income Expense": NaN,
        "Other Non Operating Income Expenses": NaN,
        "Special Income Charges": NaN,
        "Impairment Of Capital Assets": NaN,
        "Net Non Operating Interest Income Expense": 381000.0,
        "Total Other Finance Cost": 76000.0,
        "Interest Expense Non Operating": 254000.0,
        "Interest Income Non Operating": 711000.0,
        "Operating Income": -31351000.0,
        "Operating Expense": 32747000.0,
        "Research And Development": 24494000.0,
        "Selling General And Administration": 8253000.0,
        "General And Administrative Expense": 8253000.0,
        "Other Gand A": 8253000.0,
        "Total Revenue": 1396000.0,
        "Operating Revenue": 1396000.0
    },
    "2022-03-31": {
        "Diluted EPS": -0.66,
        "Total Revenue": 1,
        "Gross Profit": 1,
        "Operating Income": -37,
        "EBIT": -36,
        "Net Income": -38
    },
    "2021-12-31": {
        "Diluted EPS": 1.84,
        "Total Revenue": NaN,
        "Gross Profit": NaN,
        "Operating Income": -28,
        "EBIT": -27,
        "Net Income": -28
    },
    "2021-09-30": {
        "Diluted EPS": -0.48,
        "Total Revenue": NaN,
        "Gross Profit": NaN,
        "Operating Income": -26,
        "EBIT": -25,
        "Net Income": -26
    },
    "2021-06-30": {
        "Diluted EPS": -1.93,
        "Total Revenue": NaN,
        "Gross Profit": NaN,
        "Operating Income": -23,
        "EBIT": -22,
        "Net Income": -23
    },
    "2021-03-31": {
        "Diluted EPS": -2.39,
        "Total Revenue": NaN,
        "Gross Profit": NaN,
        "Operating Income": -18,
        "EBIT": -17,
        "Net Income": -18
    },
    "2020-12-31": {
        "Diluted EPS": 0.0,
        "Total Revenue": NaN,
        "Gross Profit": NaN,
        "Operating Income": NaN,
        "EBIT": NaN,
        "Net Income": NaN
    },
    "2020-09-30": {
        "Diluted EPS": -1.75,
        "Total Revenue": NaN,
        "Gross Profit": NaN,
        "Operating Income": -13,
        "EBIT": -13,
        "Net Income": -13
    },
    "2020-06-30": {
        "Diluted EPS": -2.05,
        "Total Revenue": NaN,
        "Gross Profit": NaN,
        "Operating Income": -16,
        "EBIT": -16,
        "Net Income": -15
    },
    "2023-06-30": {
        "Tax Effect Of Unusual Items": NaN,
        "Tax Rate For Calcs": NaN,
        "Normalized EBITDA": NaN,
        "Total Unusual Items": NaN,
        "Total Unusual Items Excluding Goodwill": NaN,
        "Net Income From Continuing Operation Net Minority Interest": NaN,
        "Reconciled Depreciation": NaN,
        "EBITDA": NaN,
        "EBIT": NaN,
        "Net Interest Income": NaN,
        "Interest Expense": NaN,
        "Interest Income": NaN,
        "Normalized Income": NaN,
        "Net Income From Continuing And Discontinued Operation": NaN,
        "Total Expenses": NaN,
        "Total Operating Income As Reported": NaN,
        "Diluted Average Shares": 59251363.0,
        "Basic Average Shares": 59251363.0,
        "Diluted EPS": -0.56,
        "Basic EPS": -0.56,
        "Diluted NI Availto Com Stockholders": NaN,
        "Net Income Common Stockholders": NaN,
        "Net Income": NaN,
        "Net Income Including Noncontrolling Interests": NaN,
        "Net Income Continuous Operations": NaN,
        "Tax Provision": NaN,
        "Pretax Income": NaN,
        "Other Income Expense": NaN,
        "Other Non Operating Income Expenses": NaN,
        "Special Income Charges": NaN,
        "Other Special Charges": NaN,
        "Impairment Of Capital Assets": NaN,
        "Net Non Operating Interest Income Expense": NaN,
        "Interest Expense Non Operating": NaN,
        "Interest Income Non Operating": NaN,
        "Operating Income": NaN,
        "Operating Expense": NaN,
        "Research And Development": NaN,
        "Selling General And Administration": NaN,
        "General And Administrative Expense": NaN,
        "Other Gand A": NaN,
        "Total Revenue": NaN,
        "Operating Revenue": NaN
    },
    "2023-09-30": {
        "Tax Effect Of Unusual Items": NaN,
        "Tax Rate For Calcs": NaN,
        "Normalized EBITDA": NaN,
        "Total Unusual Items": -4000000.0,
        "Total Unusual Items Excluding Goodwill": -4000000.0,
        "Net Income From Continuing Operation Net Minority Interest": NaN,
        "Reconciled Depreciation": NaN,
        "EBITDA": NaN,
        "EBIT": NaN,
        "Net Interest Income": NaN,
        "Interest Expense": NaN,
        "Interest Income": NaN,
        "Normalized Income": NaN,
        "Net Income From Continuing And Discontinued Operation": NaN,
        "Total Expenses": NaN,
        "Total Operating Income As Reported": NaN,
        "Diluted Average Shares": 59448229.0,
        "Basic Average Shares": 59448229.0,
        "Diluted EPS": -0.55,
        "Basic EPS": -0.55,
        "Diluted NI Availto Com Stockholders": NaN,
        "Net Income Common Stockholders": NaN,
        "Net Income": NaN,
        "Net Income Including Noncontrolling Interests": NaN,
        "Net Income Continuous Operations": NaN,
        "Tax Provision": NaN,
        "Pretax Income": NaN,
        "Other Income Expense": NaN,
        "Other Non Operating Income Expenses": NaN,
        "Special Income Charges": -4000000.0,
        "Other Special Charges": 4000000.0,
        "Impairment Of Capital Assets": 0.0,
        "Net Non Operating Interest Income Expense": NaN,
        "Interest Expense Non Operating": NaN,
        "Interest Income Non Operating": NaN,
        "Operating Income": NaN,
        "Operating Expense": NaN,
        "Research And Development": NaN,
        "Selling General And Administration": NaN,
        "General And Administrative Expense": NaN,
        "Other Gand A": NaN,
        "Total Revenue": NaN,
        "Operating Revenue": NaN
    },
    "2023-12-31": {
        "Tax Effect Of Unusual Items": NaN,
        "Tax Rate For Calcs": NaN,
        "Normalized EBITDA": NaN,
        "Total Unusual Items": -13145000.0,
        "Total Unusual Items Excluding Goodwill": -13145000.0,
        "Net Income From Continuing Operation Net Minority Interest": NaN,
        "Reconciled Depreciation": NaN,
        "EBITDA": NaN,
        "EBIT": NaN,
        "Net Interest Income": NaN,
        "Interest Expense": 0.0,
        "Interest Income": NaN,
        "Normalized Income": NaN,
        "Net Income From Continuing And Discontinued Operation": NaN,
        "Total Expenses": NaN,
        "Total Operating Income As Reported": NaN,
        "Diluted Average Shares": NaN,
        "Basic Average Shares": NaN,
        "Diluted EPS": NaN,
        "Basic EPS": NaN,
        "Diluted NI Availto Com Stockholders": NaN,
        "Net Income Common Stockholders": NaN,
        "Net Income": NaN,
        "Net Income Including Noncontrolling Interests": NaN,
        "Net Income Continuous Operations": NaN,
        "Tax Provision": NaN,
        "Pretax Income": NaN,
        "Other Income Expense": NaN,
        "Other Non Operating Income Expenses": NaN,
        "Special Income Charges": -13145000.0,
        "Other Special Charges": 1000000.0,
        "Impairment Of Capital Assets": 12145000.0,
        "Net Non Operating Interest Income Expense": NaN,
        "Interest Expense Non Operating": 0.0,
        "Interest Income Non Operating": NaN,
        "Operating Income": NaN,
        "Operating Expense": NaN,
        "Research And Development": NaN,
        "Selling General And Administration": NaN,
        "General And Administrative Expense": NaN,
        "Other Gand A": NaN,
        "Total Revenue": NaN,
        "Operating Revenue": NaN
    },
    "2024-03-31": {
        "Tax Effect Of Unusual Items": NaN,
        "Tax Rate For Calcs": NaN,
        "Normalized EBITDA": NaN,
        "Total Unusual Items": NaN,
        "Total Unusual Items Excluding Goodwill": NaN,
        "Net Income From Continuing Operation Net Minority Interest": NaN,
        "Reconciled Depreciation": NaN,
        "EBITDA": NaN,
        "EBIT": NaN,
        "Net Interest Income": NaN,
        "Interest Expense": 0.0,
        "Interest Income": NaN,
        "Normalized Income": NaN,
        "Net Income From Continuing And Discontinued Operation": NaN,
        "Total Expenses": NaN,
        "Total Operating Income As Reported": NaN,
        "Diluted Average Shares": 62296637.0,
        "Basic Average Shares": 62296637.0,
        "Diluted EPS": -0.45,
        "Basic EPS": -0.45,
        "Diluted NI Availto Com Stockholders": NaN,
        "Net Income Common Stockholders": NaN,
        "Net Income": NaN,
        "Net Income Including Noncontrolling Interests": NaN,
        "Net Income Continuous Operations": NaN,
        "Tax Provision": NaN,
        "Pretax Income": NaN,
        "Other Income Expense": NaN,
        "Other Non Operating Income Expenses": NaN,
        "Special Income Charges": NaN,
        "Other Special Charges": NaN,
        "Impairment Of Capital Assets": NaN,
        "Net Non Operating Interest Income Expense": NaN,
        "Interest Expense Non Operating": 0.0,
        "Interest Income Non Operating": NaN,
        "Operating Income": NaN,
        "Operating Expense": NaN,
        "Research And Development": NaN,
        "Selling General And Administration": NaN,
        "General And Administrative Expense": NaN,
        "Other Gand A": NaN,
        "Total Revenue": NaN,
        "Operating Revenue": NaN
    },
    "2024-06-30": {
        "Tax Effect Of Unusual Items": 0.0,
        "Tax Rate For Calcs": 0.21,
        "Normalized EBITDA": -31293000.0,
        "Total Unusual Items": 0.0,
        "Total Unusual Items Excluding Goodwill": 0.0,
        "Net Income From Continuing Operation Net Minority Interest": -31207000.0,
        "Reconciled Depreciation": 3462000.0,
        "EBITDA": -31293000.0,
        "EBIT": -34755000.0,
        "Net Interest Income": 3582000.0,
        "Interest Expense": 0.0,
        "Interest Income": 3582000.0,
        "Normalized Income": -31207000.0,
        "Net Income From Continuing And Discontinued Operation": -31207000.0,
        "Total Expenses": 35526000.0,
        "Total Operating Income As Reported": -34755000.0,
        "Diluted Average Shares": 82092167.0,
        "Basic Average Shares": 82092167.0,
        "Diluted EPS": -0.38,
        "Basic EPS": -0.38,
        "Diluted NI Availto Com Stockholders": -31207000.0,
        "Net Income Common Stockholders": -31207000.0,
        "Net Income": -31207000.0,
        "Net Income Including Noncontrolling Interests": -31207000.0,
        "Net Income Continuous Operations": -31207000.0,
        "Tax Provision": 22000.0,
        "Pretax Income": -31185000.0,
        "Other Income Expense": -12000.0,
        "Other Non Operating Income Expenses": -12000.0,
        "Special Income Charges": 0.0,
        "Other Special Charges": NaN,
        "Impairment Of Capital Assets": 0.0,
        "Net Non Operating Interest Income Expense": 3582000.0,
        "Interest Expense Non Operating": 0.0,
        "Interest Income Non Operating": 3582000.0,
        "Operating Income": -34755000.0,
        "Operating Expense": 35526000.0,
        "Research And Development": 27220000.0,
        "Selling General And Administration": 8306000.0,
        "General And Administrative Expense": 8306000.0,
        "Other Gand A": 8306000.0,
        "Total Revenue": 771000.0,
        "Operating Revenue": 771000.0
    },
    "2024-09-30": {
        "Tax Effect Of Unusual Items": 0.0,
        "Tax Rate For Calcs": 0.000256,
        "Normalized EBITDA": -27936000.0,
        "Total Unusual Items": 0.0,
        "Total Unusual Items Excluding Goodwill": 0.0,
        "Net Income From Continuing Operation Net Minority Interest": -31226000.0,
        "Reconciled Depreciation": 3298000.0,
        "EBITDA": -27936000.0,
        "EBIT": -31234000.0,
        "Net Interest Income": 3305000.0,
        "Interest Expense": 0.0,
        "Interest Income": 3305000.0,
        "Normalized Income": -31226000.0,
        "Net Income From Continuing And Discontinued Operation": -31226000.0,
        "Total Expenses": 35580000.0,
        "Total Operating Income As Reported": -34789000.0,
        "Diluted Average Shares": 84704352.0,
        "Basic Average Shares": 84704352.0,
        "Diluted EPS": -0.37,
        "Basic EPS": -0.37,
        "Diluted NI Availto Com Stockholders": -31226000.0,
        "Net Income Common Stockholders": -31226000.0,
        "Net Income": -31226000.0,
        "Net Income Including Noncontrolling Interests": -31226000.0,
        "Net Income Continuous Operations": -31226000.0,
        "Tax Provision": -8000.0,
        "Pretax Income": -31234000.0,
        "Other Income Expense": 250000.0,
        "Other Non Operating Income Expenses": 250000.0,
        "Special Income Charges": 0.0,
        "Other Special Charges": NaN,
        "Impairment Of Capital Assets": 0.0,
        "Net Non Operating Interest Income Expense": 3305000.0,
        "Interest Expense Non Operating": 0.0,
        "Interest Income Non Operating": 3305000.0,
        "Operating Income": -34789000.0,
        "Operating Expense": 35580000.0,
        "Research And Development": 27228000.0,
        "Selling General And Administration": 8352000.0,
        "General And Administrative Expense": 8352000.0,
        "Other Gand A": 8352000.0,
        "Total Revenue": 791000.0,
        "Operating Revenue": 791000.0
    },
    "2024-12-31": {
        "Tax Effect Of Unusual Items": -908670.0,
        "Tax Rate For Calcs": 0.21,
        "Normalized EBITDA": -26652000.0,
        "Total Unusual Items": -4327000.0,
        "Total Unusual Items Excluding Goodwill": -4327000.0,
        "Net Income From Continuing Operation Net Minority Interest": -36073000.0,
        "Reconciled Depreciation": 3318000.0,
        "EBITDA": -30979000.0,
        "EBIT": -34297000.0,
        "Net Interest Income": 2881000.0,
        "Interest Expense": 0.0,
        "Interest Income": 2881000.0,
        "Normalized Income": -32654670.0,
        "Net Income From Continuing And Discontinued Operation": -36073000.0,
        "Total Expenses": 37130000.0,
        "Total Operating Income As Reported": -37284000.0,
        "Diluted Average Shares": NaN,
        "Basic Average Shares": NaN,
        "Diluted EPS": NaN,
        "Basic EPS": NaN,
        "Diluted NI Availto Com Stockholders": -36073000.0,
        "Net Income Common Stockholders": -36073000.0,
        "Net Income": -36073000.0,
        "Net Income Including Noncontrolling Interests": -36073000.0,
        "Net Income Continuous Operations": -36073000.0,
        "Tax Provision": 1776000.0,
        "Pretax Income": -34297000.0,
        "Other Income Expense": -4221000.0,
        "Other Non Operating Income Expenses": 106000.0,
        "Special Income Charges": -4327000.0,
        "Other Special Charges": NaN,
        "Impairment Of Capital Assets": 4327000.0,
        "Net Non Operating Interest Income Expense": 2881000.0,
        "Interest Expense Non Operating": 0.0,
        "Interest Income Non Operating": 2881000.0,
        "Operating Income": -32957000.0,
        "Operating Expense": 37130000.0,
        "Research And Development": 29375000.0,
        "Selling General And Administration": 7755000.0,
        "General And Administrative Expense": 7755000.0,
        "Other Gand A": 7755000.0,
        "Total Revenue": 4173000.0,
        "Operating Revenue": 4173000.0
    },
    "2025-03-31": {
        "Tax Effect Of Unusual Items": 0.0,
        "Tax Rate For Calcs": 0.0,
        "Normalized EBITDA": 77397000.0,
        "Total Unusual Items": NaN,
        "Total Unusual Items Excluding Goodwill": NaN,
        "Net Income From Continuing Operation Net Minority Interest": 76560000.0,
        "Reconciled Depreciation": 3221000.0,
        "EBITDA": 77397000.0,
        "EBIT": 74176000.0,
        "Net Interest Income": 2422000.0,
        "Interest Expense": NaN,
        "Interest Income": 2422000.0,
        "Normalized Income": 76560000.0,
        "Net Income From Continuing And Discontinued Operation": 76560000.0,
        "Total Expenses": 34988000.0,
        "Total Operating Income As Reported": 74176000.0,
        "Diluted Average Shares": 86098619.0,
        "Basic Average Shares": 86021188.0,
        "Diluted EPS": 0.89,
        "Basic EPS": 0.89,
        "Diluted NI Availto Com Stockholders": 76560000.0,
        "Net Income Common Stockholders": 76560000.0,
        "Net Income": 76560000.0,
        "Net Income Including Noncontrolling Interests": 76560000.0,
        "Net Income Continuous Operations": 76560000.0,
        "Tax Provision": 0.0,
        "Pretax Income": 76560000.0,
        "Other Income Expense": -38000.0,
        "Other Non Operating Income Expenses": -38000.0,
        "Special Income Charges": NaN,
        "Other Special Charges": NaN,
        "Impairment Of Capital Assets": NaN,
        "Net Non Operating Interest Income Expense": 2422000.0,
        "Interest Expense Non Operating": NaN,
        "Interest Income Non Operating": 2422000.0,
        "Operating Income": 74176000.0,
        "Operating Expense": 34988000.0,
        "Research And Development": 26580000.0,
        "Selling General And Administration": 8408000.0,
        "General And Administrative Expense": 8408000.0,
        "Other Gand A": 8408000.0,
        "Total Revenue": 109164000.0,
        "Operating Revenue": 109164000.0
    },
    "2025-06-30": {
        "Tax Effect Of Unusual Items": 0.0,
        "Tax Rate For Calcs": 0.0,
        "Normalized EBITDA": -31463000.0,
        "Total Unusual Items": NaN,
        "Total Unusual Items Excluding Goodwill": NaN,
        "Net Income From Continuing Operation Net Minority Interest": -32541000.0,
        "Reconciled Depreciation": 3201000.0,
        "EBITDA": -31463000.0,
        "EBIT": -34664000.0,
        "Net Interest Income": 2010000.0,
        "Interest Expense": NaN,
        "Interest Income": 2010000.0,
        "Normalized Income": -32541000.0,
        "Net Income From Continuing And Discontinued Operation": -32541000.0,
        "Total Expenses": 34664000.0,
        "Total Operating Income As Reported": -34664000.0,
        "Diluted Average Shares": 86238084.0,
        "Basic Average Shares": 86238084.0,
        "Diluted EPS": -0.38,
        "Basic EPS": -0.38,
        "Diluted NI Availto Com Stockholders": -32541000.0,
        "Net Income Common Stockholders": -32541000.0,
        "Net Income": -32541000.0,
        "Net Income Including Noncontrolling Interests": -32541000.0,
        "Net Income Continuous Operations": -32541000.0,
        "Tax Provision": 0.0,
        "Pretax Income": -32541000.0,
        "Other Income Expense": 113000.0,
        "Other Non Operating Income Expenses": 113000.0,
        "Special Income Charges": NaN,
        "Other Special Charges": NaN,
        "Impairment Of Capital Assets": NaN,
        "Net Non Operating Interest Income Expense": 2010000.0,
        "Interest Expense Non Operating": NaN,
        "Interest Income Non Operating": 2010000.0,
        "Operating Income": -34664000.0,
        "Operating Expense": 34664000.0,
        "Research And Development": 26859000.0,
        "Selling General And Administration": 7805000.0,
        "General And Administrative Expense": 7805000.0,
        "Other Gand A": 7805000.0,
        "Total Revenue": 0.0,
        "Operating Revenue": 0.0
    }
}