{
    "2023-03-31": {
        "Tax Effect Of Unusual Items": NaN,
        "Tax Rate For Calcs": NaN,
        "Normalized EBITDA": NaN,
        "Net Income From Continuing Operation Net Minority Interest": NaN,
        "Reconciled Depreciation": NaN,
        "Reconciled Cost Of Revenue": NaN,
        "EBITDA": NaN,
        "EBIT": NaN,
        "Net Interest Income": NaN,
        "Interest Income": 111302.0,
        "Normalized Income": NaN,
        "Net Income From Continuing And Discontinued Operation": NaN,
        "Total Expenses": NaN,
        "Total Operating Income As Reported": NaN,
        "Diluted Average Shares": NaN,
        "Basic Average Shares": NaN,
        "Diluted EPS": NaN,
        "Basic EPS": NaN,
        "Diluted NI Availto Com Stockholders": NaN,
        "Net Income Common Stockholders": NaN,
        "Net Income": NaN,
        "Net Income Including Noncontrolling Interests": NaN,
        "Net Income Continuous Operations": NaN,
        "Pretax Income": NaN,
        "Net Non Operating Interest Income Expense": NaN,
        "Total Other Finance Cost": -111302.0,
        "Interest Income Non Operating": 111302.0,
        "Operating Income": NaN,
        "Operating Expense": NaN,
        "Research And Development": NaN,
        "Selling General And Administration": NaN,
        "Selling And Marketing Expense": NaN,
        "General And Administrative Expense": NaN,
        "Other Gand A": NaN,
        "Gross Profit": NaN,
        "Cost Of Revenue": NaN,
        "Total Revenue": NaN,
        "Operating Revenue": NaN
    },
    "2022-12-31": {
        "Tax Effect Of Unusual Items": NaN,
        "Tax Rate For Calcs": NaN,
        "Normalized EBITDA": NaN,
        "Total Unusual Items": 0.0,
        "Total Unusual Items Excluding Goodwill": 0.0,
        "Net Income From Continuing Operation Net Minority Interest": NaN,
        "Reconciled Depreciation": NaN,
        "Reconciled Cost Of Revenue": NaN,
        "EBITDA": NaN,
        "EBIT": NaN,
        "Net Interest Income": NaN,
        "Interest Income": NaN,
        "Normalized Income": NaN,
        "Net Income From Continuing And Discontinued Operation": NaN,
        "Total Expenses": NaN,
        "Total Operating Income As Reported": NaN,
        "Diluted Average Shares": NaN,
        "Basic Average Shares": NaN,
        "Diluted EPS": NaN,
        "Basic EPS": NaN,
        "Diluted NI Availto Com Stockholders": NaN,
        "Net Income Common Stockholders": NaN,
        "Net Income": NaN,
        "Net Income Including Noncontrolling Interests": NaN,
        "Net Income Continuous Operations": NaN,
        "Pretax Income": NaN,
        "Special Income Charges": 0.0,
        "Net Non Operating Interest Income Expense": NaN,
        "Total Other Finance Cost": -98366.0,
        "Interest Income Non Operating": NaN,
        "Operating Income": NaN,
        "Operating Expense": NaN,
        "Research And Development": NaN,
        "Selling General And Administration": NaN,
        "Selling And Marketing Expense": NaN,
        "General And Administrative Expense": NaN,
        "Other Gand A": NaN,
        "Gross Profit": NaN,
        "Cost Of Revenue": NaN,
        "Total Revenue": NaN,
        "Operating Revenue": NaN
    },
    "2022-09-30": {
        "Tax Effect Of Unusual Items": NaN,
        "Tax Rate For Calcs": NaN,
        "Normalized EBITDA": NaN,
        "Total Unusual Items": 0.0,
        "Total Unusual Items Excluding Goodwill": 0.0,
        "Net Income From Continuing Operation Net Minority Interest": NaN,
        "Reconciled Depreciation": NaN,
        "Reconciled Cost Of Revenue": NaN,
        "EBITDA": NaN,
        "EBIT": NaN,
        "Net Interest Income": NaN,
        "Interest Income": NaN,
        "Normalized Income": NaN,
        "Net Income From Continuing And Discontinued Operation": NaN,
        "Total Expenses": NaN,
        "Total Operating Income As Reported": NaN,
        "Diluted Average Shares": NaN,
        "Basic Average Shares": NaN,
        "Diluted EPS": NaN,
        "Basic EPS": NaN,
        "Diluted NI Availto Com Stockholders": NaN,
        "Net Income Common Stockholders": NaN,
        "Net Income": NaN,
        "Net Income Including Noncontrolling Interests": NaN,
        "Net Income Continuous Operations": NaN,
        "Pretax Income": NaN,
        "Special Income Charges": 0.0,
        "Net Non Operating Interest Income Expense": NaN,
        "Total Other Finance Cost": -52781.0,
        "Interest Income Non Operating": NaN,
        "Operating Income": NaN,
        "Operating Expense": NaN,
        "Research And Development": NaN,
        "Selling General And Administration": NaN,
        "Selling And Marketing Expense": NaN,
        "General And Administrative Expense": NaN,
        "Other Gand A": NaN,
        "Gross Profit": NaN,
        "Cost Of Revenue": NaN,
        "Total Revenue": NaN,
        "Operating Revenue": NaN
    },
    "2022-06-30": {
        "Tax Effect Of Unusual Items": 0.0,
        "Tax Rate For Calcs": 0.0,
        "Normalized EBITDA": -1651311.0,
        "Total Unusual Items": 0.0,
        "Total Unusual Items Excluding Goodwill": 0.0,
        "Net Income From Continuing Operation Net Minority Interest": -1689994.0,
        "Reconciled Depreciation": 44861.0,
        "Reconciled Cost Of Revenue": 50978.0,
        "EBITDA": -1651311.0,
        "EBIT": -1696172.0,
        "Net Interest Income": 6178.0,
        "Interest Income": NaN,
        "Normalized Income": -1689994.0,
        "Net Income From Continuing And Discontinued Operation": -1689994.0,
        "Total Expenses": 1747150.0,
        "Total Operating Income As Reported": -1696172.0,
        "Diluted Average Shares": 6157625.0,
        "Basic Average Shares": 6157625.0,
        "Diluted EPS": -0.27,
        "Basic EPS": -0.27,
        "Diluted NI Availto Com Stockholders": -1689994.0,
        "Net Income Common Stockholders": -1689994.0,
        "Net Income": -1689994.0,
        "Net Income Including Noncontrolling Interests": -1689994.0,
        "Net Income Continuous Operations": -1689994.0,
        "Pretax Income": -1689994.0,
        "Special Income Charges": 0.0,
        "Net Non Operating Interest Income Expense": 6178.0,
        "Total Other Finance Cost": -6178.0,
        "Interest Income Non Operating": NaN,
        "Operating Income": -1696172.0,
        "Operating Expense": 1696172.0,
        "Research And Development": 728383.0,
        "Selling General And Administration": 967789.0,
        "Selling And Marketing Expense": 233152.0,
        "General And Administrative Expense": 734637.0,
        "Other Gand A": 734637.0,
        "Gross Profit": 0.0,
        "Cost Of Revenue": 50978.0,
        "Total Revenue": 50978.0,
        "Operating Revenue": 50978.0
    },
    "2022-03-31": {
        "Diluted EPS": -0.31,
        "Total Revenue": 0,
        "Gross Profit": NaN,
        "Operating Income": -2,
        "EBIT": -2,
        "Net Income": -2
    },
    "2021-12-31": {
        "Diluted EPS": -0.24,
        "Total Revenue": 0,
        "Gross Profit": NaN,
        "Operating Income": -1,
        "EBIT": -1,
        "Net Income": -1
    },
    "2021-09-30": {
        "Diluted EPS": -0.2,
        "Total Revenue": 0,
        "Gross Profit": NaN,
        "Operating Income": -1,
        "EBIT": -1,
        "Net Income": -1
    },
    "2021-06-30": {
        "Diluted EPS": -0.19,
        "Total Revenue": 0,
        "Gross Profit": NaN,
        "Operating Income": -1,
        "EBIT": -1,
        "Net Income": -1
    },
    "2021-03-31": {
        "Diluted EPS": -0.17,
        "Total Revenue": 0,
        "Gross Profit": NaN,
        "Operating Income": -1,
        "EBIT": -1,
        "Net Income": -1
    },
    "2020-12-31": {
        "Diluted EPS": -0.33,
        "Total Revenue": 0,
        "Gross Profit": NaN,
        "Operating Income": -1,
        "EBIT": -1,
        "Net Income": -1
    },
    "2020-09-30": {
        "Diluted EPS": -1.28,
        "Total Revenue": 0,
        "Gross Profit": NaN,
        "Operating Income": -1,
        "EBIT": -1,
        "Net Income": -5
    },
    "2020-06-30": {
        "Diluted EPS": -0.28,
        "Total Revenue": 0,
        "Gross Profit": NaN,
        "Operating Income": -1,
        "EBIT": -1,
        "Net Income": -1
    },
    "2020-03-31": {
        "Diluted EPS": -0.31,
        "Total Revenue": NaN,
        "Gross Profit": NaN,
        "Operating Income": -1,
        "EBIT": -1,
        "Net Income": -1
    },
    "2019-12-31": {
        "Diluted EPS": -0.25,
        "Total Revenue": NaN,
        "Gross Profit": NaN,
        "Operating Income": -1,
        "EBIT": -1,
        "Net Income": -1
    },
    "2019-09-30": {
        "Diluted EPS": -0.55,
        "Total Revenue": NaN,
        "Gross Profit": NaN,
        "Operating Income": -1,
        "EBIT": -1,
        "Net Income": -1
    },
    "2019-06-30": {
        "Diluted EPS": -0.85,
        "Total Revenue": NaN,
        "Gross Profit": NaN,
        "Operating Income": -1,
        "EBIT": -1,
        "Net Income": -1
    },
    "2019-03-31": {
        "Diluted EPS": -0.73,
        "Total Revenue": NaN,
        "Gross Profit": NaN,
        "Operating Income": -1,
        "EBIT": -1,
        "Net Income": -1
    },
    "2018-12-31": {
        "Diluted EPS": -1.33,
        "Total Revenue": NaN,
        "Gross Profit": NaN,
        "Operating Income": -1,
        "EBIT": -1,
        "Net Income": -2
    },
    "2018-09-30": {
        "Diluted EPS": -1.61,
        "Total Revenue": NaN,
        "Gross Profit": NaN,
        "Operating Income": -1,
        "EBIT": -1,
        "Net Income": -2
    },
    "2018-06-30": {
        "Diluted EPS": -1.2,
        "Total Revenue": NaN,
        "Gross Profit": NaN,
        "Operating Income": -1,
        "EBIT": -1,
        "Net Income": -2
    },
    "2018-03-31": {
        "Diluted EPS": -1.5,
        "Total Revenue": NaN,
        "Gross Profit": NaN,
        "Operating Income": -1,
        "EBIT": -1,
        "Net Income": -2
    },
    "2017-12-31": {
        "Diluted EPS": -1.2,
        "Total Revenue": NaN,
        "Gross Profit": NaN,
        "Operating Income": 5,
        "EBIT": 5,
        "Net Income": -2
    },
    "2017-09-30": {
        "Diluted EPS": -1.6,
        "Total Revenue": 0,
        "Gross Profit": 0,
        "Operating Income": -2,
        "EBIT": -2,
        "Net Income": -2
    },
    "2017-06-30": {
        "Diluted EPS": -2.3,
        "Total Revenue": 0,
        "Gross Profit": -1,
        "Operating Income": -3,
        "EBIT": -3,
        "Net Income": -3
    },
    "2017-03-31": {
        "Diluted EPS": -2.8,
        "Total Revenue": 0,
        "Gross Profit": 0,
        "Operating Income": -3,
        "EBIT": -3,
        "Net Income": -3
    },
    "2016-12-31": {
        "Diluted EPS": -2.9,
        "Total Revenue": 0,
        "Gross Profit": 0,
        "Operating Income": -3,
        "EBIT": -3,
        "Net Income": -3
    },
    "2016-09-30": {
        "Diluted EPS": -3.1,
        "Total Revenue": 0,
        "Gross Profit": 0,
        "Operating Income": -3,
        "EBIT": -3,
        "Net Income": -3
    },
    "2016-06-30": {
        "Diluted EPS": -2.6,
        "Total Revenue": 0,
        "Gross Profit": 0,
        "Operating Income": -2,
        "EBIT": -2,
        "Net Income": -2
    },
    "2016-03-31": {
        "Diluted EPS": -2.9,
        "Total Revenue": 0,
        "Gross Profit": 0,
        "Operating Income": -3,
        "EBIT": -3,
        "Net Income": -3
    },
    "2015-12-31": {
        "Diluted EPS": -3.28,
        "Total Revenue": 1,
        "Gross Profit": 0,
        "Operating Income": -3,
        "EBIT": -3,
        "Net Income": -3
    },
    "2015-09-30": {
        "Diluted EPS": -3.12,
        "Total Revenue": 1,
        "Gross Profit": 0,
        "Operating Income": -3,
        "EBIT": -3,
        "Net Income": -3
    },
    "2015-06-30": {
        "Diluted EPS": -2.8,
        "Total Revenue": 1,
        "Gross Profit": 0,
        "Operating Income": -2,
        "EBIT": -2,
        "Net Income": -2
    },
    "2015-03-31": {
        "Diluted EPS": -3.1,
        "Total Revenue": 1,
        "Gross Profit": 0,
        "Operating Income": -2,
        "EBIT": -2,
        "Net Income": -2
    },
    "2014-12-31": {
        "Diluted EPS": -2.9,
        "Total Revenue": 1,
        "Gross Profit": 0,
        "Operating Income": -2,
        "EBIT": -2,
        "Net Income": -2
    },
    "2014-09-30": {
        "Diluted EPS": -2.6,
        "Total Revenue": 0,
        "Gross Profit": 0,
        "Operating Income": -2,
        "EBIT": -2,
        "Net Income": -2
    },
    "2014-06-30": {
        "Diluted EPS": -2.3,
        "Total Revenue": 1,
        "Gross Profit": 0,
        "Operating Income": -2,
        "EBIT": -2,
        "Net Income": -2
    },
    "2014-03-31": {
        "Diluted EPS": -2.0,
        "Total Revenue": 0,
        "Gross Profit": 0,
        "Operating Income": -1,
        "EBIT": -1,
        "Net Income": -1
    },
    "2013-12-31": {
        "Diluted EPS": -8.7,
        "Total Revenue": 0,
        "Gross Profit": 0,
        "Operating Income": -2,
        "EBIT": 0,
        "Net Income": -4
    },
    "2013-09-30": {
        "Diluted EPS": -14.6,
        "Total Revenue": 1,
        "Gross Profit": 0,
        "Operating Income": -1,
        "EBIT": 0,
        "Net Income": -2
    },
    "2013-06-30": {
        "Diluted EPS": -13.4,
        "Total Revenue": 1,
        "Gross Profit": 0,
        "Operating Income": -1,
        "EBIT": 0,
        "Net Income": -2
    },
    "2013-03-31": {
        "Diluted EPS": -12.3,
        "Total Revenue": 0,
        "Gross Profit": 0,
        "Operating Income": -1,
        "EBIT": 0,
        "Net Income": -2
    },
    "2012-12-31": {
        "Diluted EPS": 0.0,
        "Total Revenue": NaN,
        "Gross Profit": NaN,
        "Operating Income": NaN,
        "EBIT": NaN,
        "Net Income": NaN
    },
    "2012-09-30": {
        "Diluted EPS": 0.0,
        "Total Revenue": NaN,
        "Gross Profit": NaN,
        "Operating Income": NaN,
        "EBIT": NaN,
        "Net Income": NaN
    },
    "2011-12-31": {
        "Diluted EPS": 0.0,
        "Total Revenue": NaN,
        "Gross Profit": NaN,
        "Operating Income": NaN,
        "EBIT": NaN,
        "Net Income": NaN
    },
    "2023-06-30": {
        "Tax Effect Of Unusual Items": 0.0,
        "Tax Rate For Calcs": 0.0,
        "Normalized EBITDA": -2304514.0,
        "Net Income From Continuing Operation Net Minority Interest": -2279806.0,
        "Reconciled Depreciation": 83637.0,
        "Reconciled Cost Of Revenue": 110737.0,
        "EBITDA": -2304514.0,
        "EBIT": -2388151.0,
        "Net Interest Income": 108345.0,
        "Interest Income": 108345.0,
        "Normalized Income": -2279806.0,
        "Net Income From Continuing And Discontinued Operation": -2279806.0,
        "Total Expenses": 2523318.0,
        "Total Operating Income As Reported": -2388151.0,
        "Diluted Average Shares": 6185397.0,
        "Basic Average Shares": 6185397.0,
        "Diluted EPS": -0.37,
        "Basic EPS": -0.37,
        "Diluted NI Availto Com Stockholders": -2279806.0,
        "Net Income Common Stockholders": -2279806.0,
        "Net Income": -2279806.0,
        "Net Income Including Noncontrolling Interests": -2279806.0,
        "Net Income Continuous Operations": -2279806.0,
        "Pretax Income": -2279806.0,
        "Net Non Operating Interest Income Expense": 108345.0,
        "Total Other Finance Cost": NaN,
        "Interest Income Non Operating": 108345.0,
        "Operating Income": -2388151.0,
        "Operating Expense": 2412581.0,
        "Research And Development": 1206688.0,
        "Selling General And Administration": 1205893.0,
        "Selling And Marketing Expense": 271900.0,
        "General And Administrative Expense": 933993.0,
        "Other Gand A": 933993.0,
        "Gross Profit": 24430.0,
        "Cost Of Revenue": 110737.0,
        "Total Revenue": 135167.0,
        "Operating Revenue": 135167.0
    },
    "2023-09-30": {
        "Tax Effect Of Unusual Items": NaN,
        "Tax Rate For Calcs": NaN,
        "Normalized EBITDA": NaN,
        "Net Income From Continuing Operation Net Minority Interest": NaN,
        "Reconciled Depreciation": NaN,
        "Reconciled Cost Of Revenue": NaN,
        "EBITDA": NaN,
        "EBIT": NaN,
        "Net Interest Income": NaN,
        "Interest Income": NaN,
        "Normalized Income": NaN,
        "Net Income From Continuing And Discontinued Operation": NaN,
        "Total Expenses": NaN,
        "Total Operating Income As Reported": NaN,
        "Diluted Average Shares": NaN,
        "Basic Average Shares": NaN,
        "Diluted EPS": NaN,
        "Basic EPS": NaN,
        "Diluted NI Availto Com Stockholders": NaN,
        "Net Income Common Stockholders": NaN,
        "Net Income": NaN,
        "Net Income Including Noncontrolling Interests": NaN,
        "Net Income Continuous Operations": NaN,
        "Pretax Income": NaN,
        "Net Non Operating Interest Income Expense": NaN,
        "Total Other Finance Cost": -99275.0,
        "Interest Income Non Operating": NaN,
        "Operating Income": NaN,
        "Operating Expense": NaN,
        "Other Operating Expenses": -1557.0,
        "Research And Development": NaN,
        "Selling General And Administration": NaN,
        "Selling And Marketing Expense": NaN,
        "General And Administrative Expense": NaN,
        "Other Gand A": NaN,
        "Gross Profit": NaN,
        "Cost Of Revenue": NaN,
        "Total Revenue": NaN,
        "Operating Revenue": NaN
    },
    "2024-03-31": {
        "Tax Effect Of Unusual Items": NaN,
        "Tax Rate For Calcs": NaN,
        "Normalized EBITDA": NaN,
        "Net Income From Continuing Operation Net Minority Interest": NaN,
        "Reconciled Depreciation": NaN,
        "Reconciled Cost Of Revenue": NaN,
        "EBITDA": NaN,
        "EBIT": NaN,
        "Net Interest Income": NaN,
        "Interest Income": 57325.0,
        "Normalized Income": NaN,
        "Net Income From Continuing And Discontinued Operation": NaN,
        "Total Expenses": NaN,
        "Total Operating Income As Reported": NaN,
        "Diluted Average Shares": NaN,
        "Basic Average Shares": NaN,
        "Diluted EPS": NaN,
        "Basic EPS": NaN,
        "Diluted NI Availto Com Stockholders": NaN,
        "Net Income Common Stockholders": NaN,
        "Net Income": NaN,
        "Net Income Including Noncontrolling Interests": NaN,
        "Net Income Continuous Operations": NaN,
        "Pretax Income": NaN,
        "Net Non Operating Interest Income Expense": NaN,
        "Total Other Finance Cost": NaN,
        "Interest Income Non Operating": 57325.0,
        "Operating Income": NaN,
        "Operating Expense": NaN,
        "Other Operating Expenses": -78739.0,
        "Research And Development": NaN,
        "Selling General And Administration": NaN,
        "Selling And Marketing Expense": NaN,
        "General And Administrative Expense": NaN,
        "Other Gand A": NaN,
        "Gross Profit": NaN,
        "Cost Of Revenue": NaN,
        "Total Revenue": NaN,
        "Operating Revenue": NaN
    },
    "2024-06-30": {
        "Tax Effect Of Unusual Items": 0.0,
        "Tax Rate For Calcs": 0.0,
        "Normalized EBITDA": -2784472.0,
        "Net Income From Continuing Operation Net Minority Interest": -2662065.0,
        "Reconciled Depreciation": 101541.0,
        "Reconciled Cost Of Revenue": 17474.0,
        "EBITDA": -2784472.0,
        "EBIT": -2886013.0,
        "Net Interest Income": 223948.0,
        "Interest Income": 223948.0,
        "Normalized Income": -2662065.0,
        "Net Income From Continuing And Discontinued Operation": -2662065.0,
        "Total Expenses": 2887344.0,
        "Total Operating Income As Reported": -2886013.0,
        "Diluted Average Shares": 8514581.0,
        "Basic Average Shares": 8514581.0,
        "Diluted EPS": -0.31,
        "Basic EPS": -0.31,
        "Diluted NI Availto Com Stockholders": -2662065.0,
        "Net Income Common Stockholders": -2662065.0,
        "Net Income": -2662065.0,
        "Net Income Including Noncontrolling Interests": -2662065.0,
        "Net Income Continuous Operations": -2662065.0,
        "Pretax Income": -2662065.0,
        "Net Non Operating Interest Income Expense": 223948.0,
        "Total Other Finance Cost": NaN,
        "Interest Income Non Operating": 223948.0,
        "Operating Income": -2886013.0,
        "Operating Expense": 2869870.0,
        "Other Operating Expenses": -1331.0,
        "Research And Development": 1562747.0,
        "Selling General And Administration": 1307123.0,
        "Selling And Marketing Expense": 359739.0,
        "General And Administrative Expense": 947384.0,
        "Other Gand A": 947384.0,
        "Gross Profit": -16143.0,
        "Cost Of Revenue": 17474.0,
        "Total Revenue": 0.0,
        "Operating Revenue": 1331.0
    },
    "2024-09-30": {
        "Tax Effect Of Unusual Items": 0.0,
        "Tax Rate For Calcs": 0.0,
        "Normalized EBITDA": -2899631.0,
        "Net Income From Continuing Operation Net Minority Interest": -2690348.0,
        "Reconciled Depreciation": -143808.0,
        "Reconciled Cost Of Revenue": 1511.0,
        "EBITDA": -2899631.0,
        "EBIT": -2899631.0,
        "Net Interest Income": 209283.0,
        "Interest Income": NaN,
        "Normalized Income": -2690348.0,
        "Net Income From Continuing And Discontinued Operation": -2690348.0,
        "Total Expenses": 2900185.0,
        "Total Operating Income As Reported": -2899631.0,
        "Diluted Average Shares": 8767251.0,
        "Basic Average Shares": 8767251.0,
        "Diluted EPS": -0.31,
        "Basic EPS": -0.31,
        "Diluted NI Availto Com Stockholders": -2690348.0,
        "Net Income Common Stockholders": -2690348.0,
        "Net Income": -2690348.0,
        "Net Income Including Noncontrolling Interests": -2690348.0,
        "Net Income Continuous Operations": -2690348.0,
        "Pretax Income": -2690348.0,
        "Net Non Operating Interest Income Expense": 209283.0,
        "Total Other Finance Cost": -209283.0,
        "Interest Income Non Operating": NaN,
        "Operating Income": -2899631.0,
        "Operating Expense": 2898674.0,
        "Other Operating Expenses": -554.0,
        "Research And Development": 1684063.0,
        "Selling General And Administration": 1214611.0,
        "Selling And Marketing Expense": 320642.0,
        "General And Administrative Expense": 893969.0,
        "Other Gand A": 893969.0,
        "Gross Profit": -1511.0,
        "Cost Of Revenue": 1511.0,
        "Total Revenue": 554.0,
        "Operating Revenue": 554.0
    },
    "2024-12-31": {
        "Tax Effect Of Unusual Items": 0.0,
        "Tax Rate For Calcs": 0.0,
        "Normalized EBITDA": -2397070.0,
        "Net Income From Continuing Operation Net Minority Interest": -2595774.0,
        "Reconciled Depreciation": 361510.0,
        "Reconciled Cost Of Revenue": 5926.0,
        "EBITDA": -2397070.0,
        "EBIT": -2758580.0,
        "Net Interest Income": 162806.0,
        "Interest Income": NaN,
        "Normalized Income": -2595774.0,
        "Net Income From Continuing And Discontinued Operation": -2595774.0,
        "Total Expenses": 2763988.0,
        "Total Operating Income As Reported": -2758580.0,
        "Diluted Average Shares": 9043901.0,
        "Basic Average Shares": 9043901.0,
        "Diluted EPS": -0.29,
        "Basic EPS": -0.29,
        "Diluted NI Availto Com Stockholders": -2595774.0,
        "Net Income Common Stockholders": -2595774.0,
        "Net Income": -2595774.0,
        "Net Income Including Noncontrolling Interests": -2595774.0,
        "Net Income Continuous Operations": -2595774.0,
        "Pretax Income": -2595774.0,
        "Net Non Operating Interest Income Expense": 162806.0,
        "Total Other Finance Cost": NaN,
        "Interest Income Non Operating": NaN,
        "Operating Income": -2758580.0,
        "Operating Expense": 2758062.0,
        "Other Operating Expenses": NaN,
        "Research And Development": 1593515.0,
        "Selling General And Administration": 1164547.0,
        "Selling And Marketing Expense": 251052.0,
        "General And Administrative Expense": 913495.0,
        "Other Gand A": 913495.0,
        "Gross Profit": -518.0,
        "Cost Of Revenue": 5926.0,
        "Total Revenue": 5408.0,
        "Operating Revenue": 86032.0
    },
    "2023-12-31": {
        "Tax Effect Of Unusual Items": 0.0,
        "Tax Rate For Calcs": 0.0,
        "Normalized EBITDA": -2344898.0,
        "Net Income From Continuing Operation Net Minority Interest": -2405748.0,
        "Reconciled Depreciation": 139996.0,
        "Reconciled Cost Of Revenue": 9037.0,
        "EBITDA": -2344898.0,
        "EBIT": -2484894.0,
        "Net Interest Income": 79146.0,
        "Interest Income": NaN,
        "Normalized Income": -2405748.0,
        "Net Income From Continuing And Discontinued Operation": -2405748.0,
        "Total Expenses": 2508989.0,
        "Total Operating Income As Reported": -2484894.0,
        "Diluted Average Shares": NaN,
        "Basic Average Shares": NaN,
        "Diluted EPS": NaN,
        "Basic EPS": NaN,
        "Diluted NI Availto Com Stockholders": -2405748.0,
        "Net Income Common Stockholders": -2405748.0,
        "Net Income": -2405748.0,
        "Net Income Including Noncontrolling Interests": -2405748.0,
        "Net Income Continuous Operations": -2405748.0,
        "Pretax Income": -2405748.0,
        "Net Non Operating Interest Income Expense": 79146.0,
        "Total Other Finance Cost": NaN,
        "Interest Income Non Operating": NaN,
        "Operating Income": -2484894.0,
        "Operating Expense": 2499952.0,
        "Other Operating Expenses": NaN,
        "Research And Development": 1405957.0,
        "Selling General And Administration": 1093995.0,
        "Selling And Marketing Expense": 243563.0,
        "General And Administrative Expense": 850432.0,
        "Other Gand A": 850432.0,
        "Gross Profit": 15058.0,
        "Cost Of Revenue": 9037.0,
        "Total Revenue": 24095.0,
        "Operating Revenue": 24095.0
    },
    "2025-03-31": {
        "Tax Effect Of Unusual Items": 0.0,
        "Tax Rate For Calcs": 0.0,
        "Normalized EBITDA": -2713480.0,
        "Net Income From Continuing Operation Net Minority Interest": -2703024.0,
        "Reconciled Depreciation": 111352.0,
        "Reconciled Cost Of Revenue": 30862.0,
        "EBITDA": -2713480.0,
        "EBIT": -2824832.0,
        "Net Interest Income": 121808.0,
        "Interest Income": 121808.0,
        "Normalized Income": -2703024.0,
        "Net Income From Continuing And Discontinued Operation": -2703024.0,
        "Total Expenses": 2836835.0,
        "Total Operating Income As Reported": -2824832.0,
        "Diluted Average Shares": 9101851.0,
        "Basic Average Shares": 9101851.0,
        "Diluted EPS": -0.3,
        "Basic EPS": -0.3,
        "Diluted NI Availto Com Stockholders": -2703024.0,
        "Net Income Common Stockholders": -2703024.0,
        "Net Income": -2703024.0,
        "Net Income Including Noncontrolling Interests": -2703024.0,
        "Net Income Continuous Operations": -2703024.0,
        "Pretax Income": -2703024.0,
        "Net Non Operating Interest Income Expense": 121808.0,
        "Total Other Finance Cost": NaN,
        "Interest Income Non Operating": 121808.0,
        "Operating Income": -2824832.0,
        "Operating Expense": 2805973.0,
        "Other Operating Expenses": NaN,
        "Research And Development": 1567992.0,
        "Selling General And Administration": 1237981.0,
        "Selling And Marketing Expense": 338160.0,
        "General And Administrative Expense": 899821.0,
        "Other Gand A": 899821.0,
        "Gross Profit": -18859.0,
        "Cost Of Revenue": 30862.0,
        "Total Revenue": 12003.0,
        "Operating Revenue": 12003.0
    },
    "2025-06-30": {
        "Tax Effect Of Unusual Items": 0.0,
        "Tax Rate For Calcs": 0.0,
        "Normalized EBITDA": -3027566.0,
        "Net Income From Continuing Operation Net Minority Interest": -3036765.0,
        "Reconciled Depreciation": 112927.0,
        "Reconciled Cost Of Revenue": 3477.0,
        "EBITDA": -3027566.0,
        "EBIT": -3140493.0,
        "Net Interest Income": 103728.0,
        "Interest Income": 103728.0,
        "Normalized Income": -3036765.0,
        "Net Income From Continuing And Discontinued Operation": -3036765.0,
        "Total Expenses": 3141768.0,
        "Total Operating Income As Reported": -3140493.0,
        "Diluted Average Shares": 9116519.0,
        "Basic Average Shares": 9116519.0,
        "Diluted EPS": -0.33,
        "Basic EPS": -0.33,
        "Diluted NI Availto Com Stockholders": -3036765.0,
        "Net Income Common Stockholders": -3036765.0,
        "Net Income": -3036765.0,
        "Net Income Including Noncontrolling Interests": -3036765.0,
        "Net Income Continuous Operations": -3036765.0,
        "Pretax Income": -3036765.0,
        "Net Non Operating Interest Income Expense": 103728.0,
        "Total Other Finance Cost": NaN,
        "Interest Income Non Operating": 103728.0,
        "Operating Income": -3140493.0,
        "Operating Expense": 3138291.0,
        "Other Operating Expenses": NaN,
        "Research And Development": 1900019.0,
        "Selling General And Administration": 1238272.0,
        "Selling And Marketing Expense": 341033.0,
        "General And Administrative Expense": 897239.0,
        "Other Gand A": 897239.0,
        "Gross Profit": -2202.0,
        "Cost Of Revenue": 3477.0,
        "Total Revenue": 1275.0,
        "Operating Revenue": 1275.0
    }
}