{
    "2023-03-31": {
        "Tax Effect Of Unusual Items": NaN,
        "Tax Rate For Calcs": NaN,
        "Normalized EBITDA": NaN,
        "Total Unusual Items": NaN,
        "Total Unusual Items Excluding Goodwill": NaN,
        "Net Income From Continuing Operation Net Minority Interest": NaN,
        "Reconciled Cost Of Revenue": NaN,
        "EBITDA": NaN,
        "EBIT": NaN,
        "Net Interest Income": NaN,
        "Interest Expense": NaN,
        "Interest Income": NaN,
        "Normalized Income": NaN,
        "Net Income From Continuing And Discontinued Operation": NaN,
        "Total Expenses": NaN,
        "Total Operating Income As Reported": NaN,
        "Diluted Average Shares": 964995013.0,
        "Basic Average Shares": 938522670.0,
        "Diluted EPS": 0.63,
        "Basic EPS": 0.63,
        "Diluted NI Availto Com Stockholders": NaN,
        "Net Income Common Stockholders": NaN,
        "Net Income": NaN,
        "Minority Interests": NaN,
        "Net Income Including Noncontrolling Interests": NaN,
        "Net Income Continuous Operations": NaN,
        "Tax Provision": NaN,
        "Pretax Income": NaN,
        "Other Income Expense": NaN,
        "Other Non Operating Income Expenses": NaN,
        "Earnings From Equity Interest": NaN,
        "Gain On Sale Of Security": NaN,
        "Net Non Operating Interest Income Expense": NaN,
        "Interest Expense Non Operating": NaN,
        "Interest Income Non Operating": NaN,
        "Operating Income": NaN,
        "Operating Expense": NaN,
        "Research And Development": NaN,
        "Selling General And Administration": NaN,
        "Gross Profit": NaN,
        "Cost Of Revenue": NaN,
        "Total Revenue": NaN,
        "Operating Revenue": NaN
    },
    "2022-12-31": {
        "Tax Effect Of Unusual Items": NaN,
        "Tax Rate For Calcs": NaN,
        "Normalized EBITDA": NaN,
        "Total Unusual Items": NaN,
        "Total Unusual Items Excluding Goodwill": NaN,
        "Net Income From Continuing Operation Net Minority Interest": NaN,
        "Reconciled Depreciation": 3396051000.0,
        "Reconciled Cost Of Revenue": NaN,
        "EBITDA": NaN,
        "EBIT": NaN,
        "Net Interest Income": NaN,
        "Interest Expense": NaN,
        "Interest Income": NaN,
        "Normalized Income": NaN,
        "Net Income From Continuing And Discontinued Operation": NaN,
        "Total Expenses": NaN,
        "Total Operating Income As Reported": NaN,
        "Diluted Average Shares": NaN,
        "Basic Average Shares": NaN,
        "Diluted EPS": NaN,
        "Basic EPS": NaN,
        "Diluted NI Availto Com Stockholders": NaN,
        "Net Income Common Stockholders": NaN,
        "Otherunder Preferred Stock Dividend": 0.0,
        "Net Income": NaN,
        "Minority Interests": NaN,
        "Net Income Including Noncontrolling Interests": NaN,
        "Net Income Continuous Operations": NaN,
        "Tax Provision": NaN,
        "Pretax Income": NaN,
        "Other Income Expense": NaN,
        "Other Non Operating Income Expenses": NaN,
        "Earnings From Equity Interest": NaN,
        "Gain On Sale Of Security": NaN,
        "Net Non Operating Interest Income Expense": NaN,
        "Interest Expense Non Operating": NaN,
        "Interest Income Non Operating": NaN,
        "Operating Income": NaN,
        "Operating Expense": NaN,
        "Research And Development": NaN,
        "Selling General And Administration": NaN,
        "Gross Profit": NaN,
        "Cost Of Revenue": NaN,
        "Total Revenue": NaN,
        "Operating Revenue": NaN
    },
    "2022-09-30": {
        "Tax Effect Of Unusual Items": NaN,
        "Tax Rate For Calcs": NaN,
        "Normalized EBITDA": NaN,
        "Total Unusual Items": NaN,
        "Total Unusual Items Excluding Goodwill": NaN,
        "Net Income From Continuing Operation Net Minority Interest": NaN,
        "Reconciled Depreciation": NaN,
        "Reconciled Cost Of Revenue": NaN,
        "EBITDA": NaN,
        "EBIT": NaN,
        "Net Interest Income": NaN,
        "Interest Expense": NaN,
        "Interest Income": NaN,
        "Normalized Income": NaN,
        "Net Income From Continuing And Discontinued Operation": NaN,
        "Total Expenses": NaN,
        "Total Operating Income As Reported": NaN,
        "Diluted Average Shares": NaN,
        "Basic Average Shares": NaN,
        "Diluted EPS": NaN,
        "Basic EPS": NaN,
        "Diluted NI Availto Com Stockholders": NaN,
        "Net Income Common Stockholders": NaN,
        "Otherunder Preferred Stock Dividend": 0.0,
        "Net Income": NaN,
        "Minority Interests": NaN,
        "Net Income Including Noncontrolling Interests": NaN,
        "Net Income Continuous Operations": NaN,
        "Tax Provision": NaN,
        "Pretax Income": NaN,
        "Other Income Expense": NaN,
        "Other Non Operating Income Expenses": NaN,
        "Earnings From Equity Interest": NaN,
        "Gain On Sale Of Security": NaN,
        "Net Non Operating Interest Income Expense": NaN,
        "Interest Expense Non Operating": NaN,
        "Interest Income Non Operating": NaN,
        "Operating Income": NaN,
        "Operating Expense": NaN,
        "Research And Development": NaN,
        "Selling General And Administration": NaN,
        "Gross Profit": NaN,
        "Cost Of Revenue": NaN,
        "Total Revenue": NaN,
        "Operating Revenue": NaN
    },
    "2022-06-30": {
        "Tax Effect Of Unusual Items": -39240400.0,
        "Tax Rate For Calcs": 0.4,
        "Normalized EBITDA": 114810000.0,
        "Total Unusual Items": -98101000.0,
        "Total Unusual Items Excluding Goodwill": -98101000.0,
        "Net Income From Continuing Operation Net Minority Interest": -213995000.0,
        "Reconciled Depreciation": NaN,
        "Reconciled Cost Of Revenue": 5247959000.0,
        "EBITDA": 16709000.0,
        "EBIT": 16709000.0,
        "Net Interest Income": -166200000.0,
        "Interest Expense": 181907000.0,
        "Interest Income": 15707000.0,
        "Normalized Income": -155134400.0,
        "Net Income From Continuing And Discontinued Operation": -213995000.0,
        "Total Expenses": 6530762000.0,
        "Total Operating Income As Reported": 125787000.0,
        "Diluted Average Shares": 867802374.0,
        "Basic Average Shares": 867802374.0,
        "Diluted EPS": -0.28,
        "Basic EPS": -0.28,
        "Diluted NI Availto Com Stockholders": -213995000.0,
        "Net Income Common Stockholders": -213995000.0,
        "Otherunder Preferred Stock Dividend": 0.0,
        "Net Income": -213995000.0,
        "Minority Interests": -12593000.0,
        "Net Income Including Noncontrolling Interests": -201402000.0,
        "Net Income Continuous Operations": -201402000.0,
        "Tax Provision": 36204000.0,
        "Pretax Income": -165198000.0,
        "Other Income Expense": -124785000.0,
        "Other Non Operating Income Expenses": 67006000.0,
        "Earnings From Equity Interest": -93690000.0,
        "Gain On Sale Of Security": -98101000.0,
        "Net Non Operating Interest Income Expense": -166200000.0,
        "Interest Expense Non Operating": 181907000.0,
        "Interest Income Non Operating": 15707000.0,
        "Operating Income": 125787000.0,
        "Operating Expense": 1282803000.0,
        "Research And Development": 482201000.0,
        "Selling General And Administration": 800602000.0,
        "Gross Profit": 1408590000.0,
        "Cost Of Revenue": 5247959000.0,
        "Total Revenue": 6656549000.0,
        "Operating Revenue": 5958141000.0
    },
    "2023-06-30": {
        "Tax Effect Of Unusual Items": NaN,
        "Tax Rate For Calcs": NaN,
        "Normalized EBITDA": NaN,
        "Total Unusual Items": NaN,
        "Total Unusual Items Excluding Goodwill": NaN,
        "Net Income From Continuing Operation Net Minority Interest": NaN,
        "Reconciled Depreciation": NaN,
        "Reconciled Cost Of Revenue": NaN,
        "EBITDA": NaN,
        "EBIT": NaN,
        "Net Interest Income": NaN,
        "Interest Expense": NaN,
        "Interest Income": NaN,
        "Normalized Income": NaN,
        "Net Income From Continuing And Discontinued Operation": NaN,
        "Total Expenses": NaN,
        "Total Operating Income As Reported": NaN,
        "Diluted Average Shares": 978855223.0,
        "Basic Average Shares": 957792299.0,
        "Diluted EPS": 0.35,
        "Basic EPS": 0.35,
        "Diluted NI Availto Com Stockholders": NaN,
        "Net Income Common Stockholders": NaN,
        "Net Income": NaN,
        "Minority Interests": NaN,
        "Net Income Including Noncontrolling Interests": NaN,
        "Net Income Continuous Operations": NaN,
        "Tax Provision": NaN,
        "Pretax Income": NaN,
        "Other Income Expense": NaN,
        "Other Non Operating Income Expenses": NaN,
        "Earnings From Equity Interest": NaN,
        "Gain On Sale Of Security": NaN,
        "Net Non Operating Interest Income Expense": NaN,
        "Interest Expense Non Operating": NaN,
        "Interest Income Non Operating": NaN,
        "Operating Income": NaN,
        "Operating Expense": NaN,
        "Research And Development": NaN,
        "Selling General And Administration": NaN,
        "Gross Profit": NaN,
        "Cost Of Revenue": NaN,
        "Total Revenue": NaN,
        "Operating Revenue": NaN
    },
    "2023-09-30": {
        "Tax Effect Of Unusual Items": NaN,
        "Tax Rate For Calcs": NaN,
        "Normalized EBITDA": NaN,
        "Total Unusual Items": NaN,
        "Total Unusual Items Excluding Goodwill": NaN,
        "Net Income From Continuing Operation Net Minority Interest": NaN,
        "Reconciled Depreciation": NaN,
        "Reconciled Cost Of Revenue": NaN,
        "EBITDA": NaN,
        "EBIT": NaN,
        "Net Interest Income": NaN,
        "Interest Expense": NaN,
        "Interest Income": NaN,
        "Normalized Income": NaN,
        "Net Income From Continuing And Discontinued Operation": NaN,
        "Total Expenses": NaN,
        "Total Operating Income As Reported": NaN,
        "Diluted Average Shares": 978691299.0,
        "Basic Average Shares": 958857545.0,
        "Diluted EPS": 0.49,
        "Basic EPS": 0.49,
        "Diluted NI Availto Com Stockholders": NaN,
        "Net Income Common Stockholders": NaN,
        "Net Income": NaN,
        "Minority Interests": NaN,
        "Net Income Including Noncontrolling Interests": NaN,
        "Net Income Continuous Operations": NaN,
        "Tax Provision": NaN,
        "Pretax Income": NaN,
        "Other Income Expense": NaN,
        "Other Non Operating Income Expenses": NaN,
        "Earnings From Equity Interest": NaN,
        "Gain On Sale Of Security": NaN,
        "Net Non Operating Interest Income Expense": NaN,
        "Interest Expense Non Operating": NaN,
        "Interest Income Non Operating": NaN,
        "Operating Income": NaN,
        "Operating Expense": NaN,
        "Research And Development": NaN,
        "Selling General And Administration": NaN,
        "Gross Profit": NaN,
        "Cost Of Revenue": NaN,
        "Total Revenue": NaN,
        "Operating Revenue": NaN
    },
    "2023-12-31": {
        "Tax Effect Of Unusual Items": NaN,
        "Tax Rate For Calcs": NaN,
        "Normalized EBITDA": NaN,
        "Total Unusual Items": NaN,
        "Total Unusual Items Excluding Goodwill": NaN,
        "Net Income From Continuing Operation Net Minority Interest": NaN,
        "Reconciled Depreciation": 3334124000.0,
        "Reconciled Cost Of Revenue": NaN,
        "EBITDA": NaN,
        "EBIT": NaN,
        "Net Interest Income": NaN,
        "Interest Expense": NaN,
        "Interest Income": NaN,
        "Normalized Income": NaN,
        "Net Income From Continuing And Discontinued Operation": NaN,
        "Total Expenses": NaN,
        "Total Operating Income As Reported": NaN,
        "Diluted Average Shares": NaN,
        "Basic Average Shares": NaN,
        "Diluted EPS": NaN,
        "Basic EPS": NaN,
        "Diluted NI Availto Com Stockholders": NaN,
        "Net Income Common Stockholders": NaN,
        "Net Income": NaN,
        "Minority Interests": NaN,
        "Net Income Including Noncontrolling Interests": NaN,
        "Net Income Continuous Operations": NaN,
        "Tax Provision": NaN,
        "Pretax Income": NaN,
        "Other Income Expense": NaN,
        "Other Non Operating Income Expenses": NaN,
        "Earnings From Equity Interest": NaN,
        "Gain On Sale Of Security": NaN,
        "Net Non Operating Interest Income Expense": NaN,
        "Interest Expense Non Operating": NaN,
        "Interest Income Non Operating": NaN,
        "Operating Income": NaN,
        "Operating Expense": NaN,
        "Research And Development": NaN,
        "Selling General And Administration": NaN,
        "Gross Profit": NaN,
        "Cost Of Revenue": NaN,
        "Total Revenue": NaN,
        "Operating Revenue": NaN
    },
    "2024-03-31": {
        "Tax Effect Of Unusual Items": -814001.046144,
        "Tax Rate For Calcs": 0.0258,
        "Normalized EBITDA": 997148000.0,
        "Total Unusual Items": -31551000.0,
        "Total Unusual Items Excluding Goodwill": -31551000.0,
        "Net Income From Continuing Operation Net Minority Interest": 655317000.0,
        "Reconciled Depreciation": NaN,
        "Reconciled Cost Of Revenue": 5631239000.0,
        "EBITDA": 965597000.0,
        "EBIT": 965597000.0,
        "Net Interest Income": -223395000.0,
        "Interest Expense": 282135000.0,
        "Interest Income": 58740000.0,
        "Normalized Income": 686053998.953856,
        "Net Income From Continuing And Discontinued Operation": 655317000.0,
        "Total Expenses": 6982602000.0,
        "Total Operating Income As Reported": 944753000.0,
        "Diluted Average Shares": 969724732.0,
        "Basic Average Shares": 959664703.0,
        "Diluted EPS": 0.7,
        "Basic EPS": 0.7,
        "Diluted NI Availto Com Stockholders": 655317000.0,
        "Net Income Common Stockholders": 655317000.0,
        "Net Income": 655317000.0,
        "Minority Interests": -10512000.0,
        "Net Income Including Noncontrolling Interests": 665829000.0,
        "Net Income Continuous Operations": 665829000.0,
        "Tax Provision": 17633000.0,
        "Pretax Income": 683462000.0,
        "Other Income Expense": -37896000.0,
        "Other Non Operating Income Expenses": -19859000.0,
        "Earnings From Equity Interest": 13514000.0,
        "Gain On Sale Of Security": -31551000.0,
        "Net Non Operating Interest Income Expense": -223395000.0,
        "Interest Expense Non Operating": 282135000.0,
        "Interest Income Non Operating": 58740000.0,
        "Operating Income": 944753000.0,
        "Operating Expense": 1351363000.0,
        "Research And Development": 429328000.0,
        "Selling General And Administration": 922035000.0,
        "Gross Profit": 2296116000.0,
        "Cost Of Revenue": 5631239000.0,
        "Total Revenue": 7927355000.0,
        "Operating Revenue": 7208922000.0
    },
    "2024-06-30": {
        "Tax Effect Of Unusual Items": -12999512.655302,
        "Tax Rate For Calcs": 0.253214,
        "Normalized EBITDA": 441157000.0,
        "Total Unusual Items": -51338000.0,
        "Total Unusual Items Excluding Goodwill": -51338000.0,
        "Net Income From Continuing Operation Net Minority Interest": 68685000.0,
        "Reconciled Depreciation": NaN,
        "Reconciled Cost Of Revenue": 5678342000.0,
        "EBITDA": 389819000.0,
        "EBIT": 389819000.0,
        "Net Interest Income": -219474000.0,
        "Interest Expense": 288162000.0,
        "Interest Income": 68688000.0,
        "Normalized Income": 107023487.344698,
        "Net Income From Continuing And Discontinued Operation": 68685000.0,
        "Total Expenses": 7096692000.0,
        "Total Operating Income As Reported": 342093000.0,
        "Diluted Average Shares": 979702207.0,
        "Basic Average Shares": 960854071.0,
        "Diluted EPS": 0.07,
        "Basic EPS": 0.07,
        "Diluted NI Availto Com Stockholders": 68685000.0,
        "Net Income Common Stockholders": 68685000.0,
        "Net Income": 68685000.0,
        "Minority Interests": -7231000.0,
        "Net Income Including Noncontrolling Interests": 75916000.0,
        "Net Income Continuous Operations": 75916000.0,
        "Tax Provision": 25741000.0,
        "Pretax Income": 101657000.0,
        "Other Income Expense": -20962000.0,
        "Other Non Operating Income Expenses": 32476000.0,
        "Earnings From Equity Interest": -2100000.0,
        "Gain On Sale Of Security": -51338000.0,
        "Net Non Operating Interest Income Expense": -219474000.0,
        "Interest Expense Non Operating": 288162000.0,
        "Interest Income Non Operating": 68688000.0,
        "Operating Income": 342093000.0,
        "Operating Expense": 1418350000.0,
        "Research And Development": 448677000.0,
        "Selling General And Administration": 969673000.0,
        "Gross Profit": 1760443000.0,
        "Cost Of Revenue": 5678342000.0,
        "Total Revenue": 7438785000.0,
        "Operating Revenue": 6654852000.0
    },
    "2024-09-30": {
        "Tax Effect Of Unusual Items": 13744869.862321,
        "Tax Rate For Calcs": 0.046431,
        "Normalized EBITDA": 207725000.0,
        "Total Unusual Items": 296030000.0,
        "Total Unusual Items Excluding Goodwill": 296030000.0,
        "Net Income From Continuing Operation Net Minority Interest": 229412000.0,
        "Reconciled Depreciation": NaN,
        "Reconciled Cost Of Revenue": 5649836000.0,
        "EBITDA": 503755000.0,
        "EBIT": 503755000.0,
        "Net Interest Income": -187396000.0,
        "Interest Expense": 256440000.0,
        "Interest Income": 69044000.0,
        "Normalized Income": -52873130.137679,
        "Net Income From Continuing And Discontinued Operation": 229412000.0,
        "Total Expenses": 7006760000.0,
        "Total Operating Income As Reported": 238921000.0,
        "Diluted Average Shares": 968479952.0,
        "Basic Average Shares": 962468786.0,
        "Diluted EPS": 0.21,
        "Basic EPS": 0.21,
        "Diluted NI Availto Com Stockholders": 229412000.0,
        "Net Income Common Stockholders": 229412000.0,
        "Net Income": 229412000.0,
        "Minority Interests": -6420000.0,
        "Net Income Including Noncontrolling Interests": 235832000.0,
        "Net Income Continuous Operations": 235832000.0,
        "Tax Provision": 11483000.0,
        "Pretax Income": 247315000.0,
        "Other Income Expense": 195790000.0,
        "Other Non Operating Income Expenses": -104867000.0,
        "Earnings From Equity Interest": 4627000.0,
        "Gain On Sale Of Security": 296030000.0,
        "Net Non Operating Interest Income Expense": -187396000.0,
        "Interest Expense Non Operating": 256440000.0,
        "Interest Income Non Operating": 69044000.0,
        "Operating Income": 238921000.0,
        "Operating Expense": 1356924000.0,
        "Research And Development": 449039000.0,
        "Selling General And Administration": 907885000.0,
        "Gross Profit": 1595845000.0,
        "Cost Of Revenue": 5649836000.0,
        "Total Revenue": 7245681000.0,
        "Operating Revenue": 6516915000.0
    },
    "2024-12-31": {
        "Tax Effect Of Unusual Items": -77597500.0,
        "Tax Rate For Calcs": 0.25,
        "Normalized EBITDA": 3262759000.0,
        "Total Unusual Items": -310390000.0,
        "Total Unusual Items Excluding Goodwill": -310390000.0,
        "Net Income From Continuing Operation Net Minority Interest": -189355000.0,
        "Reconciled Depreciation": 2897835000.0,
        "Reconciled Cost Of Revenue": 4994165000.0,
        "EBITDA": 2952369000.0,
        "EBIT": 54534000.0,
        "Net Interest Income": -159937000.0,
        "Interest Expense": 235289000.0,
        "Interest Income": 75352000.0,
        "Normalized Income": 43437500.0,
        "Net Income From Continuing And Discontinued Operation": -189355000.0,
        "Total Expenses": 6327981000.0,
        "Total Operating Income As Reported": 285436000.0,
        "Diluted Average Shares": 962686998.0,
        "Basic Average Shares": 962686998.0,
        "Diluted EPS": -0.21,
        "Basic EPS": -0.21,
        "Diluted NI Availto Com Stockholders": -189355000.0,
        "Net Income Common Stockholders": -189355000.0,
        "Net Income": -189355000.0,
        "Minority Interests": -2367000.0,
        "Net Income Including Noncontrolling Interests": -186988000.0,
        "Net Income Continuous Operations": -186988000.0,
        "Tax Provision": 6233000.0,
        "Pretax Income": -180755000.0,
        "Other Income Expense": -306254000.0,
        "Other Non Operating Income Expenses": 2387000.0,
        "Earnings From Equity Interest": 1749000.0,
        "Gain On Sale Of Security": -310390000.0,
        "Net Non Operating Interest Income Expense": -159937000.0,
        "Interest Expense Non Operating": 235289000.0,
        "Interest Income Non Operating": 75352000.0,
        "Operating Income": 285436000.0,
        "Operating Expense": 1333816000.0,
        "Research And Development": 451359000.0,
        "Selling General And Administration": 882457000.0,
        "Gross Profit": 1619252000.0,
        "Cost Of Revenue": 4994165000.0,
        "Total Revenue": 6613417000.0,
        "Operating Revenue": 5943222000.0
    },
    "2025-03-31": {
        "Tax Effect Of Unusual Items": 7667298.257196,
        "Tax Rate For Calcs": 0.183038,
        "Normalized EBITDA": 418760000.0,
        "Total Unusual Items": 41889000.0,
        "Total Unusual Items Excluding Goodwill": 41889000.0,
        "Net Income From Continuing Operation Net Minority Interest": 182145000.0,
        "Reconciled Depreciation": NaN,
        "Reconciled Cost Of Revenue": 5406341000.0,
        "EBITDA": 460649000.0,
        "EBIT": 460649000.0,
        "Net Interest Income": -154673000.0,
        "Interest Expense": 233429000.0,
        "Interest Income": 78756000.0,
        "Normalized Income": 147923298.257196,
        "Net Income From Continuing And Discontinued Operation": 182145000.0,
        "Total Expenses": 6844572000.0,
        "Total Operating Income As Reported": 341897000.0,
        "Diluted Average Shares": 968614756.0,
        "Basic Average Shares": 962972942.0,
        "Diluted EPS": 0.21,
        "Basic EPS": 0.21,
        "Diluted NI Availto Com Stockholders": 182145000.0,
        "Net Income Common Stockholders": 182145000.0,
        "Net Income": 182145000.0,
        "Minority Interests": -3485000.0,
        "Net Income Including Noncontrolling Interests": 185630000.0,
        "Net Income Continuous Operations": 185630000.0,
        "Tax Provision": 41590000.0,
        "Pretax Income": 227220000.0,
        "Other Income Expense": 39996000.0,
        "Other Non Operating Income Expenses": 1724000.0,
        "Earnings From Equity Interest": -3617000.0,
        "Gain On Sale Of Security": 41889000.0,
        "Net Non Operating Interest Income Expense": -154673000.0,
        "Interest Expense Non Operating": 233429000.0,
        "Interest Income Non Operating": 78756000.0,
        "Operating Income": 341897000.0,
        "Operating Expense": 1438231000.0,
        "Research And Development": 412489000.0,
        "Selling General And Administration": 1025742000.0,
        "Gross Profit": 1780128000.0,
        "Cost Of Revenue": 5406341000.0,
        "Total Revenue": 7186469000.0,
        "Operating Revenue": 6355580000.0
    },
    "2025-06-30": {
        "Tax Effect Of Unusual Items": 25202750.0,
        "Tax Rate For Calcs": 0.25,
        "Normalized EBITDA": 26391000.0,
        "Total Unusual Items": 100811000.0,
        "Total Unusual Items Excluding Goodwill": 100811000.0,
        "Net Income From Continuing Operation Net Minority Interest": -133708000.0,
        "Reconciled Depreciation": NaN,
        "Reconciled Cost Of Revenue": 5292894000.0,
        "EBITDA": 127202000.0,
        "EBIT": 127202000.0,
        "Net Interest Income": -147488000.0,
        "Interest Expense": 235267000.0,
        "Interest Income": 87779000.0,
        "Normalized Income": -209316250.0,
        "Net Income From Continuing And Discontinued Operation": -133708000.0,
        "Total Expenses": 6674416000.0,
        "Total Operating Income As Reported": -46168000.0,
        "Diluted Average Shares": 963366251.0,
        "Basic Average Shares": 963366251.0,
        "Diluted EPS": -0.14,
        "Basic EPS": -0.14,
        "Diluted NI Availto Com Stockholders": -133708000.0,
        "Net Income Common Stockholders": -133708000.0,
        "Net Income": -133708000.0,
        "Minority Interests": 1512000.0,
        "Net Income Including Noncontrolling Interests": -135220000.0,
        "Net Income Continuous Operations": -135220000.0,
        "Tax Provision": 27155000.0,
        "Pretax Income": -108065000.0,
        "Other Income Expense": 85591000.0,
        "Other Non Operating Income Expenses": -14134000.0,
        "Earnings From Equity Interest": -1086000.0,
        "Gain On Sale Of Security": 100811000.0,
        "Net Non Operating Interest Income Expense": -147488000.0,
        "Interest Expense Non Operating": 235267000.0,
        "Interest Income Non Operating": 87779000.0,
        "Operating Income": -46168000.0,
        "Operating Expense": 1381522000.0,
        "Research And Development": 421918000.0,
        "Selling General And Administration": 959604000.0,
        "Gross Profit": 1335354000.0,
        "Cost Of Revenue": 5292894000.0,
        "Total Revenue": 6628248000.0,
        "Operating Revenue": 5798902000.0
    }
}