{
    "2023-03-31": {
        "Tax Effect Of Unusual Items": -3332000.0,
        "Tax Rate For Calcs": 0.196,
        "Normalized EBITDA": 773000000.0,
        "Total Unusual Items": -17000000.0,
        "Total Unusual Items Excluding Goodwill": -17000000.0,
        "Net Income From Continuing Operation Net Minority Interest": 289000000.0,
        "Reconciled Depreciation": 253000000.0,
        "Reconciled Cost Of Revenue": 2398000000.0,
        "EBITDA": 756000000.0,
        "EBIT": 503000000.0,
        "Net Interest Income": -135000000.0,
        "Interest Expense": 141000000.0,
        "Interest Income": 6000000.0,
        "Normalized Income": 302668000.0,
        "Net Income From Continuing And Discontinued Operation": 289000000.0,
        "Total Expenses": 3164000000.0,
        "Total Operating Income As Reported": 471000000.0,
        "Diluted Average Shares": 188600000.0,
        "Basic Average Shares": 185800000.0,
        "Diluted EPS": 1.53,
        "Basic EPS": 1.56,
        "Diluted NI Availto Com Stockholders": 289000000.0,
        "Net Income Common Stockholders": 289000000.0,
        "Net Income": 289000000.0,
        "Minority Interests": NaN,
        "Net Income Including Noncontrolling Interests": 289000000.0,
        "Net Income Continuous Operations": 289000000.0,
        "Earnings From Equity Interest Net Of Tax": -2000000.0,
        "Tax Provision": 71000000.0,
        "Pretax Income": 362000000.0,
        "Other Income Expense": 9000000.0,
        "Other Non Operating Income Expenses": 26000000.0,
        "Special Income Charges": -17000000.0,
        "Restructuring And Mergern Acquisition": 17000000.0,
        "Net Non Operating Interest Income Expense": -135000000.0,
        "Interest Expense Non Operating": 141000000.0,
        "Interest Income Non Operating": 6000000.0,
        "Operating Income": 488000000.0,
        "Operating Expense": 766000000.0,
        "Depreciation Amortization Depletion Income Statement": 253000000.0,
        "Depreciation And Amortization In Income Statement": 253000000.0,
        "Selling General And Administration": 513000000.0,
        "Gross Profit": 1254000000.0,
        "Cost Of Revenue": 2398000000.0,
        "Total Revenue": 3652000000.0,
        "Operating Revenue": 3652000000.0
    },
    "2022-12-31": {
        "Tax Effect Of Unusual Items": NaN,
        "Tax Rate For Calcs": NaN,
        "Normalized EBITDA": NaN,
        "Total Unusual Items": NaN,
        "Total Unusual Items Excluding Goodwill": NaN,
        "Net Income From Continuing Operation Net Minority Interest": NaN,
        "Reconciled Depreciation": NaN,
        "Reconciled Cost Of Revenue": NaN,
        "EBITDA": NaN,
        "EBIT": NaN,
        "Net Interest Income": NaN,
        "Interest Expense": NaN,
        "Interest Income": NaN,
        "Normalized Income": NaN,
        "Net Income From Continuing And Discontinued Operation": NaN,
        "Total Expenses": NaN,
        "Total Operating Income As Reported": NaN,
        "Diluted Average Shares": NaN,
        "Basic Average Shares": NaN,
        "Diluted EPS": NaN,
        "Basic EPS": NaN,
        "Diluted NI Availto Com Stockholders": NaN,
        "Net Income Common Stockholders": NaN,
        "Net Income": NaN,
        "Minority Interests": 0.0,
        "Net Income Including Noncontrolling Interests": NaN,
        "Net Income Continuous Operations": NaN,
        "Earnings From Equity Interest Net Of Tax": NaN,
        "Tax Provision": NaN,
        "Pretax Income": NaN,
        "Other Income Expense": NaN,
        "Other Non Operating Income Expenses": NaN,
        "Special Income Charges": NaN,
        "Restructuring And Mergern Acquisition": NaN,
        "Net Non Operating Interest Income Expense": NaN,
        "Interest Expense Non Operating": NaN,
        "Interest Income Non Operating": NaN,
        "Operating Income": NaN,
        "Operating Expense": NaN,
        "Depreciation Amortization Depletion Income Statement": NaN,
        "Depreciation And Amortization In Income Statement": NaN,
        "Selling General And Administration": NaN,
        "Gross Profit": NaN,
        "Cost Of Revenue": NaN,
        "Total Revenue": NaN,
        "Operating Revenue": NaN
    },
    "2022-09-30": {
        "Tax Effect Of Unusual Items": NaN,
        "Tax Rate For Calcs": NaN,
        "Normalized EBITDA": NaN,
        "Total Unusual Items": NaN,
        "Total Unusual Items Excluding Goodwill": NaN,
        "Net Income From Continuing Operation Net Minority Interest": NaN,
        "Reconciled Depreciation": NaN,
        "Reconciled Cost Of Revenue": NaN,
        "EBITDA": NaN,
        "EBIT": NaN,
        "Net Interest Income": NaN,
        "Interest Expense": NaN,
        "Interest Income": NaN,
        "Normalized Income": NaN,
        "Net Income From Continuing And Discontinued Operation": NaN,
        "Total Expenses": NaN,
        "Total Operating Income As Reported": NaN,
        "Diluted Average Shares": NaN,
        "Basic Average Shares": NaN,
        "Diluted EPS": NaN,
        "Basic EPS": NaN,
        "Diluted NI Availto Com Stockholders": NaN,
        "Net Income Common Stockholders": NaN,
        "Net Income": NaN,
        "Minority Interests": 0.0,
        "Net Income Including Noncontrolling Interests": NaN,
        "Net Income Continuous Operations": NaN,
        "Earnings From Equity Interest Net Of Tax": NaN,
        "Tax Provision": NaN,
        "Pretax Income": NaN,
        "Other Income Expense": NaN,
        "Other Non Operating Income Expenses": NaN,
        "Special Income Charges": NaN,
        "Restructuring And Mergern Acquisition": NaN,
        "Net Non Operating Interest Income Expense": NaN,
        "Interest Expense Non Operating": NaN,
        "Interest Income Non Operating": NaN,
        "Operating Income": NaN,
        "Operating Expense": NaN,
        "Depreciation Amortization Depletion Income Statement": NaN,
        "Depreciation And Amortization In Income Statement": NaN,
        "Selling General And Administration": NaN,
        "Gross Profit": NaN,
        "Cost Of Revenue": NaN,
        "Total Revenue": NaN,
        "Operating Revenue": NaN
    },
    "2022-06-30": {
        "Tax Effect Of Unusual Items": -865853.658537,
        "Tax Rate For Calcs": 0.216463,
        "Normalized EBITDA": 696000000.0,
        "Total Unusual Items": -4000000.0,
        "Total Unusual Items Excluding Goodwill": -4000000.0,
        "Net Income From Continuing Operation Net Minority Interest": 256000000.0,
        "Reconciled Depreciation": 270000000.0,
        "Reconciled Cost Of Revenue": 2331000000.0,
        "EBITDA": 692000000.0,
        "EBIT": 422000000.0,
        "Net Interest Income": -92000000.0,
        "Interest Expense": 94000000.0,
        "Interest Income": 2000000.0,
        "Normalized Income": 259134146.341463,
        "Net Income From Continuing And Discontinued Operation": 256000000.0,
        "Total Expenses": 3084000000.0,
        "Total Operating Income As Reported": 453000000.0,
        "Diluted Average Shares": 191100000.0,
        "Basic Average Shares": 188300000.0,
        "Diluted EPS": 1.34,
        "Basic EPS": 1.36,
        "Diluted NI Availto Com Stockholders": 256000000.0,
        "Net Income Common Stockholders": 256000000.0,
        "Net Income": 256000000.0,
        "Minority Interests": 0.0,
        "Net Income Including Noncontrolling Interests": 256000000.0,
        "Net Income Continuous Operations": 256000000.0,
        "Earnings From Equity Interest Net Of Tax": -1000000.0,
        "Tax Provision": 71000000.0,
        "Pretax Income": 328000000.0,
        "Other Income Expense": -37000000.0,
        "Other Non Operating Income Expenses": -33000000.0,
        "Special Income Charges": -4000000.0,
        "Restructuring And Mergern Acquisition": 4000000.0,
        "Net Non Operating Interest Income Expense": -92000000.0,
        "Interest Expense Non Operating": 94000000.0,
        "Interest Income Non Operating": 2000000.0,
        "Operating Income": 457000000.0,
        "Operating Expense": 753000000.0,
        "Depreciation Amortization Depletion Income Statement": 270000000.0,
        "Depreciation And Amortization In Income Statement": 270000000.0,
        "Selling General And Administration": 483000000.0,
        "Gross Profit": 1210000000.0,
        "Cost Of Revenue": 2331000000.0,
        "Total Revenue": 3541000000.0,
        "Operating Revenue": 3541000000.0
    },
    "2023-06-30": {
        "Tax Effect Of Unusual Items": -4320000.0,
        "Tax Rate For Calcs": 0.216,
        "Normalized EBITDA": 823000000.0,
        "Total Unusual Items": -20000000.0,
        "Total Unusual Items Excluding Goodwill": -20000000.0,
        "Net Income From Continuing Operation Net Minority Interest": 297000000.0,
        "Reconciled Depreciation": 259000000.0,
        "Reconciled Cost Of Revenue": 2443000000.0,
        "EBITDA": 803000000.0,
        "EBIT": 544000000.0,
        "Net Interest Income": -165000000.0,
        "Interest Expense": 169000000.0,
        "Interest Income": 4000000.0,
        "Normalized Income": 312680000.0,
        "Net Income From Continuing And Discontinued Operation": 297000000.0,
        "Total Expenses": 3184000000.0,
        "Total Operating Income As Reported": 524000000.0,
        "Diluted Average Shares": 186700000.0,
        "Basic Average Shares": 184400000.0,
        "Diluted EPS": 1.59,
        "Basic EPS": 1.61,
        "Diluted NI Availto Com Stockholders": 297000000.0,
        "Net Income Common Stockholders": 297000000.0,
        "Net Income": 297000000.0,
        "Net Income Including Noncontrolling Interests": 297000000.0,
        "Net Income Continuous Operations": 297000000.0,
        "Earnings From Equity Interest Net Of Tax": 3000000.0,
        "Tax Provision": 81000000.0,
        "Pretax Income": 375000000.0,
        "Other Income Expense": -4000000.0,
        "Other Non Operating Income Expenses": 16000000.0,
        "Special Income Charges": -20000000.0,
        "Restructuring And Mergern Acquisition": 20000000.0,
        "Net Non Operating Interest Income Expense": -165000000.0,
        "Interest Expense Non Operating": 169000000.0,
        "Interest Income Non Operating": 4000000.0,
        "Operating Income": 544000000.0,
        "Operating Expense": 741000000.0,
        "Depreciation Amortization Depletion Income Statement": 259000000.0,
        "Depreciation And Amortization In Income Statement": 259000000.0,
        "Selling General And Administration": 482000000.0,
        "Gross Profit": 1285000000.0,
        "Cost Of Revenue": 2443000000.0,
        "Total Revenue": 3728000000.0,
        "Operating Revenue": 3728000000.0
    },
    "2022-03-31": {
        "Diluted EPS": 1.68,
        "Total Revenue": NaN,
        "Gross Profit": NaN,
        "Operating Income": 495,
        "EBIT": 754,
        "Net Income": 325
    },
    "2021-12-31": {
        "Diluted EPS": 1.62,
        "Total Revenue": NaN,
        "Gross Profit": NaN,
        "Operating Income": 463,
        "EBIT": 728,
        "Net Income": 318
    },
    "2021-09-30": {
        "Diluted EPS": 1.34,
        "Total Revenue": NaN,
        "Gross Profit": NaN,
        "Operating Income": 302,
        "EBIT": 642,
        "Net Income": 261
    },
    "2021-06-30": {
        "Diluted EPS": 0.9,
        "Total Revenue": NaN,
        "Gross Profit": NaN,
        "Operating Income": 286,
        "EBIT": 634,
        "Net Income": 175
    },
    "2021-03-31": {
        "Diluted EPS": 1.09,
        "Total Revenue": NaN,
        "Gross Profit": NaN,
        "Operating Income": 342,
        "EBIT": 670,
        "Net Income": 212
    },
    "2020-12-31": {
        "Diluted EPS": 0.61,
        "Total Revenue": NaN,
        "Gross Profit": NaN,
        "Operating Income": 289,
        "EBIT": 638,
        "Net Income": 119
    },
    "2020-09-30": {
        "Diluted EPS": 0.52,
        "Total Revenue": NaN,
        "Gross Profit": 986,
        "Operating Income": 187,
        "EBIT": 511,
        "Net Income": 101
    },
    "2020-06-30": {
        "Diluted EPS": -0.12,
        "Total Revenue": NaN,
        "Gross Profit": 817,
        "Operating Income": 62,
        "EBIT": 375,
        "Net Income": -23
    },
    "2020-03-31": {
        "Diluted EPS": 0.42,
        "Total Revenue": NaN,
        "Gross Profit": 930,
        "Operating Income": 193,
        "EBIT": 512,
        "Net Income": 82
    },
    "2019-12-31": {
        "Diluted EPS": 0.08,
        "Total Revenue": NaN,
        "Gross Profit": 994,
        "Operating Income": 166,
        "EBIT": 483,
        "Net Income": 16
    },
    "2019-09-30": {
        "Diluted EPS": 0.29,
        "Total Revenue": NaN,
        "Gross Profit": 917,
        "Operating Income": 204,
        "EBIT": 507,
        "Net Income": 57
    },
    "2019-06-30": {
        "Diluted EPS": 0.3,
        "Total Revenue": NaN,
        "Gross Profit": 941,
        "Operating Income": 197,
        "EBIT": 494,
        "Net Income": 60
    },
    "2019-03-31": {
        "Diluted EPS": 0.29,
        "Total Revenue": NaN,
        "Gross Profit": 936,
        "Operating Income": 210,
        "EBIT": 508,
        "Net Income": 58
    },
    "2018-12-31": {
        "Diluted EPS": 0.34,
        "Total Revenue": NaN,
        "Gross Profit": 946,
        "Operating Income": 207,
        "EBIT": 504,
        "Net Income": 69
    },
    "2018-09-30": {
        "Diluted EPS": 0.29,
        "Total Revenue": NaN,
        "Gross Profit": 916,
        "Operating Income": 181,
        "EBIT": 467,
        "Net Income": 60
    },
    "2018-06-30": {
        "Diluted EPS": 0.29,
        "Total Revenue": NaN,
        "Gross Profit": 893,
        "Operating Income": 170,
        "EBIT": 454,
        "Net Income": 61
    },
    "2018-03-31": {
        "Diluted EPS": 0.32,
        "Total Revenue": NaN,
        "Gross Profit": 911,
        "Operating Income": 183,
        "EBIT": 468,
        "Net Income": 69
    },
    "2017-12-31": {
        "Diluted EPS": 4.63,
        "Total Revenue": NaN,
        "Gross Profit": 914,
        "Operating Income": 142,
        "EBIT": 423,
        "Net Income": NaN
    },
    "2017-09-30": {
        "Diluted EPS": 0.4,
        "Total Revenue": NaN,
        "Gross Profit": 855,
        "Operating Income": 195,
        "EBIT": 453,
        "Net Income": 88
    },
    "2017-06-30": {
        "Diluted EPS": 0.28,
        "Total Revenue": NaN,
        "Gross Profit": 798,
        "Operating Income": 126,
        "EBIT": 413,
        "Net Income": 62
    },
    "2017-03-31": {
        "Diluted EPS": 0.43,
        "Total Revenue": NaN,
        "Gross Profit": 834,
        "Operating Income": 202,
        "EBIT": 439,
        "Net Income": 100
    },
    "2016-12-31": {
        "Diluted EPS": -1.94,
        "Total Revenue": NaN,
        "Gross Profit": 780,
        "Operating Income": 79,
        "EBIT": 295,
        "Net Income": -221
    },
    "2016-09-30": {
        "Diluted EPS": 0.82,
        "Total Revenue": NaN,
        "Gross Profit": 441,
        "Operating Income": 168,
        "EBIT": 232,
        "Net Income": 100
    },
    "2016-06-30": {
        "Diluted EPS": 0.71,
        "Total Revenue": NaN,
        "Gross Profit": 432,
        "Operating Income": 150,
        "EBIT": 183,
        "Net Income": 86
    },
    "2016-03-31": {
        "Diluted EPS": 0.88,
        "Total Revenue": NaN,
        "Gross Profit": 414,
        "Operating Income": 179,
        "EBIT": 216,
        "Net Income": 107
    },
    "2015-12-31": {
        "Diluted EPS": 0.84,
        "Total Revenue": NaN,
        "Gross Profit": 452,
        "Operating Income": 177,
        "EBIT": 219,
        "Net Income": 104
    },
    "2015-09-30": {
        "Diluted EPS": 0.89,
        "Total Revenue": NaN,
        "Gross Profit": 410,
        "Operating Income": 167,
        "EBIT": 205,
        "Net Income": 111
    },
    "2015-06-30": {
        "Diluted EPS": 0.67,
        "Total Revenue": NaN,
        "Gross Profit": 391,
        "Operating Income": 158,
        "EBIT": 194,
        "Net Income": 85
    },
    "2015-03-31": {
        "Diluted EPS": 0.68,
        "Total Revenue": NaN,
        "Gross Profit": 368,
        "Operating Income": 143,
        "EBIT": 175,
        "Net Income": 86
    },
    "2014-12-31": {
        "Diluted EPS": 0.69,
        "Total Revenue": NaN,
        "Gross Profit": 409,
        "Operating Income": 159,
        "EBIT": 193,
        "Net Income": 89
    },
    "2014-09-30": {
        "Diluted EPS": 0.71,
        "Total Revenue": NaN,
        "Gross Profit": 370,
        "Operating Income": 149,
        "EBIT": 181,
        "Net Income": 93
    },
    "2014-06-30": {
        "Diluted EPS": 0.64,
        "Total Revenue": NaN,
        "Gross Profit": 361,
        "Operating Income": 141,
        "EBIT": 172,
        "Net Income": 85
    },
    "2014-03-31": {
        "Diluted EPS": 0.68,
        "Total Revenue": NaN,
        "Gross Profit": 362,
        "Operating Income": 141,
        "EBIT": 172,
        "Net Income": 90
    },
    "2013-12-31": {
        "Diluted EPS": 0.56,
        "Total Revenue": NaN,
        "Gross Profit": 362,
        "Operating Income": 127,
        "EBIT": 162,
        "Net Income": 73
    },
    "2013-09-30": {
        "Diluted EPS": 0.5,
        "Total Revenue": NaN,
        "Gross Profit": 332,
        "Operating Income": 125,
        "EBIT": 154,
        "Net Income": 67
    },
    "2013-06-30": {
        "Diluted EPS": 0.3,
        "Total Revenue": NaN,
        "Gross Profit": 327,
        "Operating Income": 95,
        "EBIT": 132,
        "Net Income": 39
    },
    "2013-03-31": {
        "Diluted EPS": 0.41,
        "Total Revenue": NaN,
        "Gross Profit": 316,
        "Operating Income": 115,
        "EBIT": 143,
        "Net Income": 48
    },
    "2012-12-31": {
        "Diluted EPS": 0.3,
        "Total Revenue": NaN,
        "Gross Profit": 317,
        "Operating Income": 94,
        "EBIT": 124,
        "Net Income": 35
    },
    "2012-09-30": {
        "Diluted EPS": 0.44,
        "Total Revenue": NaN,
        "Gross Profit": 301,
        "Operating Income": 109,
        "EBIT": 137,
        "Net Income": 52
    },
    "2012-06-30": {
        "Diluted EPS": 0.4,
        "Total Revenue": NaN,
        "Gross Profit": 317,
        "Operating Income": 101,
        "EBIT": 127,
        "Net Income": 47
    },
    "2012-03-31": {
        "Diluted EPS": 0.37,
        "Total Revenue": NaN,
        "Gross Profit": 297,
        "Operating Income": 92,
        "EBIT": 117,
        "Net Income": 43
    },
    "2011-12-31": {
        "Diluted EPS": 0.0,
        "Total Revenue": NaN,
        "Gross Profit": NaN,
        "Operating Income": NaN,
        "EBIT": NaN,
        "Net Income": NaN
    },
    "2010-12-31": {
        "Diluted EPS": 0.0,
        "Total Revenue": NaN,
        "Gross Profit": NaN,
        "Operating Income": NaN,
        "EBIT": NaN,
        "Net Income": NaN
    },
    "2023-09-30": {
        "Tax Effect Of Unusual Items": NaN,
        "Tax Rate For Calcs": NaN,
        "Normalized EBITDA": NaN,
        "Total Unusual Items": NaN,
        "Total Unusual Items Excluding Goodwill": NaN,
        "Net Income From Continuing Operation Net Minority Interest": NaN,
        "Reconciled Depreciation": NaN,
        "Reconciled Cost Of Revenue": NaN,
        "EBITDA": NaN,
        "EBIT": NaN,
        "Net Interest Income": NaN,
        "Interest Expense": NaN,
        "Interest Income": NaN,
        "Normalized Income": NaN,
        "Net Income From Continuing And Discontinued Operation": NaN,
        "Total Expenses": NaN,
        "Total Operating Income As Reported": NaN,
        "Diluted Average Shares": 185500000.0,
        "Basic Average Shares": 182900000.0,
        "Diluted EPS": 1.63,
        "Basic EPS": 1.66,
        "Diluted NI Availto Com Stockholders": NaN,
        "Net Income Common Stockholders": NaN,
        "Net Income": NaN,
        "Net Income Including Noncontrolling Interests": NaN,
        "Net Income Continuous Operations": NaN,
        "Earnings From Equity Interest Net Of Tax": NaN,
        "Tax Provision": NaN,
        "Pretax Income": NaN,
        "Other Income Expense": NaN,
        "Other Non Operating Income Expenses": NaN,
        "Special Income Charges": NaN,
        "Restructuring And Mergern Acquisition": NaN,
        "Net Non Operating Interest Income Expense": NaN,
        "Interest Expense Non Operating": NaN,
        "Interest Income Non Operating": NaN,
        "Operating Income": NaN,
        "Operating Expense": NaN,
        "Depreciation Amortization Depletion Income Statement": NaN,
        "Depreciation And Amortization In Income Statement": NaN,
        "Selling General And Administration": NaN,
        "Gross Profit": NaN,
        "Cost Of Revenue": NaN,
        "Total Revenue": NaN,
        "Operating Revenue": NaN
    },
    "2023-12-31": {
        "Tax Effect Of Unusual Items": -4830000.0,
        "Tax Rate For Calcs": 0.21,
        "Normalized EBITDA": 893000000.0,
        "Total Unusual Items": -23000000.0,
        "Total Unusual Items Excluding Goodwill": -23000000.0,
        "Net Income From Continuing Operation Net Minority Interest": 469000000.0,
        "Reconciled Depreciation": 316000000.0,
        "Reconciled Cost Of Revenue": 2478000000.0,
        "EBITDA": 870000000.0,
        "EBIT": 554000000.0,
        "Net Interest Income": -169000000.0,
        "Interest Expense": 181000000.0,
        "Interest Income": 12000000.0,
        "Normalized Income": 487170000.0,
        "Net Income From Continuing And Discontinued Operation": 469000000.0,
        "Total Expenses": 3350000000.0,
        "Total Operating Income As Reported": 501000000.0,
        "Diluted Average Shares": 184300000.0,
        "Basic Average Shares": 181900000.0,
        "Diluted EPS": 2.54,
        "Basic EPS": 2.58,
        "Diluted NI Availto Com Stockholders": 469000000.0,
        "Net Income Common Stockholders": 469000000.0,
        "Net Income": 469000000.0,
        "Net Income Including Noncontrolling Interests": 469000000.0,
        "Net Income Continuous Operations": 469000000.0,
        "Earnings From Equity Interest Net Of Tax": -6000000.0,
        "Tax Provision": -102000000.0,
        "Pretax Income": 373000000.0,
        "Other Income Expense": 24000000.0,
        "Other Non Operating Income Expenses": 47000000.0,
        "Special Income Charges": -23000000.0,
        "Restructuring And Mergern Acquisition": 17000000.0,
        "Net Non Operating Interest Income Expense": -169000000.0,
        "Interest Expense Non Operating": 181000000.0,
        "Interest Income Non Operating": 12000000.0,
        "Operating Income": 518000000.0,
        "Operating Expense": 872000000.0,
        "Depreciation Amortization Depletion Income Statement": 316000000.0,
        "Depreciation And Amortization In Income Statement": 316000000.0,
        "Selling General And Administration": 556000000.0,
        "Gross Profit": 1390000000.0,
        "Cost Of Revenue": 2478000000.0,
        "Total Revenue": 3868000000.0,
        "Operating Revenue": 3868000000.0
    },
    "2024-03-31": {
        "Tax Effect Of Unusual Items": -2160000.0,
        "Tax Rate For Calcs": 0.144,
        "Normalized EBITDA": 785000000.0,
        "Total Unusual Items": -15000000.0,
        "Total Unusual Items Excluding Goodwill": -15000000.0,
        "Net Income From Continuing Operation Net Minority Interest": 288000000.0,
        "Reconciled Depreciation": 264000000.0,
        "Reconciled Cost Of Revenue": 2444000000.0,
        "EBITDA": 770000000.0,
        "EBIT": 506000000.0,
        "Net Interest Income": -155000000.0,
        "Interest Expense": 166000000.0,
        "Interest Income": 11000000.0,
        "Normalized Income": 300840000.0,
        "Net Income From Continuing And Discontinued Operation": 288000000.0,
        "Total Expenses": 3216000000.0,
        "Total Operating Income As Reported": 506000000.0,
        "Diluted Average Shares": 184300000.0,
        "Basic Average Shares": 181900000.0,
        "Diluted EPS": 1.56,
        "Basic EPS": 1.58,
        "Diluted NI Availto Com Stockholders": 288000000.0,
        "Net Income Common Stockholders": 288000000.0,
        "Net Income": 288000000.0,
        "Net Income Including Noncontrolling Interests": 288000000.0,
        "Net Income Continuous Operations": 288000000.0,
        "Earnings From Equity Interest Net Of Tax": -3000000.0,
        "Tax Provision": 49000000.0,
        "Pretax Income": 340000000.0,
        "Other Income Expense": -26000000.0,
        "Other Non Operating Income Expenses": -11000000.0,
        "Special Income Charges": -15000000.0,
        "Restructuring And Mergern Acquisition": 15000000.0,
        "Net Non Operating Interest Income Expense": -155000000.0,
        "Interest Expense Non Operating": 166000000.0,
        "Interest Income Non Operating": 11000000.0,
        "Operating Income": 521000000.0,
        "Operating Expense": 772000000.0,
        "Depreciation Amortization Depletion Income Statement": 264000000.0,
        "Depreciation And Amortization In Income Statement": 264000000.0,
        "Selling General And Administration": 508000000.0,
        "Gross Profit": 1293000000.0,
        "Cost Of Revenue": 2444000000.0,
        "Total Revenue": 3737000000.0,
        "Operating Revenue": 3737000000.0
    },
    "2024-06-30": {
        "Tax Effect Of Unusual Items": -4816000.0,
        "Tax Rate For Calcs": 0.172,
        "Normalized EBITDA": 896000000.0,
        "Total Unusual Items": -28000000.0,
        "Total Unusual Items Excluding Goodwill": -28000000.0,
        "Net Income From Continuing Operation Net Minority Interest": 363000000.0,
        "Reconciled Depreciation": 269000000.0,
        "Reconciled Cost Of Revenue": 2488000000.0,
        "EBITDA": 868000000.0,
        "EBIT": 599000000.0,
        "Net Interest Income": -151000000.0,
        "Interest Expense": 163000000.0,
        "Interest Income": 12000000.0,
        "Normalized Income": 386184000.0,
        "Net Income From Continuing And Discontinued Operation": 363000000.0,
        "Total Expenses": 3266000000.0,
        "Total Operating Income As Reported": 520000000.0,
        "Diluted Average Shares": 184300000.0,
        "Basic Average Shares": 182200000.0,
        "Diluted EPS": 1.97,
        "Basic EPS": 1.99,
        "Diluted NI Availto Com Stockholders": 363000000.0,
        "Net Income Common Stockholders": 363000000.0,
        "Net Income": 363000000.0,
        "Net Income Including Noncontrolling Interests": 363000000.0,
        "Net Income Continuous Operations": 363000000.0,
        "Earnings From Equity Interest Net Of Tax": 2000000.0,
        "Tax Provision": 75000000.0,
        "Pretax Income": 436000000.0,
        "Other Income Expense": 39000000.0,
        "Other Non Operating Income Expenses": 67000000.0,
        "Special Income Charges": -28000000.0,
        "Restructuring And Mergern Acquisition": 28000000.0,
        "Net Non Operating Interest Income Expense": -151000000.0,
        "Interest Expense Non Operating": 163000000.0,
        "Interest Income Non Operating": 12000000.0,
        "Operating Income": 548000000.0,
        "Operating Expense": 778000000.0,
        "Depreciation Amortization Depletion Income Statement": 269000000.0,
        "Depreciation And Amortization In Income Statement": 269000000.0,
        "Selling General And Administration": 509000000.0,
        "Gross Profit": 1326000000.0,
        "Cost Of Revenue": 2488000000.0,
        "Total Revenue": 3814000000.0,
        "Operating Revenue": 3814000000.0
    },
    "2024-09-30": {
        "Tax Effect Of Unusual Items": -5208000.0,
        "Tax Rate For Calcs": 0.186,
        "Normalized EBITDA": 825000000.0,
        "Total Unusual Items": -28000000.0,
        "Total Unusual Items Excluding Goodwill": -28000000.0,
        "Net Income From Continuing Operation Net Minority Interest": 285000000.0,
        "Reconciled Depreciation": 278000000.0,
        "Reconciled Cost Of Revenue": 2518000000.0,
        "EBITDA": 797000000.0,
        "EBIT": 519000000.0,
        "Net Interest Income": -157000000.0,
        "Interest Expense": 170000000.0,
        "Interest Income": 13000000.0,
        "Normalized Income": 307792000.0,
        "Net Income From Continuing And Discontinued Operation": 285000000.0,
        "Total Expenses": 3318000000.0,
        "Total Operating Income As Reported": 550000000.0,
        "Diluted Average Shares": 184200000.0,
        "Basic Average Shares": 182100000.0,
        "Diluted EPS": 1.55,
        "Basic EPS": 1.57,
        "Diluted NI Availto Com Stockholders": 285000000.0,
        "Net Income Common Stockholders": 285000000.0,
        "Net Income": 285000000.0,
        "Net Income Including Noncontrolling Interests": 285000000.0,
        "Net Income Continuous Operations": 285000000.0,
        "Earnings From Equity Interest Net Of Tax": 1000000.0,
        "Tax Provision": 65000000.0,
        "Pretax Income": 349000000.0,
        "Other Income Expense": -72000000.0,
        "Other Non Operating Income Expenses": -44000000.0,
        "Special Income Charges": -28000000.0,
        "Restructuring And Mergern Acquisition": 28000000.0,
        "Net Non Operating Interest Income Expense": -157000000.0,
        "Interest Expense Non Operating": 170000000.0,
        "Interest Income Non Operating": 13000000.0,
        "Operating Income": 578000000.0,
        "Operating Expense": 800000000.0,
        "Depreciation Amortization Depletion Income Statement": 278000000.0,
        "Depreciation And Amortization In Income Statement": 278000000.0,
        "Selling General And Administration": 522000000.0,
        "Gross Profit": 1378000000.0,
        "Cost Of Revenue": 2518000000.0,
        "Total Revenue": 3896000000.0,
        "Operating Revenue": 3896000000.0
    },
    "2024-12-31": {
        "Tax Effect Of Unusual Items": 823529.411765,
        "Tax Rate For Calcs": 0.205882,
        "Normalized EBITDA": 1014000000.0,
        "Total Unusual Items": 4000000.0,
        "Total Unusual Items Excluding Goodwill": 4000000.0,
        "Net Income From Continuing Operation Net Minority Interest": 437000000.0,
        "Reconciled Depreciation": 303000000.0,
        "Reconciled Cost Of Revenue": 2580000000.0,
        "EBITDA": 1018000000.0,
        "EBIT": 715000000.0,
        "Net Interest Income": -160000000.0,
        "Interest Expense": 171000000.0,
        "Interest Income": 11000000.0,
        "Normalized Income": 433823529.411765,
        "Net Income From Continuing And Discontinued Operation": 437000000.0,
        "Total Expenses": 3336000000.0,
        "Total Operating Income As Reported": 626000000.0,
        "Diluted Average Shares": 180800000.0,
        "Basic Average Shares": 178900000.0,
        "Diluted EPS": 2.42,
        "Basic EPS": 2.44,
        "Diluted NI Availto Com Stockholders": 437000000.0,
        "Net Income Common Stockholders": 437000000.0,
        "Net Income": 437000000.0,
        "Net Income Including Noncontrolling Interests": 437000000.0,
        "Net Income Continuous Operations": 437000000.0,
        "Earnings From Equity Interest Net Of Tax": 5000000.0,
        "Tax Provision": 112000000.0,
        "Pretax Income": 544000000.0,
        "Other Income Expense": 82000000.0,
        "Other Non Operating Income Expenses": 78000000.0,
        "Special Income Charges": 4000000.0,
        "Restructuring And Mergern Acquisition": -4000000.0,
        "Net Non Operating Interest Income Expense": -160000000.0,
        "Interest Expense Non Operating": 171000000.0,
        "Interest Income Non Operating": 11000000.0,
        "Operating Income": 622000000.0,
        "Operating Expense": 756000000.0,
        "Depreciation Amortization Depletion Income Statement": 303000000.0,
        "Depreciation And Amortization In Income Statement": 303000000.0,
        "Selling General And Administration": 453000000.0,
        "Gross Profit": 1378000000.0,
        "Cost Of Revenue": 2580000000.0,
        "Total Revenue": 3958000000.0,
        "Operating Revenue": 3958000000.0
    }
}