{
    "2023-03-31": {
        "Tax Effect Of Unusual Items": NaN,
        "Tax Rate For Calcs": NaN,
        "Normalized EBITDA": NaN,
        "Total Unusual Items": NaN,
        "Total Unusual Items Excluding Goodwill": NaN,
        "Net Income From Continuing Operation Net Minority Interest": NaN,
        "Reconciled Depreciation": NaN,
        "Reconciled Cost Of Revenue": NaN,
        "EBITDA": NaN,
        "EBIT": NaN,
        "Net Interest Income": NaN,
        "Interest Expense": NaN,
        "Normalized Income": NaN,
        "Net Income From Continuing And Discontinued Operation": NaN,
        "Total Expenses": NaN,
        "Total Operating Income As Reported": NaN,
        "Diluted Average Shares": NaN,
        "Basic Average Shares": NaN,
        "Diluted EPS": NaN,
        "Basic EPS": NaN,
        "Diluted NI Availto Com Stockholders": NaN,
        "Net Income Common Stockholders": NaN,
        "Net Income": NaN,
        "Minority Interests": NaN,
        "Net Income Including Noncontrolling Interests": NaN,
        "Net Income Discontinuous Operations": 0.0,
        "Net Income Continuous Operations": NaN,
        "Earnings From Equity Interest Net Of Tax": NaN,
        "Tax Provision": NaN,
        "Pretax Income": NaN,
        "Other Income Expense": NaN,
        "Other Non Operating Income Expenses": NaN,
        "Special Income Charges": NaN,
        "Other Special Charges": NaN,
        "Restructuring And Mergern Acquisition": NaN,
        "Gain On Sale Of Security": NaN,
        "Net Non Operating Interest Income Expense": NaN,
        "Interest Expense Non Operating": NaN,
        "Operating Income": NaN,
        "Operating Expense": NaN,
        "Other Operating Expenses": NaN,
        "Depreciation Amortization Depletion Income Statement": NaN,
        "Depreciation And Amortization In Income Statement": NaN,
        "Amortization": NaN,
        "Amortization Of Intangibles Income Statement": NaN,
        "Selling General And Administration": NaN,
        "Selling And Marketing Expense": 311100000.0,
        "Gross Profit": NaN,
        "Cost Of Revenue": NaN,
        "Total Revenue": NaN,
        "Operating Revenue": NaN
    },
    "2022-12-31": {
        "Tax Effect Of Unusual Items": NaN,
        "Tax Rate For Calcs": NaN,
        "Normalized EBITDA": NaN,
        "Total Unusual Items": NaN,
        "Total Unusual Items Excluding Goodwill": NaN,
        "Net Income From Continuing Operation Net Minority Interest": NaN,
        "Reconciled Depreciation": NaN,
        "Reconciled Cost Of Revenue": NaN,
        "EBITDA": NaN,
        "EBIT": NaN,
        "Net Interest Income": NaN,
        "Interest Expense": NaN,
        "Normalized Income": NaN,
        "Net Income From Continuing And Discontinued Operation": NaN,
        "Total Expenses": NaN,
        "Total Operating Income As Reported": NaN,
        "Diluted Average Shares": NaN,
        "Basic Average Shares": NaN,
        "Diluted EPS": NaN,
        "Basic EPS": NaN,
        "Diluted NI Availto Com Stockholders": NaN,
        "Net Income Common Stockholders": NaN,
        "Net Income": NaN,
        "Minority Interests": NaN,
        "Net Income Including Noncontrolling Interests": NaN,
        "Net Income Discontinuous Operations": 14600000.0,
        "Net Income Continuous Operations": NaN,
        "Earnings From Equity Interest Net Of Tax": NaN,
        "Tax Provision": NaN,
        "Pretax Income": NaN,
        "Other Income Expense": NaN,
        "Other Non Operating Income Expenses": NaN,
        "Special Income Charges": NaN,
        "Other Special Charges": 0.0,
        "Restructuring And Mergern Acquisition": NaN,
        "Gain On Sale Of Security": NaN,
        "Net Non Operating Interest Income Expense": NaN,
        "Interest Expense Non Operating": NaN,
        "Operating Income": NaN,
        "Operating Expense": NaN,
        "Other Operating Expenses": NaN,
        "Depreciation Amortization Depletion Income Statement": NaN,
        "Depreciation And Amortization In Income Statement": NaN,
        "Amortization": NaN,
        "Amortization Of Intangibles Income Statement": NaN,
        "Selling General And Administration": NaN,
        "Selling And Marketing Expense": NaN,
        "Gross Profit": NaN,
        "Cost Of Revenue": NaN,
        "Total Revenue": NaN,
        "Operating Revenue": NaN
    },
    "2022-09-30": {
        "Tax Effect Of Unusual Items": 0.0,
        "Tax Rate For Calcs": 0.174942,
        "Normalized EBITDA": 314800000.0,
        "Total Unusual Items": 0.0,
        "Total Unusual Items Excluding Goodwill": 0.0,
        "Net Income From Continuing Operation Net Minority Interest": 144600000.0,
        "Reconciled Depreciation": 115000000.0,
        "Reconciled Cost Of Revenue": 919200000.0,
        "EBITDA": 314800000.0,
        "EBIT": 199800000.0,
        "Net Interest Income": -26600000.0,
        "Interest Expense": 26600000.0,
        "Normalized Income": 144600000.0,
        "Net Income From Continuing And Discontinued Operation": 145100000.0,
        "Total Expenses": 1325700000.0,
        "Total Operating Income As Reported": 190000000.0,
        "Diluted Average Shares": 408500000.0,
        "Basic Average Shares": 404000000.0,
        "Diluted EPS": 0.36,
        "Basic EPS": 0.36,
        "Diluted NI Availto Com Stockholders": 145100000.0,
        "Net Income Common Stockholders": 145100000.0,
        "Net Income": 145100000.0,
        "Minority Interests": -900000.0,
        "Net Income Including Noncontrolling Interests": 146000000.0,
        "Net Income Discontinuous Operations": 500000.0,
        "Net Income Continuous Operations": 145500000.0,
        "Earnings From Equity Interest Net Of Tax": 2600000.0,
        "Tax Provision": 30300000.0,
        "Pretax Income": 173200000.0,
        "Other Income Expense": 9800000.0,
        "Other Non Operating Income Expenses": 9800000.0,
        "Special Income Charges": 0.0,
        "Other Special Charges": NaN,
        "Restructuring And Mergern Acquisition": 18800000.0,
        "Gain On Sale Of Security": 6700000.0,
        "Net Non Operating Interest Income Expense": -26600000.0,
        "Interest Expense Non Operating": 26600000.0,
        "Operating Income": 190000000.0,
        "Operating Expense": 385300000.0,
        "Other Operating Expenses": 12800000.0,
        "Depreciation Amortization Depletion Income Statement": 93800000.0,
        "Depreciation And Amortization In Income Statement": 93800000.0,
        "Amortization": 93800000.0,
        "Amortization Of Intangibles Income Statement": 93800000.0,
        "Selling General And Administration": 278700000.0,
        "Selling And Marketing Expense": NaN,
        "Gross Profit": 575300000.0,
        "Cost Of Revenue": 940400000.0,
        "Total Revenue": 1515700000.0,
        "Operating Revenue": 1515700000.0
    },
    "2022-06-30": {
        "Tax Effect Of Unusual Items": -255346.260388,
        "Tax Rate For Calcs": 0.232133,
        "Normalized EBITDA": 309300000.0,
        "Total Unusual Items": -1100000.0,
        "Total Unusual Items Excluding Goodwill": -1100000.0,
        "Net Income From Continuing Operation Net Minority Interest": 137000000.0,
        "Reconciled Depreciation": 104500000.0,
        "Reconciled Cost Of Revenue": 849200000.0,
        "EBITDA": 308200000.0,
        "EBIT": 203700000.0,
        "Net Interest Income": -23200000.0,
        "Interest Expense": 23200000.0,
        "Normalized Income": 137844653.739612,
        "Net Income From Continuing And Discontinued Operation": 138500000.0,
        "Total Expenses": 1242500000.0,
        "Total Operating Income As Reported": 197400000.0,
        "Diluted Average Shares": 409400000.0,
        "Basic Average Shares": 404500000.0,
        "Diluted EPS": 0.34,
        "Basic EPS": 0.34,
        "Diluted NI Availto Com Stockholders": 138500000.0,
        "Net Income Common Stockholders": 138500000.0,
        "Net Income": 138500000.0,
        "Minority Interests": -800000.0,
        "Net Income Including Noncontrolling Interests": 139300000.0,
        "Net Income Discontinuous Operations": 1500000.0,
        "Net Income Continuous Operations": 137800000.0,
        "Earnings From Equity Interest Net Of Tax": -800000.0,
        "Tax Provision": 41900000.0,
        "Pretax Income": 180500000.0,
        "Other Income Expense": 6300000.0,
        "Other Non Operating Income Expenses": 7400000.0,
        "Special Income Charges": -1100000.0,
        "Other Special Charges": 1100000.0,
        "Restructuring And Mergern Acquisition": 14300000.0,
        "Gain On Sale Of Security": 1800000.0,
        "Net Non Operating Interest Income Expense": -23200000.0,
        "Interest Expense Non Operating": 23200000.0,
        "Operating Income": 197400000.0,
        "Operating Expense": 372400000.0,
        "Other Operating Expenses": 13200000.0,
        "Depreciation Amortization Depletion Income Statement": 83600000.0,
        "Depreciation And Amortization In Income Statement": 83600000.0,
        "Amortization": 83600000.0,
        "Amortization Of Intangibles Income Statement": 83600000.0,
        "Selling General And Administration": 275600000.0,
        "Selling And Marketing Expense": NaN,
        "Gross Profit": 569800000.0,
        "Cost Of Revenue": 870100000.0,
        "Total Revenue": 1439900000.0,
        "Operating Revenue": 1439900000.0
    },
    "2023-06-30": {
        "Tax Effect Of Unusual Items": NaN,
        "Tax Rate For Calcs": NaN,
        "Normalized EBITDA": NaN,
        "Total Unusual Items": NaN,
        "Total Unusual Items Excluding Goodwill": NaN,
        "Net Income From Continuing Operation Net Minority Interest": NaN,
        "Reconciled Depreciation": NaN,
        "Reconciled Cost Of Revenue": NaN,
        "EBITDA": NaN,
        "EBIT": NaN,
        "Net Interest Income": NaN,
        "Interest Expense": NaN,
        "Normalized Income": NaN,
        "Net Income From Continuing And Discontinued Operation": NaN,
        "Total Expenses": NaN,
        "Total Operating Income As Reported": NaN,
        "Diluted Average Shares": NaN,
        "Basic Average Shares": NaN,
        "Diluted EPS": NaN,
        "Basic EPS": NaN,
        "Diluted NI Availto Com Stockholders": NaN,
        "Net Income Common Stockholders": NaN,
        "Net Income": NaN,
        "Minority Interests": NaN,
        "Net Income Including Noncontrolling Interests": NaN,
        "Net Income Discontinuous Operations": 0.0,
        "Net Income Continuous Operations": NaN,
        "Earnings From Equity Interest Net Of Tax": NaN,
        "Tax Provision": NaN,
        "Pretax Income": NaN,
        "Other Income Expense": NaN,
        "Other Non Operating Income Expenses": NaN,
        "Special Income Charges": NaN,
        "Other Special Charges": 900000.0,
        "Restructuring And Mergern Acquisition": NaN,
        "Gain On Sale Of Security": NaN,
        "Net Non Operating Interest Income Expense": NaN,
        "Interest Expense Non Operating": NaN,
        "Operating Income": NaN,
        "Operating Expense": NaN,
        "Other Operating Expenses": NaN,
        "Depreciation Amortization Depletion Income Statement": NaN,
        "Depreciation And Amortization In Income Statement": NaN,
        "Amortization": NaN,
        "Amortization Of Intangibles Income Statement": NaN,
        "Selling General And Administration": NaN,
        "Selling And Marketing Expense": NaN,
        "Gross Profit": NaN,
        "Cost Of Revenue": NaN,
        "Total Revenue": NaN,
        "Operating Revenue": NaN
    },
    "2023-09-30": {
        "Tax Effect Of Unusual Items": NaN,
        "Tax Rate For Calcs": NaN,
        "Normalized EBITDA": NaN,
        "Total Unusual Items": NaN,
        "Total Unusual Items Excluding Goodwill": NaN,
        "Net Income From Continuing Operation Net Minority Interest": NaN,
        "Reconciled Depreciation": NaN,
        "Reconciled Cost Of Revenue": NaN,
        "EBITDA": NaN,
        "EBIT": NaN,
        "Net Interest Income": NaN,
        "Interest Expense": NaN,
        "Normalized Income": NaN,
        "Net Income From Continuing And Discontinued Operation": NaN,
        "Total Expenses": NaN,
        "Total Operating Income As Reported": NaN,
        "Diluted Average Shares": NaN,
        "Basic Average Shares": NaN,
        "Diluted EPS": NaN,
        "Basic EPS": NaN,
        "Diluted NI Availto Com Stockholders": NaN,
        "Net Income Common Stockholders": NaN,
        "Net Income": NaN,
        "Minority Interests": NaN,
        "Net Income Including Noncontrolling Interests": NaN,
        "Net Income Discontinuous Operations": 0.0,
        "Net Income Continuous Operations": NaN,
        "Earnings From Equity Interest Net Of Tax": NaN,
        "Tax Provision": NaN,
        "Pretax Income": NaN,
        "Other Income Expense": NaN,
        "Other Non Operating Income Expenses": NaN,
        "Special Income Charges": NaN,
        "Other Special Charges": 12600000.0,
        "Restructuring And Mergern Acquisition": NaN,
        "Gain On Sale Of Security": NaN,
        "Net Non Operating Interest Income Expense": NaN,
        "Interest Expense Non Operating": NaN,
        "Operating Income": NaN,
        "Operating Expense": NaN,
        "Other Operating Expenses": NaN,
        "Depreciation Amortization Depletion Income Statement": NaN,
        "Depreciation And Amortization In Income Statement": NaN,
        "Amortization": NaN,
        "Amortization Of Intangibles Income Statement": NaN,
        "Selling General And Administration": NaN,
        "Selling And Marketing Expense": NaN,
        "Gross Profit": NaN,
        "Cost Of Revenue": NaN,
        "Total Revenue": NaN,
        "Operating Revenue": NaN
    },
    "2023-12-31": {
        "Tax Effect Of Unusual Items": NaN,
        "Tax Rate For Calcs": NaN,
        "Normalized EBITDA": NaN,
        "Total Unusual Items": NaN,
        "Total Unusual Items Excluding Goodwill": NaN,
        "Net Income From Continuing Operation Net Minority Interest": NaN,
        "Reconciled Depreciation": NaN,
        "Reconciled Cost Of Revenue": NaN,
        "EBITDA": NaN,
        "EBIT": NaN,
        "Net Interest Income": NaN,
        "Interest Expense": NaN,
        "Normalized Income": NaN,
        "Net Income From Continuing And Discontinued Operation": NaN,
        "Total Expenses": NaN,
        "Total Operating Income As Reported": NaN,
        "Diluted Average Shares": NaN,
        "Basic Average Shares": NaN,
        "Diluted EPS": NaN,
        "Basic EPS": NaN,
        "Diluted NI Availto Com Stockholders": NaN,
        "Net Income Common Stockholders": NaN,
        "Net Income": NaN,
        "Minority Interests": NaN,
        "Net Income Including Noncontrolling Interests": NaN,
        "Net Income Discontinuous Operations": 0.0,
        "Net Income Continuous Operations": NaN,
        "Earnings From Equity Interest Net Of Tax": NaN,
        "Tax Provision": NaN,
        "Pretax Income": NaN,
        "Other Income Expense": NaN,
        "Other Non Operating Income Expenses": NaN,
        "Special Income Charges": NaN,
        "Gain On Sale Of Business": NaN,
        "Other Special Charges": 0.0,
        "Impairment Of Capital Assets": NaN,
        "Restructuring And Mergern Acquisition": NaN,
        "Gain On Sale Of Security": NaN,
        "Net Non Operating Interest Income Expense": NaN,
        "Interest Expense Non Operating": NaN,
        "Operating Income": NaN,
        "Operating Expense": NaN,
        "Other Operating Expenses": NaN,
        "Depreciation Amortization Depletion Income Statement": NaN,
        "Depreciation And Amortization In Income Statement": NaN,
        "Amortization": NaN,
        "Amortization Of Intangibles Income Statement": NaN,
        "Selling General And Administration": NaN,
        "Selling And Marketing Expense": NaN,
        "Gross Profit": NaN,
        "Cost Of Revenue": NaN,
        "Total Revenue": NaN,
        "Operating Revenue": NaN
    },
    "2024-03-31": {
        "Tax Effect Of Unusual Items": NaN,
        "Tax Rate For Calcs": NaN,
        "Normalized EBITDA": NaN,
        "Total Unusual Items": NaN,
        "Total Unusual Items Excluding Goodwill": NaN,
        "Net Income From Continuing Operation Net Minority Interest": NaN,
        "Reconciled Depreciation": NaN,
        "Reconciled Cost Of Revenue": NaN,
        "EBITDA": NaN,
        "EBIT": NaN,
        "Net Interest Income": NaN,
        "Interest Expense": NaN,
        "Normalized Income": NaN,
        "Net Income From Continuing And Discontinued Operation": NaN,
        "Total Expenses": NaN,
        "Total Operating Income As Reported": NaN,
        "Diluted Average Shares": NaN,
        "Basic Average Shares": NaN,
        "Diluted EPS": NaN,
        "Basic EPS": NaN,
        "Diluted NI Availto Com Stockholders": NaN,
        "Net Income Common Stockholders": NaN,
        "Net Income": NaN,
        "Minority Interests": NaN,
        "Net Income Including Noncontrolling Interests": NaN,
        "Net Income Continuous Operations": NaN,
        "Earnings From Equity Interest Net Of Tax": NaN,
        "Tax Provision": NaN,
        "Pretax Income": NaN,
        "Other Income Expense": NaN,
        "Other Non Operating Income Expenses": NaN,
        "Special Income Charges": NaN,
        "Gain On Sale Of Business": NaN,
        "Other Special Charges": NaN,
        "Impairment Of Capital Assets": NaN,
        "Restructuring And Mergern Acquisition": NaN,
        "Gain On Sale Of Security": NaN,
        "Net Non Operating Interest Income Expense": NaN,
        "Interest Expense Non Operating": NaN,
        "Operating Income": NaN,
        "Operating Expense": NaN,
        "Other Operating Expenses": NaN,
        "Depreciation Amortization Depletion Income Statement": NaN,
        "Depreciation And Amortization In Income Statement": NaN,
        "Amortization": NaN,
        "Amortization Of Intangibles Income Statement": NaN,
        "Selling General And Administration": NaN,
        "Selling And Marketing Expense": 336300000.0,
        "Gross Profit": NaN,
        "Cost Of Revenue": NaN,
        "Total Revenue": NaN,
        "Operating Revenue": NaN
    },
    "2024-06-30": {
        "Tax Effect Of Unusual Items": NaN,
        "Tax Rate For Calcs": NaN,
        "Normalized EBITDA": NaN,
        "Total Unusual Items": NaN,
        "Total Unusual Items Excluding Goodwill": NaN,
        "Net Income From Continuing Operation Net Minority Interest": NaN,
        "Reconciled Depreciation": NaN,
        "Reconciled Cost Of Revenue": NaN,
        "EBITDA": NaN,
        "EBIT": NaN,
        "Net Interest Income": NaN,
        "Interest Expense": NaN,
        "Normalized Income": NaN,
        "Net Income From Continuing And Discontinued Operation": NaN,
        "Total Expenses": NaN,
        "Total Operating Income As Reported": NaN,
        "Diluted Average Shares": NaN,
        "Basic Average Shares": NaN,
        "Diluted EPS": NaN,
        "Basic EPS": NaN,
        "Diluted NI Availto Com Stockholders": NaN,
        "Net Income Common Stockholders": NaN,
        "Net Income": NaN,
        "Minority Interests": NaN,
        "Net Income Including Noncontrolling Interests": NaN,
        "Net Income Continuous Operations": NaN,
        "Earnings From Equity Interest Net Of Tax": NaN,
        "Tax Provision": NaN,
        "Pretax Income": NaN,
        "Other Income Expense": NaN,
        "Other Non Operating Income Expenses": NaN,
        "Special Income Charges": NaN,
        "Gain On Sale Of Business": -58800000.0,
        "Other Special Charges": 3000000.0,
        "Impairment Of Capital Assets": 0.0,
        "Restructuring And Mergern Acquisition": NaN,
        "Gain On Sale Of Security": NaN,
        "Net Non Operating Interest Income Expense": NaN,
        "Interest Expense Non Operating": NaN,
        "Operating Income": NaN,
        "Operating Expense": NaN,
        "Other Operating Expenses": NaN,
        "Depreciation Amortization Depletion Income Statement": NaN,
        "Depreciation And Amortization In Income Statement": NaN,
        "Amortization": NaN,
        "Amortization Of Intangibles Income Statement": NaN,
        "Selling General And Administration": NaN,
        "Selling And Marketing Expense": NaN,
        "Gross Profit": NaN,
        "Cost Of Revenue": NaN,
        "Total Revenue": NaN,
        "Operating Revenue": NaN
    },
    "2024-09-30": {
        "Tax Effect Of Unusual Items": -7027200.0,
        "Tax Rate For Calcs": 0.244,
        "Normalized EBITDA": 518900000.0,
        "Total Unusual Items": -28800000.0,
        "Total Unusual Items Excluding Goodwill": -28800000.0,
        "Net Income From Continuing Operation Net Minority Interest": 221600000.0,
        "Reconciled Depreciation": 124300000.0,
        "Reconciled Cost Of Revenue": 1016700000.0,
        "EBITDA": 490100000.0,
        "EBIT": 365800000.0,
        "Net Interest Income": -63800000.0,
        "Interest Expense": 63800000.0,
        "Normalized Income": 243372800.0,
        "Net Income From Continuing And Discontinued Operation": 221600000.0,
        "Total Expenses": 1475900000.0,
        "Total Operating Income As Reported": 356300000.0,
        "Diluted Average Shares": 406900000.0,
        "Basic Average Shares": 403400000.0,
        "Diluted EPS": 0.54,
        "Basic EPS": 0.55,
        "Diluted NI Availto Com Stockholders": 221600000.0,
        "Net Income Common Stockholders": 221600000.0,
        "Net Income": 221600000.0,
        "Minority Interests": -1800000.0,
        "Net Income Including Noncontrolling Interests": 223400000.0,
        "Net Income Continuous Operations": 223400000.0,
        "Earnings From Equity Interest Net Of Tax": -4800000.0,
        "Tax Provision": 73800000.0,
        "Pretax Income": 302000000.0,
        "Other Income Expense": -19300000.0,
        "Other Non Operating Income Expenses": 9500000.0,
        "Special Income Charges": -18900000.0,
        "Gain On Sale Of Business": 0.0,
        "Other Special Charges": NaN,
        "Impairment Of Capital Assets": NaN,
        "Restructuring And Mergern Acquisition": 18900000.0,
        "Gain On Sale Of Security": -9900000.0,
        "Net Non Operating Interest Income Expense": -63800000.0,
        "Interest Expense Non Operating": 63800000.0,
        "Operating Income": 385100000.0,
        "Operating Expense": 429900000.0,
        "Other Operating Expenses": 600000.0,
        "Depreciation Amortization Depletion Income Statement": 95000000.0,
        "Depreciation And Amortization In Income Statement": 95000000.0,
        "Amortization": 95000000.0,
        "Amortization Of Intangibles Income Statement": 95000000.0,
        "Selling General And Administration": 334300000.0,
        "Selling And Marketing Expense": NaN,
        "Gross Profit": 815000000.0,
        "Cost Of Revenue": 1046000000.0,
        "Total Revenue": 1861000000.0,
        "Operating Revenue": 1861000000.0
    },
    "2024-12-31": {
        "Tax Effect Of Unusual Items": -3391264.226392,
        "Tax Rate For Calcs": 0.271301,
        "Normalized EBITDA": 523000000.0,
        "Total Unusual Items": -12500000.0,
        "Total Unusual Items Excluding Goodwill": -12500000.0,
        "Net Income From Continuing Operation Net Minority Interest": 229800000.0,
        "Reconciled Depreciation": 123600000.0,
        "Reconciled Cost Of Revenue": 1054800000.0,
        "EBITDA": 510500000.0,
        "EBIT": 386900000.0,
        "Net Interest Income": -61800000.0,
        "Interest Expense": 61800000.0,
        "Normalized Income": 238908735.773608,
        "Net Income From Continuing And Discontinued Operation": 229800000.0,
        "Total Expenses": 1507300000.0,
        "Total Operating Income As Reported": 378800000.0,
        "Diluted Average Shares": 406600000.0,
        "Basic Average Shares": 403000000.0,
        "Diluted EPS": 0.57,
        "Basic EPS": 0.57,
        "Diluted NI Availto Com Stockholders": 229800000.0,
        "Net Income Common Stockholders": 229800000.0,
        "Net Income": 229800000.0,
        "Minority Interests": -2100000.0,
        "Net Income Including Noncontrolling Interests": 231900000.0,
        "Net Income Continuous Operations": 231900000.0,
        "Earnings From Equity Interest Net Of Tax": -5000000.0,
        "Tax Provision": 88200000.0,
        "Pretax Income": 325100000.0,
        "Other Income Expense": -4400000.0,
        "Other Non Operating Income Expenses": 8100000.0,
        "Special Income Charges": -18500000.0,
        "Gain On Sale Of Business": 0.0,
        "Other Special Charges": 0.0,
        "Impairment Of Capital Assets": NaN,
        "Restructuring And Mergern Acquisition": 4600000.0,
        "Gain On Sale Of Security": 6000000.0,
        "Net Non Operating Interest Income Expense": -61800000.0,
        "Interest Expense Non Operating": 61800000.0,
        "Operating Income": 391300000.0,
        "Operating Expense": 424100000.0,
        "Other Operating Expenses": -2800000.0,
        "Depreciation Amortization Depletion Income Statement": 95200000.0,
        "Depreciation And Amortization In Income Statement": 95200000.0,
        "Amortization": 95200000.0,
        "Amortization Of Intangibles Income Statement": 95200000.0,
        "Selling General And Administration": 331700000.0,
        "Selling And Marketing Expense": NaN,
        "Gross Profit": 815400000.0,
        "Cost Of Revenue": 1083200000.0,
        "Total Revenue": 1898600000.0,
        "Operating Revenue": 1898600000.0
    },
    "2025-03-31": {
        "Tax Effect Of Unusual Items": -5058900.0,
        "Tax Rate For Calcs": 0.231,
        "Normalized EBITDA": 456200000.0,
        "Total Unusual Items": -21900000.0,
        "Total Unusual Items Excluding Goodwill": -21900000.0,
        "Net Income From Continuing Operation Net Minority Interest": 186500000.0,
        "Reconciled Depreciation": 120000000.0,
        "Reconciled Cost Of Revenue": 922600000.0,
        "EBITDA": 434300000.0,
        "EBIT": 314300000.0,
        "Net Interest Income": -61200000.0,
        "Interest Expense": 61200000.0,
        "Normalized Income": 203341100.0,
        "Net Income From Continuing And Discontinued Operation": 186500000.0,
        "Total Expenses": 1392400000.0,
        "Total Operating Income As Reported": 302500000.0,
        "Diluted Average Shares": 406400000.0,
        "Basic Average Shares": 403100000.0,
        "Diluted EPS": 0.46,
        "Basic EPS": 0.46,
        "Diluted NI Availto Com Stockholders": 186500000.0,
        "Net Income Common Stockholders": 186500000.0,
        "Net Income": 186500000.0,
        "Minority Interests": -1900000.0,
        "Net Income Including Noncontrolling Interests": 188400000.0,
        "Net Income Continuous Operations": 188400000.0,
        "Earnings From Equity Interest Net Of Tax": -6200000.0,
        "Tax Provision": 58500000.0,
        "Pretax Income": 253100000.0,
        "Other Income Expense": -10100000.0,
        "Other Non Operating Income Expenses": 11800000.0,
        "Special Income Charges": -15100000.0,
        "Gain On Sale Of Business": NaN,
        "Other Special Charges": NaN,
        "Impairment Of Capital Assets": NaN,
        "Restructuring And Mergern Acquisition": 15100000.0,
        "Gain On Sale Of Security": -6800000.0,
        "Net Non Operating Interest Income Expense": -61200000.0,
        "Interest Expense Non Operating": 61200000.0,
        "Operating Income": 324400000.0,
        "Operating Expense": 441100000.0,
        "Other Operating Expenses": -200000.0,
        "Depreciation Amortization Depletion Income Statement": 91300000.0,
        "Depreciation And Amortization In Income Statement": 91300000.0,
        "Amortization": 91300000.0,
        "Amortization Of Intangibles Income Statement": 91300000.0,
        "Selling General And Administration": 350000000.0,
        "Selling And Marketing Expense": 350000000.0,
        "Gross Profit": 765500000.0,
        "Cost Of Revenue": 951300000.0,
        "Total Revenue": 1716800000.0,
        "Operating Revenue": 1716800000.0
    },
    "2025-06-30": {
        "Tax Effect Of Unusual Items": -60228000.0,
        "Tax Rate For Calcs": 0.21,
        "Normalized EBITDA": 498100000.0,
        "Total Unusual Items": -286800000.0,
        "Total Unusual Items Excluding Goodwill": -286800000.0,
        "Net Income From Continuing Operation Net Minority Interest": -115300000.0,
        "Reconciled Depreciation": 120500000.0,
        "Reconciled Cost Of Revenue": 1034100000.0,
        "EBITDA": 211300000.0,
        "EBIT": 90800000.0,
        "Net Interest Income": -62700000.0,
        "Interest Expense": 62700000.0,
        "Normalized Income": 111272000.0,
        "Net Income From Continuing And Discontinued Operation": -115300000.0,
        "Total Expenses": 1524700000.0,
        "Total Operating Income As Reported": 76400000.0,
        "Diluted Average Shares": 400500000.0,
        "Basic Average Shares": 400500000.0,
        "Diluted EPS": -0.29,
        "Basic EPS": -0.29,
        "Diluted NI Availto Com Stockholders": -115300000.0,
        "Net Income Common Stockholders": -115300000.0,
        "Net Income": -115300000.0,
        "Minority Interests": -1500000.0,
        "Net Income Including Noncontrolling Interests": -113800000.0,
        "Net Income Continuous Operations": -113800000.0,
        "Earnings From Equity Interest Net Of Tax": -120900000.0,
        "Tax Provision": 21000000.0,
        "Pretax Income": 28100000.0,
        "Other Income Expense": -272400000.0,
        "Other Non Operating Income Expenses": 14400000.0,
        "Special Income Charges": -280800000.0,
        "Gain On Sale Of Business": 0.0,
        "Other Special Charges": NaN,
        "Impairment Of Capital Assets": 265800000.0,
        "Restructuring And Mergern Acquisition": 15000000.0,
        "Gain On Sale Of Security": -6000000.0,
        "Net Non Operating Interest Income Expense": -62700000.0,
        "Interest Expense Non Operating": 62700000.0,
        "Operating Income": 363200000.0,
        "Operating Expense": 461700000.0,
        "Other Operating Expenses": -1100000.0,
        "Depreciation Amortization Depletion Income Statement": 91600000.0,
        "Depreciation And Amortization In Income Statement": 91600000.0,
        "Amortization": 91600000.0,
        "Amortization Of Intangibles Income Statement": 91600000.0,
        "Selling General And Administration": 371200000.0,
        "Selling And Marketing Expense": NaN,
        "Gross Profit": 824900000.0,
        "Cost Of Revenue": 1063000000.0,
        "Total Revenue": 1887900000.0,
        "Operating Revenue": 1887900000.0
    },
    "2025-09-30": {
        "Tax Effect Of Unusual Items": -5290000.0,
        "Tax Rate For Calcs": 0.23,
        "Normalized EBITDA": 532000000.0,
        "Total Unusual Items": -23000000.0,
        "Total Unusual Items Excluding Goodwill": -23000000.0,
        "Net Income From Continuing Operation Net Minority Interest": 244100000.0,
        "Reconciled Depreciation": 124500000.0,
        "Reconciled Cost Of Revenue": 1070200000.0,
        "EBITDA": 509000000.0,
        "EBIT": 384500000.0,
        "Net Interest Income": -65100000.0,
        "Interest Expense": 65100000.0,
        "Normalized Income": 261810000.0,
        "Net Income From Continuing And Discontinued Operation": 244100000.0,
        "Total Expenses": 1556500000.0,
        "Total Operating Income As Reported": 375500000.0,
        "Diluted Average Shares": 399000000.0,
        "Basic Average Shares": 396000000.0,
        "Diluted EPS": 0.61,
        "Basic EPS": 0.62,
        "Diluted NI Availto Com Stockholders": 244100000.0,
        "Net Income Common Stockholders": 244100000.0,
        "Net Income": 244100000.0,
        "Minority Interests": -1700000.0,
        "Net Income Including Noncontrolling Interests": 245800000.0,
        "Net Income Continuous Operations": 245800000.0,
        "Earnings From Equity Interest Net Of Tax": 0.0,
        "Tax Provision": 73600000.0,
        "Pretax Income": 319400000.0,
        "Other Income Expense": -14000000.0,
        "Other Non Operating Income Expenses": 9000000.0,
        "Special Income Charges": -20200000.0,
        "Gain On Sale Of Business": 0.0,
        "Other Special Charges": NaN,
        "Impairment Of Capital Assets": 0.0,
        "Restructuring And Mergern Acquisition": 20200000.0,
        "Gain On Sale Of Security": -2800000.0,
        "Net Non Operating Interest Income Expense": -65100000.0,
        "Interest Expense Non Operating": 65100000.0,
        "Operating Income": 398500000.0,
        "Operating Expense": 456700000.0,
        "Other Operating Expenses": 800000.0,
        "Depreciation Amortization Depletion Income Statement": 94900000.0,
        "Depreciation And Amortization In Income Statement": 94900000.0,
        "Amortization": 94900000.0,
        "Amortization Of Intangibles Income Statement": 94900000.0,
        "Selling General And Administration": 361000000.0,
        "Selling And Marketing Expense": NaN,
        "Gross Profit": 855200000.0,
        "Cost Of Revenue": 1099800000.0,
        "Total Revenue": 1955000000.0,
        "Operating Revenue": 1955000000.0
    }
}