{
    "2024-06-30": {
        "Tax Effect Of Unusual Items": 0.0,
        "Tax Rate For Calcs": 0.0,
        "Normalized EBITDA": -7765000.0,
        "Total Unusual Items": NaN,
        "Total Unusual Items Excluding Goodwill": NaN,
        "Net Income From Continuing Operation Net Minority Interest": -7765000.0,
        "Reconciled Depreciation": 0.0,
        "EBITDA": -7765000.0,
        "EBIT": -7765000.0,
        "Net Interest Income": 0.0,
        "Interest Expense": 0.0,
        "Interest Income": NaN,
        "Normalized Income": -7765000.0,
        "Net Income From Continuing And Discontinued Operation": -7765000.0,
        "Total Expenses": 9440000.0,
        "Total Operating Income As Reported": -8328000.0,
        "Diluted Average Shares": 25827265.0,
        "Basic Average Shares": 25827265.0,
        "Diluted EPS": -0.3,
        "Basic EPS": -0.3,
        "Diluted NI Availto Com Stockholders": -7765000.0,
        "Net Income Common Stockholders": -7765000.0,
        "Net Income": -7765000.0,
        "Net Income Including Noncontrolling Interests": -7765000.0,
        "Net Income Continuous Operations": -7765000.0,
        "Tax Provision": 0.0,
        "Pretax Income": -7765000.0,
        "Other Income Expense": 563000.0,
        "Other Non Operating Income Expenses": 563000.0,
        "Gain On Sale Of Security": NaN,
        "Net Non Operating Interest Income Expense": 0.0,
        "Total Other Finance Cost": NaN,
        "Interest Expense Non Operating": 0.0,
        "Interest Income Non Operating": NaN,
        "Operating Income": -8328000.0,
        "Operating Expense": 9440000.0,
        "Research And Development": 6086000.0,
        "Selling General And Administration": 3354000.0,
        "General And Administrative Expense": 3354000.0,
        "Other Gand A": 3354000.0,
        "Total Revenue": 1112000.0,
        "Operating Revenue": 1112000.0
    },
    "2024-03-31": {
        "Tax Effect Of Unusual Items": NaN,
        "Tax Rate For Calcs": NaN,
        "Normalized EBITDA": NaN,
        "Total Unusual Items": NaN,
        "Total Unusual Items Excluding Goodwill": NaN,
        "Net Income From Continuing Operation Net Minority Interest": NaN,
        "Reconciled Depreciation": NaN,
        "EBITDA": NaN,
        "EBIT": NaN,
        "Net Interest Income": NaN,
        "Interest Expense": 0.0,
        "Interest Income": 600000.0,
        "Normalized Income": NaN,
        "Net Income From Continuing And Discontinued Operation": NaN,
        "Total Expenses": NaN,
        "Total Operating Income As Reported": NaN,
        "Diluted Average Shares": 24520475.0,
        "Basic Average Shares": 24520475.0,
        "Diluted EPS": -0.29,
        "Basic EPS": -0.29,
        "Diluted NI Availto Com Stockholders": NaN,
        "Net Income Common Stockholders": NaN,
        "Net Income": NaN,
        "Net Income Including Noncontrolling Interests": NaN,
        "Net Income Continuous Operations": NaN,
        "Tax Provision": NaN,
        "Pretax Income": NaN,
        "Other Income Expense": NaN,
        "Other Non Operating Income Expenses": NaN,
        "Gain On Sale Of Security": NaN,
        "Net Non Operating Interest Income Expense": NaN,
        "Total Other Finance Cost": NaN,
        "Interest Expense Non Operating": 0.0,
        "Interest Income Non Operating": 600000.0,
        "Operating Income": NaN,
        "Operating Expense": NaN,
        "Research And Development": NaN,
        "Selling General And Administration": NaN,
        "General And Administrative Expense": NaN,
        "Other Gand A": NaN,
        "Total Revenue": NaN,
        "Operating Revenue": NaN
    },
    "2023-12-31": {
        "Tax Effect Of Unusual Items": NaN,
        "Tax Rate For Calcs": NaN,
        "Normalized EBITDA": NaN,
        "Total Unusual Items": 19000.0,
        "Total Unusual Items Excluding Goodwill": 19000.0,
        "Net Income From Continuing Operation Net Minority Interest": NaN,
        "Reconciled Depreciation": NaN,
        "EBITDA": NaN,
        "EBIT": NaN,
        "Net Interest Income": NaN,
        "Interest Expense": NaN,
        "Interest Income": NaN,
        "Normalized Income": NaN,
        "Net Income From Continuing And Discontinued Operation": NaN,
        "Total Expenses": NaN,
        "Total Operating Income As Reported": NaN,
        "Diluted Average Shares": NaN,
        "Basic Average Shares": NaN,
        "Diluted EPS": NaN,
        "Basic EPS": NaN,
        "Diluted NI Availto Com Stockholders": NaN,
        "Net Income Common Stockholders": NaN,
        "Net Income": NaN,
        "Net Income Including Noncontrolling Interests": NaN,
        "Net Income Continuous Operations": NaN,
        "Tax Provision": NaN,
        "Pretax Income": NaN,
        "Other Income Expense": NaN,
        "Other Non Operating Income Expenses": NaN,
        "Gain On Sale Of Security": 19000.0,
        "Net Non Operating Interest Income Expense": NaN,
        "Total Other Finance Cost": 0.0,
        "Interest Expense Non Operating": NaN,
        "Interest Income Non Operating": NaN,
        "Operating Income": NaN,
        "Operating Expense": NaN,
        "Research And Development": NaN,
        "Selling General And Administration": NaN,
        "General And Administrative Expense": NaN,
        "Other Gand A": NaN,
        "Total Revenue": NaN,
        "Operating Revenue": NaN
    },
    "2023-09-30": {
        "Tax Effect Of Unusual Items": NaN,
        "Tax Rate For Calcs": NaN,
        "Normalized EBITDA": NaN,
        "Total Unusual Items": 61000.0,
        "Total Unusual Items Excluding Goodwill": 61000.0,
        "Net Income From Continuing Operation Net Minority Interest": NaN,
        "Reconciled Depreciation": NaN,
        "EBITDA": NaN,
        "EBIT": NaN,
        "Net Interest Income": NaN,
        "Interest Expense": NaN,
        "Interest Income": NaN,
        "Normalized Income": NaN,
        "Net Income From Continuing And Discontinued Operation": NaN,
        "Total Expenses": NaN,
        "Total Operating Income As Reported": NaN,
        "Diluted Average Shares": 22405995.0,
        "Basic Average Shares": 21446648.0,
        "Diluted EPS": 0.25,
        "Basic EPS": 0.26,
        "Diluted NI Availto Com Stockholders": NaN,
        "Net Income Common Stockholders": NaN,
        "Net Income": NaN,
        "Net Income Including Noncontrolling Interests": NaN,
        "Net Income Continuous Operations": NaN,
        "Tax Provision": NaN,
        "Pretax Income": NaN,
        "Other Income Expense": NaN,
        "Other Non Operating Income Expenses": NaN,
        "Gain On Sale Of Security": 61000.0,
        "Net Non Operating Interest Income Expense": NaN,
        "Total Other Finance Cost": 1328000.0,
        "Interest Expense Non Operating": NaN,
        "Interest Income Non Operating": NaN,
        "Operating Income": NaN,
        "Operating Expense": NaN,
        "Research And Development": NaN,
        "Selling General And Administration": NaN,
        "General And Administrative Expense": NaN,
        "Other Gand A": NaN,
        "Total Revenue": NaN,
        "Operating Revenue": NaN
    },
    "2023-06-30": {
        "Tax Effect Of Unusual Items": NaN,
        "Tax Rate For Calcs": NaN,
        "Normalized EBITDA": NaN,
        "Total Unusual Items": NaN,
        "Total Unusual Items Excluding Goodwill": NaN,
        "Net Income From Continuing Operation Net Minority Interest": NaN,
        "Reconciled Depreciation": NaN,
        "EBITDA": NaN,
        "EBIT": NaN,
        "Net Interest Income": 0.0,
        "Interest Expense": 0.0,
        "Interest Income": NaN,
        "Normalized Income": NaN,
        "Net Income From Continuing And Discontinued Operation": NaN,
        "Total Expenses": NaN,
        "Total Operating Income As Reported": NaN,
        "Diluted Average Shares": 20959807.0,
        "Basic Average Shares": 20959807.0,
        "Diluted EPS": -0.24,
        "Basic EPS": -0.24,
        "Diluted NI Availto Com Stockholders": NaN,
        "Net Income Common Stockholders": NaN,
        "Net Income": NaN,
        "Net Income Including Noncontrolling Interests": NaN,
        "Net Income Continuous Operations": NaN,
        "Tax Provision": NaN,
        "Pretax Income": NaN,
        "Other Income Expense": NaN,
        "Other Non Operating Income Expenses": NaN,
        "Gain On Sale Of Security": NaN,
        "Net Non Operating Interest Income Expense": 0.0,
        "Total Other Finance Cost": NaN,
        "Interest Expense Non Operating": 0.0,
        "Interest Income Non Operating": NaN,
        "Operating Income": NaN,
        "Operating Expense": NaN,
        "Research And Development": NaN,
        "Selling General And Administration": NaN,
        "General And Administrative Expense": 4340000.0,
        "Other Gand A": 4340000.0,
        "Total Revenue": NaN,
        "Operating Revenue": NaN
    },
    "2023-03-31": {
        "Tax Effect Of Unusual Items": NaN,
        "Tax Rate For Calcs": NaN,
        "Normalized EBITDA": NaN,
        "Total Unusual Items": -27000.0,
        "Total Unusual Items Excluding Goodwill": -27000.0,
        "Net Income From Continuing Operation Net Minority Interest": NaN,
        "Reconciled Depreciation": NaN,
        "EBITDA": NaN,
        "EBIT": NaN,
        "Net Interest Income": NaN,
        "Interest Expense": 0.0,
        "Interest Income": 367000.0,
        "Normalized Income": NaN,
        "Net Income From Continuing And Discontinued Operation": NaN,
        "Total Expenses": NaN,
        "Total Operating Income As Reported": NaN,
        "Diluted Average Shares": NaN,
        "Basic Average Shares": NaN,
        "Diluted EPS": NaN,
        "Basic EPS": NaN,
        "Diluted NI Availto Com Stockholders": NaN,
        "Net Income Common Stockholders": NaN,
        "Net Income": NaN,
        "Net Income Including Noncontrolling Interests": NaN,
        "Net Income Continuous Operations": NaN,
        "Tax Provision": NaN,
        "Pretax Income": NaN,
        "Other Income Expense": NaN,
        "Other Non Operating Income Expenses": NaN,
        "Gain On Sale Of Security": -27000.0,
        "Net Non Operating Interest Income Expense": NaN,
        "Total Other Finance Cost": NaN,
        "Interest Expense Non Operating": 0.0,
        "Interest Income Non Operating": 367000.0,
        "Operating Income": NaN,
        "Operating Expense": NaN,
        "Research And Development": NaN,
        "Selling General And Administration": NaN,
        "General And Administrative Expense": NaN,
        "Other Gand A": NaN,
        "Total Revenue": NaN,
        "Operating Revenue": NaN
    },
    "2024-09-30": {
        "Tax Effect Of Unusual Items": 0.0,
        "Tax Rate For Calcs": 0.0,
        "Normalized EBITDA": -7526000.0,
        "Total Unusual Items": NaN,
        "Total Unusual Items Excluding Goodwill": NaN,
        "Net Income From Continuing Operation Net Minority Interest": -7526000.0,
        "Reconciled Depreciation": 0.0,
        "EBITDA": -7526000.0,
        "EBIT": -7526000.0,
        "Net Interest Income": 500000.0,
        "Interest Expense": 0.0,
        "Interest Income": 500000.0,
        "Normalized Income": -7526000.0,
        "Net Income From Continuing And Discontinued Operation": -7526000.0,
        "Total Expenses": 11876000.0,
        "Total Operating Income As Reported": -8009000.0,
        "Diluted Average Shares": 26145080.0,
        "Basic Average Shares": 26145080.0,
        "Diluted EPS": -0.29,
        "Basic EPS": -0.29,
        "Diluted NI Availto Com Stockholders": -7526000.0,
        "Net Income Common Stockholders": -7526000.0,
        "Net Income": -7526000.0,
        "Net Income Including Noncontrolling Interests": -7526000.0,
        "Net Income Continuous Operations": -7526000.0,
        "Tax Provision": 0.0,
        "Pretax Income": -7526000.0,
        "Other Income Expense": -17000.0,
        "Other Non Operating Income Expenses": -17000.0,
        "Gain On Sale Of Security": NaN,
        "Net Non Operating Interest Income Expense": 500000.0,
        "Total Other Finance Cost": NaN,
        "Interest Expense Non Operating": 0.0,
        "Interest Income Non Operating": 500000.0,
        "Operating Income": -8009000.0,
        "Operating Expense": 11876000.0,
        "Research And Development": 8982000.0,
        "Selling General And Administration": 2894000.0,
        "General And Administrative Expense": 2894000.0,
        "Other Gand A": 2894000.0,
        "Total Revenue": 3867000.0,
        "Operating Revenue": 3867000.0
    },
    "2024-12-31": {
        "Tax Effect Of Unusual Items": 0.0,
        "Tax Rate For Calcs": 0.0,
        "Normalized EBITDA": -35125000.0,
        "Total Unusual Items": NaN,
        "Total Unusual Items Excluding Goodwill": NaN,
        "Net Income From Continuing Operation Net Minority Interest": -35135000.0,
        "Reconciled Depreciation": 10000.0,
        "EBITDA": -35125000.0,
        "EBIT": -35135000.0,
        "Net Interest Income": 0.0,
        "Interest Expense": 0.0,
        "Interest Income": NaN,
        "Normalized Income": -35135000.0,
        "Net Income From Continuing And Discontinued Operation": -35135000.0,
        "Total Expenses": 14331000.0,
        "Total Operating Income As Reported": -38029000.0,
        "Diluted Average Shares": NaN,
        "Basic Average Shares": NaN,
        "Diluted EPS": NaN,
        "Basic EPS": NaN,
        "Diluted NI Availto Com Stockholders": -35135000.0,
        "Net Income Common Stockholders": -35135000.0,
        "Net Income": -35135000.0,
        "Net Income Including Noncontrolling Interests": -35135000.0,
        "Net Income Continuous Operations": -35135000.0,
        "Tax Provision": 0.0,
        "Pretax Income": -35135000.0,
        "Other Income Expense": -25106000.0,
        "Other Non Operating Income Expenses": 2822000.0,
        "Gain On Sale Of Security": NaN,
        "Net Non Operating Interest Income Expense": 0.0,
        "Total Other Finance Cost": NaN,
        "Interest Expense Non Operating": 0.0,
        "Interest Income Non Operating": NaN,
        "Operating Income": -10029000.0,
        "Operating Expense": 14331000.0,
        "Research And Development": 7034000.0,
        "Selling General And Administration": 7297000.0,
        "General And Administrative Expense": 7297000.0,
        "Other Gand A": 7297000.0,
        "Total Revenue": 4302000.0,
        "Operating Revenue": 4302000.0
    },
    "2025-03-31": {
        "Tax Effect Of Unusual Items": 0.0,
        "Tax Rate For Calcs": 0.0,
        "Normalized EBITDA": -9614000.0,
        "Total Unusual Items": 2805000.0,
        "Total Unusual Items Excluding Goodwill": 2805000.0,
        "Net Income From Continuing Operation Net Minority Interest": -8194000.0,
        "Reconciled Depreciation": 13000.0,
        "EBITDA": -6809000.0,
        "EBIT": -6822000.0,
        "Net Interest Income": -1372000.0,
        "Interest Expense": 1372000.0,
        "Interest Income": NaN,
        "Normalized Income": -10999000.0,
        "Net Income From Continuing And Discontinued Operation": -8194000.0,
        "Total Expenses": 14299000.0,
        "Total Operating Income As Reported": -9929000.0,
        "Diluted Average Shares": 33884920.0,
        "Basic Average Shares": 33884920.0,
        "Diluted EPS": -0.24,
        "Basic EPS": -0.24,
        "Diluted NI Availto Com Stockholders": -8194000.0,
        "Net Income Common Stockholders": -8194000.0,
        "Net Income": -8194000.0,
        "Net Income Including Noncontrolling Interests": -8194000.0,
        "Net Income Continuous Operations": -8194000.0,
        "Tax Provision": 0.0,
        "Pretax Income": -8194000.0,
        "Other Income Expense": 3107000.0,
        "Other Non Operating Income Expenses": 302000.0,
        "Gain On Sale Of Security": 2805000.0,
        "Net Non Operating Interest Income Expense": -1372000.0,
        "Total Other Finance Cost": NaN,
        "Interest Expense Non Operating": 1372000.0,
        "Interest Income Non Operating": NaN,
        "Operating Income": -9929000.0,
        "Operating Expense": 14299000.0,
        "Research And Development": 7953000.0,
        "Selling General And Administration": 6346000.0,
        "General And Administrative Expense": 6346000.0,
        "Other Gand A": 6346000.0,
        "Total Revenue": 4370000.0,
        "Operating Revenue": 4370000.0
    },
    "2025-06-30": {
        "Tax Effect Of Unusual Items": 0.0,
        "Tax Rate For Calcs": 0.0,
        "Normalized EBITDA": -9809000.0,
        "Total Unusual Items": 917000.0,
        "Total Unusual Items Excluding Goodwill": 917000.0,
        "Net Income From Continuing Operation Net Minority Interest": -7420000.0,
        "Reconciled Depreciation": 14000.0,
        "EBITDA": -8892000.0,
        "EBIT": -8906000.0,
        "Net Interest Income": 35000.0,
        "Interest Expense": NaN,
        "Interest Income": NaN,
        "Normalized Income": -8337000.0,
        "Net Income From Continuing And Discontinued Operation": -7420000.0,
        "Total Expenses": 11788000.0,
        "Total Operating Income As Reported": -8906000.0,
        "Diluted Average Shares": 63376392.0,
        "Basic Average Shares": 63376392.0,
        "Diluted EPS": -0.12,
        "Basic EPS": -0.12,
        "Diluted NI Availto Com Stockholders": -7420000.0,
        "Net Income Common Stockholders": -7420000.0,
        "Net Income": -7420000.0,
        "Net Income Including Noncontrolling Interests": -7420000.0,
        "Net Income Continuous Operations": -7420000.0,
        "Tax Provision": 0.0,
        "Pretax Income": -7420000.0,
        "Other Income Expense": 1451000.0,
        "Other Non Operating Income Expenses": 534000.0,
        "Gain On Sale Of Security": 917000.0,
        "Net Non Operating Interest Income Expense": 35000.0,
        "Total Other Finance Cost": -35000.0,
        "Interest Expense Non Operating": NaN,
        "Interest Income Non Operating": NaN,
        "Operating Income": -8906000.0,
        "Operating Expense": 11788000.0,
        "Research And Development": 6022000.0,
        "Selling General And Administration": 5766000.0,
        "General And Administrative Expense": 5766000.0,
        "Other Gand A": 5766000.0,
        "Total Revenue": 2882000.0,
        "Operating Revenue": 2882000.0
    }
}