{
    "2022-12-31": {
        "Tax Effect Of Unusual Items": NaN,
        "Tax Rate For Calcs": NaN,
        "Normalized EBITDA": NaN,
        "Total Unusual Items": NaN,
        "Total Unusual Items Excluding Goodwill": NaN,
        "Net Income From Continuing Operation Net Minority Interest": NaN,
        "Reconciled Depreciation": NaN,
        "Reconciled Cost Of Revenue": NaN,
        "EBITDA": NaN,
        "EBIT": NaN,
        "Net Interest Income": NaN,
        "Interest Expense": NaN,
        "Interest Income": NaN,
        "Normalized Income": NaN,
        "Net Income From Continuing And Discontinued Operation": NaN,
        "Total Expenses": NaN,
        "Rent Expense Supplemental": 54000.0,
        "Total Operating Income As Reported": NaN,
        "Diluted Average Shares": 53028867.0,
        "Basic Average Shares": 53028867.0,
        "Diluted EPS": -2.7146,
        "Basic EPS": -2.7146,
        "Diluted NI Availto Com Stockholders": NaN,
        "Net Income Common Stockholders": NaN,
        "Net Income": NaN,
        "Net Income Including Noncontrolling Interests": NaN,
        "Net Income Continuous Operations": NaN,
        "Tax Provision": NaN,
        "Pretax Income": NaN,
        "Other Income Expense": NaN,
        "Other Non Operating Income Expenses": NaN,
        "Special Income Charges": NaN,
        "Gain On Sale Of Ppe": NaN,
        "Gain On Sale Of Business": NaN,
        "Write Off": NaN,
        "Impairment Of Capital Assets": NaN,
        "Gain On Sale Of Security": NaN,
        "Net Non Operating Interest Income Expense": NaN,
        "Total Other Finance Cost": 459000.0,
        "Interest Expense Non Operating": NaN,
        "Interest Income Non Operating": NaN,
        "Operating Income": NaN,
        "Operating Expense": NaN,
        "Other Operating Expenses": NaN,
        "Other Taxes": 535000.0,
        "Depreciation Amortization Depletion Income Statement": NaN,
        "Depreciation And Amortization In Income Statement": NaN,
        "Depreciation Income Statement": NaN,
        "Selling General And Administration": NaN,
        "Selling And Marketing Expense": 99000.0,
        "General And Administrative Expense": NaN,
        "Other Gand A": NaN,
        "Insurance And Claims": 1437000.0,
        "Rent And Landing Fees": 54000.0,
        "Salaries And Wages": NaN,
        "Gross Profit": NaN,
        "Cost Of Revenue": NaN,
        "Total Revenue": NaN,
        "Operating Revenue": NaN
    },
    "2022-06-30": {
        "Tax Effect Of Unusual Items": 11464463.249619,
        "Tax Rate For Calcs": 0.4,
        "Normalized EBITDA": -6313086.980975,
        "Total Unusual Items": 28661158.124049,
        "Total Unusual Items Excluding Goodwill": 28661158.124049,
        "Net Income From Continuing Operation Net Minority Interest": 17816519.786128,
        "Reconciled Depreciation": 3426071.727996,
        "Reconciled Cost Of Revenue": 3637222.652998,
        "EBITDA": 22348071.143074,
        "EBIT": 18921999.415078,
        "Net Interest Income": -1925581.877901,
        "Interest Expense": 1632298.895396,
        "Interest Income": 67001.589789,
        "Normalized Income": 619824.911699,
        "Net Income From Continuing And Discontinued Operation": 17816519.786128,
        "Total Expenses": 20764771.062834,
        "Rent Expense Supplemental": 69014.308104,
        "Total Operating Income As Reported": NaN,
        "Diluted Average Shares": 52984751.0,
        "Basic Average Shares": 52984751.0,
        "Diluted EPS": 1.597155,
        "Basic EPS": 1.597155,
        "Diluted NI Availto Com Stockholders": 17816519.786128,
        "Net Income Common Stockholders": 17816519.786128,
        "Net Income": 17816519.786128,
        "Net Income Including Noncontrolling Interests": 17816519.786128,
        "Net Income Continuous Operations": 17816519.786128,
        "Tax Provision": -526819.266447,
        "Pretax Income": 17289700.519681,
        "Other Income Expense": 27556127.228142,
        "Other Non Operating Income Expenses": -1105030.895906,
        "Special Income Charges": 8666.834144,
        "Gain On Sale Of Ppe": 12000.0,
        "Other Special Charges": 5810.710081,
        "Write Off": -2477.544225,
        "Impairment Of Capital Assets": NaN,
        "Gain On Sale Of Security": 28652491.289904,
        "Net Non Operating Interest Income Expense": -1925581.877901,
        "Total Other Finance Cost": 360284.572294,
        "Interest Expense Non Operating": 1632298.895396,
        "Interest Income Non Operating": 67001.589789,
        "Operating Income": -8340844.83056,
        "Operating Expense": 17127548.409836,
        "Other Operating Expenses": 4729505.238056,
        "Other Taxes": NaN,
        "Depreciation Amortization Depletion Income Statement": 3426071.727996,
        "Depreciation And Amortization In Income Statement": 3426071.727996,
        "Depreciation Income Statement": NaN,
        "Selling General And Administration": 11232476.68184,
        "Selling And Marketing Expense": 31286.26707,
        "General And Administrative Expense": 11201190.41477,
        "Other Gand A": 2507069.740759,
        "Insurance And Claims": 1980658.675226,
        "Rent And Landing Fees": 69014.308104,
        "Salaries And Wages": 6644447.690681,
        "Gross Profit": 8786703.579276,
        "Cost Of Revenue": 3637222.652998,
        "Total Revenue": 12423926.232274,
        "Operating Revenue": 12423926.232274
    },
    "2022-03-31": {
        "Diluted EPS": -0.05,
        "Total Revenue": 15,
        "Gross Profit": 15,
        "Operating Income": 1,
        "EBIT": 1,
        "Net Income": -3
    },
    "2021-12-31": {
        "Diluted EPS": 0.69,
        "Total Revenue": 20,
        "Gross Profit": 20,
        "Operating Income": 5,
        "EBIT": 5,
        "Net Income": 72
    },
    "2021-09-30": {
        "Diluted EPS": -23.74,
        "Total Revenue": 11,
        "Gross Profit": 11,
        "Operating Income": 3,
        "EBIT": 3,
        "Net Income": -499
    },
    "2021-06-30": {
        "Diluted EPS": 0.0,
        "Total Revenue": NaN,
        "Gross Profit": NaN,
        "Operating Income": NaN,
        "EBIT": NaN,
        "Net Income": NaN
    },
    "2023-12-31": {
        "Tax Effect Of Unusual Items": NaN,
        "Tax Rate For Calcs": NaN,
        "Normalized EBITDA": NaN,
        "Total Unusual Items": NaN,
        "Total Unusual Items Excluding Goodwill": NaN,
        "Net Income From Continuing Operation Net Minority Interest": NaN,
        "Reconciled Depreciation": NaN,
        "Reconciled Cost Of Revenue": NaN,
        "EBITDA": NaN,
        "EBIT": NaN,
        "Net Interest Income": NaN,
        "Interest Expense": NaN,
        "Interest Income": NaN,
        "Normalized Income": NaN,
        "Net Income From Continuing And Discontinued Operation": NaN,
        "Total Expenses": NaN,
        "Rent Expense Supplemental": 92000.0,
        "Total Operating Income As Reported": NaN,
        "Diluted Average Shares": NaN,
        "Basic Average Shares": NaN,
        "Diluted EPS": NaN,
        "Basic EPS": NaN,
        "Diluted NI Availto Com Stockholders": NaN,
        "Net Income Common Stockholders": NaN,
        "Net Income": NaN,
        "Net Income Including Noncontrolling Interests": NaN,
        "Net Income Continuous Operations": NaN,
        "Tax Provision": NaN,
        "Pretax Income": NaN,
        "Other Income Expense": NaN,
        "Other Non Operating Income Expenses": 527000.0,
        "Special Income Charges": NaN,
        "Gain On Sale Of Ppe": NaN,
        "Gain On Sale Of Business": NaN,
        "Other Special Charges": NaN,
        "Write Off": NaN,
        "Impairment Of Capital Assets": NaN,
        "Gain On Sale Of Security": NaN,
        "Net Non Operating Interest Income Expense": NaN,
        "Interest Expense Non Operating": NaN,
        "Interest Income Non Operating": NaN,
        "Operating Income": NaN,
        "Operating Expense": NaN,
        "Other Operating Expenses": NaN,
        "Other Taxes": 1680000.0,
        "Depreciation Amortization Depletion Income Statement": NaN,
        "Depreciation And Amortization In Income Statement": NaN,
        "Depreciation Income Statement": NaN,
        "Selling General And Administration": NaN,
        "Selling And Marketing Expense": 401000.0,
        "General And Administrative Expense": NaN,
        "Other Gand A": NaN,
        "Insurance And Claims": 1447000.0,
        "Rent And Landing Fees": 92000.0,
        "Salaries And Wages": NaN,
        "Gross Profit": NaN,
        "Cost Of Revenue": NaN,
        "Total Revenue": NaN,
        "Operating Revenue": NaN
    },
    "2024-03-31": {
        "Tax Effect Of Unusual Items": NaN,
        "Tax Rate For Calcs": NaN,
        "Normalized EBITDA": NaN,
        "Total Unusual Items": NaN,
        "Total Unusual Items Excluding Goodwill": NaN,
        "Net Income From Continuing Operation Net Minority Interest": NaN,
        "Reconciled Depreciation": NaN,
        "Reconciled Cost Of Revenue": NaN,
        "EBITDA": NaN,
        "EBIT": NaN,
        "Net Interest Income": NaN,
        "Interest Expense": NaN,
        "Interest Income": NaN,
        "Normalized Income": NaN,
        "Net Income From Continuing And Discontinued Operation": NaN,
        "Total Expenses": NaN,
        "Total Operating Income As Reported": NaN,
        "Diluted Average Shares": NaN,
        "Basic Average Shares": NaN,
        "Diluted EPS": NaN,
        "Basic EPS": NaN,
        "Diluted NI Availto Com Stockholders": NaN,
        "Net Income Common Stockholders": NaN,
        "Net Income": NaN,
        "Net Income Including Noncontrolling Interests": NaN,
        "Net Income Continuous Operations": NaN,
        "Tax Provision": NaN,
        "Pretax Income": NaN,
        "Other Income Expense": NaN,
        "Other Non Operating Income Expenses": 399000.0,
        "Special Income Charges": NaN,
        "Gain On Sale Of Ppe": NaN,
        "Gain On Sale Of Business": 0.0,
        "Other Special Charges": NaN,
        "Write Off": NaN,
        "Impairment Of Capital Assets": NaN,
        "Gain On Sale Of Security": NaN,
        "Net Non Operating Interest Income Expense": NaN,
        "Interest Expense Non Operating": NaN,
        "Interest Income Non Operating": NaN,
        "Operating Income": NaN,
        "Operating Expense": NaN,
        "Other Operating Expenses": NaN,
        "Other Taxes": NaN,
        "Depreciation Amortization Depletion Income Statement": NaN,
        "Depreciation And Amortization In Income Statement": NaN,
        "Depreciation Income Statement": 8692000.0,
        "Selling General And Administration": NaN,
        "Selling And Marketing Expense": NaN,
        "General And Administrative Expense": NaN,
        "Other Gand A": NaN,
        "Insurance And Claims": NaN,
        "Salaries And Wages": NaN,
        "Gross Profit": NaN,
        "Cost Of Revenue": NaN,
        "Total Revenue": NaN,
        "Operating Revenue": NaN
    },
    "2023-06-30": {
        "Tax Effect Of Unusual Items": NaN,
        "Tax Rate For Calcs": NaN,
        "Normalized EBITDA": NaN,
        "Total Unusual Items": NaN,
        "Total Unusual Items Excluding Goodwill": NaN,
        "Net Income From Continuing Operation Net Minority Interest": NaN,
        "Reconciled Depreciation": NaN,
        "Reconciled Cost Of Revenue": NaN,
        "EBITDA": NaN,
        "EBIT": NaN,
        "Net Interest Income": NaN,
        "Interest Expense": NaN,
        "Interest Income": NaN,
        "Normalized Income": NaN,
        "Net Income From Continuing And Discontinued Operation": NaN,
        "Total Expenses": NaN,
        "Rent Expense Supplemental": NaN,
        "Total Operating Income As Reported": NaN,
        "Diluted Average Shares": NaN,
        "Basic Average Shares": NaN,
        "Diluted EPS": NaN,
        "Basic EPS": NaN,
        "Diluted NI Availto Com Stockholders": NaN,
        "Net Income Common Stockholders": NaN,
        "Net Income": NaN,
        "Net Income Including Noncontrolling Interests": NaN,
        "Net Income Continuous Operations": NaN,
        "Tax Provision": NaN,
        "Pretax Income": NaN,
        "Other Income Expense": NaN,
        "Other Non Operating Income Expenses": NaN,
        "Special Income Charges": NaN,
        "Gain On Sale Of Ppe": NaN,
        "Gain On Sale Of Business": 1000.0,
        "Other Special Charges": NaN,
        "Write Off": NaN,
        "Impairment Of Capital Assets": 104088000.0,
        "Gain On Sale Of Security": NaN,
        "Net Non Operating Interest Income Expense": NaN,
        "Interest Expense Non Operating": NaN,
        "Interest Income Non Operating": NaN,
        "Operating Income": NaN,
        "Operating Expense": NaN,
        "Other Operating Expenses": NaN,
        "Other Taxes": NaN,
        "Depreciation Amortization Depletion Income Statement": NaN,
        "Depreciation And Amortization In Income Statement": NaN,
        "Depreciation Income Statement": NaN,
        "Selling General And Administration": NaN,
        "Selling And Marketing Expense": NaN,
        "General And Administrative Expense": NaN,
        "Other Gand A": NaN,
        "Insurance And Claims": NaN,
        "Rent And Landing Fees": NaN,
        "Salaries And Wages": NaN,
        "Gross Profit": NaN,
        "Cost Of Revenue": NaN,
        "Total Revenue": NaN,
        "Operating Revenue": NaN
    },
    "2023-03-31": {
        "Tax Effect Of Unusual Items": NaN,
        "Tax Rate For Calcs": NaN,
        "Normalized EBITDA": NaN,
        "Total Unusual Items": NaN,
        "Total Unusual Items Excluding Goodwill": NaN,
        "Net Income From Continuing Operation Net Minority Interest": NaN,
        "Reconciled Depreciation": NaN,
        "Reconciled Cost Of Revenue": NaN,
        "EBITDA": NaN,
        "EBIT": NaN,
        "Net Interest Income": NaN,
        "Interest Expense": NaN,
        "Interest Income": NaN,
        "Normalized Income": NaN,
        "Net Income From Continuing And Discontinued Operation": NaN,
        "Total Expenses": NaN,
        "Rent Expense Supplemental": NaN,
        "Total Operating Income As Reported": NaN,
        "Diluted Average Shares": 53559687.0,
        "Basic Average Shares": 53559687.0,
        "Diluted EPS": -0.057,
        "Basic EPS": -0.057,
        "Diluted NI Availto Com Stockholders": NaN,
        "Net Income Common Stockholders": NaN,
        "Net Income": NaN,
        "Net Income Including Noncontrolling Interests": NaN,
        "Net Income Continuous Operations": NaN,
        "Tax Provision": NaN,
        "Pretax Income": NaN,
        "Other Income Expense": NaN,
        "Other Non Operating Income Expenses": NaN,
        "Special Income Charges": NaN,
        "Gain On Sale Of Ppe": NaN,
        "Gain On Sale Of Business": 3257000.0,
        "Other Special Charges": NaN,
        "Write Off": NaN,
        "Impairment Of Capital Assets": 0.0,
        "Gain On Sale Of Security": NaN,
        "Net Non Operating Interest Income Expense": NaN,
        "Interest Expense Non Operating": NaN,
        "Interest Income Non Operating": NaN,
        "Operating Income": NaN,
        "Operating Expense": NaN,
        "Other Operating Expenses": NaN,
        "Other Taxes": NaN,
        "Depreciation Amortization Depletion Income Statement": NaN,
        "Depreciation And Amortization In Income Statement": NaN,
        "Depreciation Income Statement": NaN,
        "Selling General And Administration": NaN,
        "Selling And Marketing Expense": NaN,
        "General And Administrative Expense": NaN,
        "Other Gand A": NaN,
        "Insurance And Claims": NaN,
        "Rent And Landing Fees": NaN,
        "Salaries And Wages": NaN,
        "Gross Profit": NaN,
        "Cost Of Revenue": NaN,
        "Total Revenue": NaN,
        "Operating Revenue": NaN
    },
    "2024-06-30": {
        "Tax Effect Of Unusual Items": NaN,
        "Tax Rate For Calcs": NaN,
        "Normalized EBITDA": NaN,
        "Total Unusual Items": NaN,
        "Total Unusual Items Excluding Goodwill": NaN,
        "Net Income From Continuing Operation Net Minority Interest": NaN,
        "Reconciled Depreciation": NaN,
        "Reconciled Cost Of Revenue": NaN,
        "EBITDA": NaN,
        "EBIT": NaN,
        "Net Interest Income": NaN,
        "Interest Expense": NaN,
        "Interest Income": NaN,
        "Normalized Income": NaN,
        "Net Income From Continuing And Discontinued Operation": NaN,
        "Total Expenses": NaN,
        "Total Operating Income As Reported": NaN,
        "Diluted Average Shares": NaN,
        "Basic Average Shares": NaN,
        "Diluted EPS": NaN,
        "Basic EPS": NaN,
        "Diluted NI Availto Com Stockholders": NaN,
        "Net Income Common Stockholders": NaN,
        "Net Income": NaN,
        "Net Income Including Noncontrolling Interests": NaN,
        "Net Income Continuous Operations": NaN,
        "Tax Provision": NaN,
        "Pretax Income": NaN,
        "Other Income Expense": NaN,
        "Other Non Operating Income Expenses": NaN,
        "Special Income Charges": NaN,
        "Gain On Sale Of Ppe": NaN,
        "Gain On Sale Of Business": 0.0,
        "Other Special Charges": NaN,
        "Write Off": NaN,
        "Impairment Of Capital Assets": 0.0,
        "Gain On Sale Of Security": NaN,
        "Net Non Operating Interest Income Expense": NaN,
        "Interest Expense Non Operating": NaN,
        "Interest Income Non Operating": NaN,
        "Operating Income": NaN,
        "Operating Expense": NaN,
        "Other Operating Expenses": NaN,
        "Other Taxes": NaN,
        "Depreciation Amortization Depletion Income Statement": NaN,
        "Depreciation And Amortization In Income Statement": NaN,
        "Depreciation Income Statement": 26780000.0,
        "Selling General And Administration": NaN,
        "Selling And Marketing Expense": NaN,
        "General And Administrative Expense": NaN,
        "Other Gand A": NaN,
        "Insurance And Claims": NaN,
        "Salaries And Wages": NaN,
        "Gross Profit": NaN,
        "Cost Of Revenue": NaN,
        "Total Revenue": NaN,
        "Operating Revenue": NaN
    },
    "2024-09-30": {
        "Tax Effect Of Unusual Items": NaN,
        "Tax Rate For Calcs": NaN,
        "Normalized EBITDA": NaN,
        "Total Unusual Items": NaN,
        "Total Unusual Items Excluding Goodwill": NaN,
        "Net Income From Continuing Operation Net Minority Interest": NaN,
        "Reconciled Depreciation": NaN,
        "Reconciled Cost Of Revenue": NaN,
        "EBITDA": NaN,
        "EBIT": NaN,
        "Net Interest Income": NaN,
        "Interest Expense": NaN,
        "Interest Income": NaN,
        "Normalized Income": NaN,
        "Net Income From Continuing And Discontinued Operation": NaN,
        "Total Expenses": NaN,
        "Total Operating Income As Reported": NaN,
        "Diluted Average Shares": NaN,
        "Basic Average Shares": NaN,
        "Diluted EPS": NaN,
        "Basic EPS": NaN,
        "Diluted NI Availto Com Stockholders": NaN,
        "Net Income Common Stockholders": NaN,
        "Net Income": NaN,
        "Net Income Including Noncontrolling Interests": NaN,
        "Net Income Continuous Operations": NaN,
        "Tax Provision": NaN,
        "Pretax Income": NaN,
        "Other Income Expense": NaN,
        "Other Non Operating Income Expenses": 5000.0,
        "Special Income Charges": NaN,
        "Gain On Sale Of Ppe": NaN,
        "Gain On Sale Of Business": NaN,
        "Other Special Charges": 1724000.0,
        "Write Off": 9524000.0,
        "Impairment Of Capital Assets": NaN,
        "Gain On Sale Of Security": NaN,
        "Net Non Operating Interest Income Expense": NaN,
        "Interest Expense Non Operating": NaN,
        "Interest Income Non Operating": NaN,
        "Operating Income": NaN,
        "Operating Expense": NaN,
        "Other Operating Expenses": NaN,
        "Other Taxes": 1298000.0,
        "Depreciation Amortization Depletion Income Statement": NaN,
        "Depreciation And Amortization In Income Statement": NaN,
        "Depreciation Income Statement": 34009000.0,
        "Selling General And Administration": NaN,
        "Selling And Marketing Expense": 578000.0,
        "General And Administrative Expense": NaN,
        "Other Gand A": NaN,
        "Insurance And Claims": 2992000.0,
        "Salaries And Wages": NaN,
        "Gross Profit": NaN,
        "Cost Of Revenue": NaN,
        "Total Revenue": NaN,
        "Operating Revenue": NaN
    },
    "2023-09-30": {
        "Tax Effect Of Unusual Items": NaN,
        "Tax Rate For Calcs": NaN,
        "Normalized EBITDA": NaN,
        "Total Unusual Items": NaN,
        "Total Unusual Items Excluding Goodwill": NaN,
        "Net Income From Continuing Operation Net Minority Interest": NaN,
        "Reconciled Depreciation": NaN,
        "Reconciled Cost Of Revenue": NaN,
        "EBITDA": NaN,
        "EBIT": NaN,
        "Net Interest Income": NaN,
        "Interest Expense": NaN,
        "Interest Income": NaN,
        "Normalized Income": NaN,
        "Net Income From Continuing And Discontinued Operation": NaN,
        "Total Expenses": NaN,
        "Rent Expense Supplemental": NaN,
        "Total Operating Income As Reported": NaN,
        "Diluted Average Shares": NaN,
        "Basic Average Shares": NaN,
        "Diluted EPS": NaN,
        "Basic EPS": NaN,
        "Diluted NI Availto Com Stockholders": NaN,
        "Net Income Common Stockholders": NaN,
        "Net Income": NaN,
        "Net Income Including Noncontrolling Interests": NaN,
        "Net Income Continuous Operations": NaN,
        "Tax Provision": NaN,
        "Pretax Income": NaN,
        "Other Income Expense": NaN,
        "Other Non Operating Income Expenses": NaN,
        "Special Income Charges": NaN,
        "Gain On Sale Of Ppe": NaN,
        "Gain On Sale Of Business": NaN,
        "Other Special Charges": NaN,
        "Write Off": NaN,
        "Impairment Of Capital Assets": NaN,
        "Gain On Sale Of Security": NaN,
        "Net Non Operating Interest Income Expense": NaN,
        "Interest Expense Non Operating": NaN,
        "Interest Income Non Operating": NaN,
        "Operating Income": NaN,
        "Operating Expense": NaN,
        "Other Operating Expenses": NaN,
        "Other Taxes": 1908000.0,
        "Depreciation Amortization Depletion Income Statement": NaN,
        "Depreciation And Amortization In Income Statement": NaN,
        "Depreciation Income Statement": NaN,
        "Selling General And Administration": NaN,
        "Selling And Marketing Expense": 293000.0,
        "General And Administrative Expense": NaN,
        "Other Gand A": NaN,
        "Insurance And Claims": 1652000.0,
        "Rent And Landing Fees": NaN,
        "Salaries And Wages": NaN,
        "Gross Profit": NaN,
        "Cost Of Revenue": NaN,
        "Total Revenue": NaN,
        "Operating Revenue": NaN
    },
    "2024-12-31": {
        "Tax Effect Of Unusual Items": -11108400.0,
        "Tax Rate For Calcs": 0.3,
        "Normalized EBITDA": 55944000.0,
        "Total Unusual Items": -37028000.0,
        "Total Unusual Items Excluding Goodwill": -37028000.0,
        "Net Income From Continuing Operation Net Minority Interest": -21888000.0,
        "Reconciled Depreciation": 36077000.0,
        "Reconciled Cost Of Revenue": 37196000.0,
        "EBITDA": 18916000.0,
        "EBIT": -17161000.0,
        "Net Interest Income": -135000.0,
        "Interest Expense": 1722000.0,
        "Interest Income": 1587000.0,
        "Normalized Income": 4031600.0,
        "Net Income From Continuing And Discontinued Operation": -21888000.0,
        "Total Expenses": 98154000.0,
        "Total Operating Income As Reported": 17310000.0,
        "Diluted Average Shares": 210470186.0,
        "Basic Average Shares": 210470186.0,
        "Diluted EPS": -0.1,
        "Basic EPS": -0.1,
        "Diluted NI Availto Com Stockholders": -21888000.0,
        "Net Income Common Stockholders": -21888000.0,
        "Net Income": -21888000.0,
        "Net Income Including Noncontrolling Interests": -21888000.0,
        "Net Income Continuous Operations": -21888000.0,
        "Tax Provision": 3005000.0,
        "Pretax Income": -18883000.0,
        "Other Income Expense": -36739000.0,
        "Other Non Operating Income Expenses": 289000.0,
        "Special Income Charges": -681000.0,
        "Gain On Sale Of Ppe": -681000.0,
        "Gain On Sale Of Business": NaN,
        "Other Special Charges": -1699000.0,
        "Write Off": 0.0,
        "Impairment Of Capital Assets": -516000.0,
        "Gain On Sale Of Security": -36347000.0,
        "Net Non Operating Interest Income Expense": -135000.0,
        "Interest Expense Non Operating": 1722000.0,
        "Interest Income Non Operating": 1587000.0,
        "Operating Income": 17990000.0,
        "Operating Expense": 60958000.0,
        "Other Operating Expenses": 890000.0,
        "Other Taxes": 1560000.0,
        "Depreciation Amortization Depletion Income Statement": 36077000.0,
        "Depreciation And Amortization In Income Statement": 36077000.0,
        "Depreciation Income Statement": 36198000.0,
        "Selling General And Administration": 22431000.0,
        "Selling And Marketing Expense": 857000.0,
        "General And Administrative Expense": 21574000.0,
        "Other Gand A": 8478000.0,
        "Insurance And Claims": 4650000.0,
        "Salaries And Wages": 8446000.0,
        "Gross Profit": 78948000.0,
        "Cost Of Revenue": 37196000.0,
        "Total Revenue": 116144000.0,
        "Operating Revenue": 116144000.0
    },
    "2025-03-31": {
        "Tax Effect Of Unusual Items": 1259182.013872,
        "Tax Rate For Calcs": 0.172208,
        "Normalized EBITDA": 77271000.0,
        "Total Unusual Items": 7312000.0,
        "Total Unusual Items Excluding Goodwill": 7312000.0,
        "Net Income From Continuing Operation Net Minority Interest": 24227000.0,
        "Reconciled Depreciation": 47448000.0,
        "Reconciled Cost Of Revenue": 7464000.0,
        "EBITDA": 84583000.0,
        "EBIT": 37135000.0,
        "Net Interest Income": -5942000.0,
        "Interest Expense": 7868000.0,
        "Interest Income": 1926000.0,
        "Normalized Income": 18174182.013872,
        "Net Income From Continuing And Discontinued Operation": 24227000.0,
        "Total Expenses": 116926000.0,
        "Total Operating Income As Reported": 35527000.0,
        "Diluted Average Shares": 229105785.0,
        "Basic Average Shares": 218659835.0,
        "Diluted EPS": 0.11,
        "Basic EPS": 0.11,
        "Diluted NI Availto Com Stockholders": 24227000.0,
        "Net Income Common Stockholders": 24227000.0,
        "Net Income": 24227000.0,
        "Net Income Including Noncontrolling Interests": 24227000.0,
        "Net Income Continuous Operations": 24227000.0,
        "Tax Provision": 5040000.0,
        "Pretax Income": 29267000.0,
        "Other Income Expense": 7312000.0,
        "Other Non Operating Income Expenses": 3275000.0,
        "Special Income Charges": 1430000.0,
        "Gain On Sale Of Ppe": 1525000.0,
        "Gain On Sale Of Business": NaN,
        "Other Special Charges": NaN,
        "Write Off": 95000.0,
        "Impairment Of Capital Assets": 0.0,
        "Gain On Sale Of Security": 5882000.0,
        "Net Non Operating Interest Income Expense": -5942000.0,
        "Interest Expense Non Operating": 7868000.0,
        "Interest Income Non Operating": 1926000.0,
        "Operating Income": 27897000.0,
        "Operating Expense": 109462000.0,
        "Other Operating Expenses": 50557000.0,
        "Other Taxes": NaN,
        "Depreciation Amortization Depletion Income Statement": 47448000.0,
        "Depreciation And Amortization In Income Statement": 47448000.0,
        "Depreciation Income Statement": 47448000.0,
        "Selling General And Administration": 11457000.0,
        "Selling And Marketing Expense": NaN,
        "General And Administrative Expense": 11457000.0,
        "Other Gand A": 3687000.0,
        "Insurance And Claims": NaN,
        "Salaries And Wages": 7770000.0,
        "Gross Profit": 137359000.0,
        "Cost Of Revenue": 7464000.0,
        "Total Revenue": 144823000.0,
        "Operating Revenue": 144823000.0
    },
    "2025-06-30": {
        "Tax Effect Of Unusual Items": 21096900.0,
        "Tax Rate For Calcs": 0.3,
        "Normalized EBITDA": 82806000.0,
        "Total Unusual Items": 70323000.0,
        "Total Unusual Items Excluding Goodwill": 70323000.0,
        "Net Income From Continuing Operation Net Minority Interest": 95546000.0,
        "Reconciled Depreciation": 63481000.0,
        "Reconciled Cost Of Revenue": 136822000.0,
        "EBITDA": 153129000.0,
        "EBIT": 89648000.0,
        "Net Interest Income": 4843000.0,
        "Interest Expense": -3140000.0,
        "Interest Income": 1703000.0,
        "Normalized Income": 46319900.0,
        "Net Income From Continuing And Discontinued Operation": 95546000.0,
        "Total Expenses": 170487000.0,
        "Total Operating Income As Reported": 4549000.0,
        "Diluted Average Shares": 258103209.0,
        "Basic Average Shares": 258103209.0,
        "Diluted EPS": 0.685385,
        "Basic EPS": 0.685385,
        "Diluted NI Availto Com Stockholders": 95546000.0,
        "Net Income Common Stockholders": 95546000.0,
        "Net Income": 95546000.0,
        "Net Income Including Noncontrolling Interests": 95546000.0,
        "Net Income Continuous Operations": 95546000.0,
        "Tax Provision": -2758000.0,
        "Pretax Income": 92788000.0,
        "Other Income Expense": 71140000.0,
        "Other Non Operating Income Expenses": NaN,
        "Special Income Charges": 11723000.0,
        "Gain On Sale Of Ppe": 2324000.0,
        "Gain On Sale Of Business": NaN,
        "Other Special Charges": NaN,
        "Write Off": -8070000.0,
        "Impairment Of Capital Assets": 7739000.0,
        "Gain On Sale Of Security": 58600000.0,
        "Net Non Operating Interest Income Expense": 4843000.0,
        "Interest Expense Non Operating": -3140000.0,
        "Interest Income Non Operating": 1703000.0,
        "Operating Income": 16805000.0,
        "Operating Expense": 33665000.0,
        "Other Operating Expenses": -132313000.0,
        "Other Taxes": NaN,
        "Depreciation Amortization Depletion Income Statement": 63481000.0,
        "Depreciation And Amortization In Income Statement": 63481000.0,
        "Depreciation Income Statement": NaN,
        "Selling General And Administration": 93254000.0,
        "Selling And Marketing Expense": NaN,
        "General And Administrative Expense": 90370000.0,
        "Other Gand A": 26022000.0,
        "Insurance And Claims": NaN,
        "Salaries And Wages": 46246000.0,
        "Gross Profit": 50470000.0,
        "Cost Of Revenue": 136822000.0,
        "Total Revenue": 187292000.0,
        "Operating Revenue": 187292000.0
    },
    "2025-09-30": {
        "Tax Effect Of Unusual Items": 211040635.0,
        "Tax Rate For Calcs": 0.331,
        "Normalized EBITDA": 32219000.0,
        "Total Unusual Items": 637585000.0,
        "Total Unusual Items Excluding Goodwill": 637585000.0,
        "Net Income From Continuing Operation Net Minority Interest": 384611000.0,
        "Reconciled Depreciation": 85226000.0,
        "Reconciled Cost Of Revenue": 89037000.0,
        "EBITDA": 669804000.0,
        "EBIT": 584578000.0,
        "Net Interest Income": -2152000.0,
        "Interest Expense": 9280000.0,
        "Interest Income": 7128000.0,
        "Normalized Income": -41933365.0,
        "Net Income From Continuing And Discontinued Operation": 384611000.0,
        "Total Expenses": 300430000.0,
        "Total Operating Income As Reported": -76405000.0,
        "Diluted Average Shares": 361680593.0,
        "Basic Average Shares": 270696733.0,
        "Diluted EPS": 1.08,
        "Basic EPS": 1.42,
        "Diluted NI Availto Com Stockholders": 384611000.0,
        "Net Income Common Stockholders": 384611000.0,
        "Net Income": 384611000.0,
        "Net Income Including Noncontrolling Interests": 384611000.0,
        "Net Income Continuous Operations": 384611000.0,
        "Tax Provision": 190687000.0,
        "Pretax Income": 575298000.0,
        "Other Income Expense": 637585000.0,
        "Other Non Operating Income Expenses": NaN,
        "Special Income Charges": -16270000.0,
        "Gain On Sale Of Ppe": -13000.0,
        "Gain On Sale Of Business": NaN,
        "Other Special Charges": NaN,
        "Write Off": NaN,
        "Impairment Of Capital Assets": 16257000.0,
        "Gain On Sale Of Security": 653855000.0,
        "Net Non Operating Interest Income Expense": -2152000.0,
        "Interest Expense Non Operating": 9280000.0,
        "Interest Income Non Operating": 7128000.0,
        "Operating Income": -60135000.0,
        "Operating Expense": 211393000.0,
        "Other Operating Expenses": -3828000.0,
        "Other Taxes": 3124000.0,
        "Depreciation Amortization Depletion Income Statement": 85226000.0,
        "Depreciation And Amortization In Income Statement": 85226000.0,
        "Depreciation Income Statement": NaN,
        "Selling General And Administration": 126871000.0,
        "Selling And Marketing Expense": 3080000.0,
        "General And Administrative Expense": 123791000.0,
        "Other Gand A": 13439000.0,
        "Insurance And Claims": 5173000.0,
        "Salaries And Wages": 105179000.0,
        "Gross Profit": 151258000.0,
        "Cost Of Revenue": 89037000.0,
        "Total Revenue": 240295000.0,
        "Operating Revenue": 240295000.0
    },
    "2025-12-31": {
        "Tax Effect Of Unusual Items": -77513700.0,
        "Tax Rate For Calcs": 0.3,
        "Normalized EBITDA": 30296000.0,
        "Total Unusual Items": -258379000.0,
        "Total Unusual Items Excluding Goodwill": -258379000.0,
        "Net Income From Continuing Operation Net Minority Interest": -155407000.0,
        "Reconciled Depreciation": 99176000.0,
        "Reconciled Cost Of Revenue": 74316000.0,
        "EBITDA": -228083000.0,
        "EBIT": -327259000.0,
        "Net Interest Income": 5107000.0,
        "Interest Expense": 10668000.0,
        "Interest Income": 15775000.0,
        "Normalized Income": 25458300.0,
        "Net Income From Continuing And Discontinued Operation": -155407000.0,
        "Total Expenses": 269347000.0,
        "Total Operating Income As Reported": -116403000.0,
        "Diluted Average Shares": 328341694.0,
        "Basic Average Shares": 328341694.0,
        "Diluted EPS": -0.52,
        "Basic EPS": -0.52,
        "Diluted NI Availto Com Stockholders": -155407000.0,
        "Net Income Common Stockholders": -155407000.0,
        "Net Income": -155407000.0,
        "Net Income Including Noncontrolling Interests": -155407000.0,
        "Net Income Continuous Operations": -155407000.0,
        "Tax Provision": -182520000.0,
        "Pretax Income": -337927000.0,
        "Other Income Expense": -258379000.0,
        "Other Non Operating Income Expenses": NaN,
        "Special Income Charges": -143547000.0,
        "Gain On Sale Of Ppe": 7000.0,
        "Gain On Sale Of Business": NaN,
        "Other Special Charges": 111799000.0,
        "Write Off": 31755000.0,
        "Impairment Of Capital Assets": NaN,
        "Gain On Sale Of Security": -114832000.0,
        "Net Non Operating Interest Income Expense": 5107000.0,
        "Interest Expense Non Operating": 10668000.0,
        "Interest Income Non Operating": 15775000.0,
        "Operating Income": -84655000.0,
        "Operating Expense": 195031000.0,
        "Other Operating Expenses": 3653000.0,
        "Other Taxes": 3844000.0,
        "Depreciation Amortization Depletion Income Statement": 99176000.0,
        "Depreciation And Amortization In Income Statement": 99176000.0,
        "Depreciation Income Statement": NaN,
        "Selling General And Administration": 88358000.0,
        "Selling And Marketing Expense": 1997000.0,
        "General And Administrative Expense": 86361000.0,
        "Other Gand A": 17464000.0,
        "Insurance And Claims": 3823000.0,
        "Salaries And Wages": 65074000.0,
        "Gross Profit": 110376000.0,
        "Cost Of Revenue": 74316000.0,
        "Total Revenue": 184692000.0,
        "Operating Revenue": 184692000.0
    }
}