{
    "2023-03-31": {
        "Tax Effect Of Unusual Items": NaN,
        "Tax Rate For Calcs": NaN,
        "Normalized EBITDA": NaN,
        "Net Income From Continuing Operation Net Minority Interest": NaN,
        "Reconciled Depreciation": NaN,
        "Reconciled Cost Of Revenue": NaN,
        "EBITDA": NaN,
        "EBIT": NaN,
        "Normalized Income": NaN,
        "Net Income From Continuing And Discontinued Operation": NaN,
        "Total Expenses": NaN,
        "Total Operating Income As Reported": NaN,
        "Diluted Average Shares": 12686699.0,
        "Basic Average Shares": 12593033.0,
        "Diluted EPS": 0.27,
        "Basic EPS": 0.27,
        "Diluted NI Availto Com Stockholders": NaN,
        "Net Income Common Stockholders": NaN,
        "Net Income": NaN,
        "Net Income Including Noncontrolling Interests": NaN,
        "Net Income Continuous Operations": NaN,
        "Tax Provision": NaN,
        "Pretax Income": NaN,
        "Other Income Expense": NaN,
        "Other Non Operating Income Expenses": 342409.0,
        "Operating Income": NaN,
        "Operating Expense": NaN,
        "Research And Development": NaN,
        "Selling General And Administration": NaN,
        "Selling And Marketing Expense": NaN,
        "General And Administrative Expense": NaN,
        "Other Gand A": NaN,
        "Salaries And Wages": NaN,
        "Gross Profit": NaN,
        "Cost Of Revenue": NaN,
        "Total Revenue": NaN,
        "Operating Revenue": NaN
    },
    "2022-12-31": {
        "Tax Effect Of Unusual Items": 0.0,
        "Tax Rate For Calcs": 0.218974,
        "Normalized EBITDA": 4253845.0,
        "Net Income From Continuing Operation Net Minority Interest": 3673617.0,
        "Reconciled Depreciation": -692905.0,
        "Reconciled Cost Of Revenue": 3643216.0,
        "EBITDA": 4253845.0,
        "EBIT": 4253845.0,
        "Normalized Income": 3673617.0,
        "Net Income From Continuing And Discontinued Operation": 3673617.0,
        "Total Expenses": 10609749.0,
        "Total Operating Income As Reported": 4253845.0,
        "Diluted Average Shares": 12626724.0,
        "Basic Average Shares": 12572919.0,
        "Diluted EPS": 0.29,
        "Basic EPS": 0.29,
        "Diluted NI Availto Com Stockholders": 3673617.0,
        "Net Income Common Stockholders": 3673617.0,
        "Net Income": 3673617.0,
        "Net Income Including Noncontrolling Interests": 3673617.0,
        "Net Income Continuous Operations": 3673617.0,
        "Tax Provision": 1029961.0,
        "Pretax Income": 4703578.0,
        "Other Income Expense": -132119.0,
        "Other Non Operating Income Expenses": NaN,
        "Operating Income": 4253845.0,
        "Operating Expense": 6966533.0,
        "Research And Development": 604744.0,
        "Selling General And Administration": 6361789.0,
        "Selling And Marketing Expense": 3665057.0,
        "General And Administrative Expense": 2696732.0,
        "Other Gand A": 2696732.0,
        "Salaries And Wages": NaN,
        "Gross Profit": 11220378.0,
        "Cost Of Revenue": 3643216.0,
        "Total Revenue": 14863594.0,
        "Operating Revenue": 14863594.0
    },
    "2022-09-30": {
        "Tax Effect Of Unusual Items": NaN,
        "Tax Rate For Calcs": NaN,
        "Normalized EBITDA": NaN,
        "Net Income From Continuing Operation Net Minority Interest": NaN,
        "Reconciled Depreciation": NaN,
        "Reconciled Cost Of Revenue": NaN,
        "EBITDA": NaN,
        "EBIT": NaN,
        "Normalized Income": NaN,
        "Net Income From Continuing And Discontinued Operation": NaN,
        "Total Expenses": NaN,
        "Total Operating Income As Reported": NaN,
        "Diluted Average Shares": NaN,
        "Basic Average Shares": NaN,
        "Diluted EPS": NaN,
        "Basic EPS": NaN,
        "Diluted NI Availto Com Stockholders": NaN,
        "Net Income Common Stockholders": NaN,
        "Net Income": NaN,
        "Net Income Including Noncontrolling Interests": NaN,
        "Net Income Continuous Operations": NaN,
        "Tax Provision": NaN,
        "Pretax Income": NaN,
        "Other Income Expense": NaN,
        "Other Non Operating Income Expenses": 105183.0,
        "Operating Income": NaN,
        "Operating Expense": NaN,
        "Research And Development": NaN,
        "Selling General And Administration": NaN,
        "Selling And Marketing Expense": NaN,
        "General And Administrative Expense": NaN,
        "Other Gand A": NaN,
        "Salaries And Wages": NaN,
        "Gross Profit": NaN,
        "Cost Of Revenue": NaN,
        "Total Revenue": NaN,
        "Operating Revenue": NaN
    },
    "2022-06-30": {
        "Tax Effect Of Unusual Items": 0.0,
        "Tax Rate For Calcs": 0.22457,
        "Normalized EBITDA": 4660757.0,
        "Net Income From Continuing Operation Net Minority Interest": 3241052.0,
        "Reconciled Depreciation": 494176.0,
        "Reconciled Cost Of Revenue": 2581806.0,
        "EBITDA": 4660757.0,
        "EBIT": 4166581.0,
        "Normalized Income": 3241052.0,
        "Net Income From Continuing And Discontinued Operation": 3241052.0,
        "Total Expenses": 8554988.0,
        "Total Operating Income As Reported": 4166581.0,
        "Diluted Average Shares": 12632755.0,
        "Basic Average Shares": 12560812.0,
        "Diluted EPS": 0.26,
        "Basic EPS": 0.26,
        "Diluted NI Availto Com Stockholders": 3241052.0,
        "Net Income Common Stockholders": 3241052.0,
        "Net Income": 3241052.0,
        "Net Income Including Noncontrolling Interests": 3241052.0,
        "Net Income Continuous Operations": 3241052.0,
        "Tax Provision": 938631.0,
        "Pretax Income": 4179683.0,
        "Other Income Expense": 13102.0,
        "Other Non Operating Income Expenses": 13102.0,
        "Operating Income": 4166581.0,
        "Operating Expense": 5973182.0,
        "Research And Development": 662599.0,
        "Selling General And Administration": 5310583.0,
        "Selling And Marketing Expense": 2907788.0,
        "General And Administrative Expense": 2402795.0,
        "Other Gand A": 2402795.0,
        "Salaries And Wages": NaN,
        "Gross Profit": 10139763.0,
        "Cost Of Revenue": 2581806.0,
        "Total Revenue": 12721569.0,
        "Operating Revenue": 12721569.0
    },
    "2022-03-31": {
        "Diluted EPS": 0.2,
        "Total Revenue": 12,
        "Gross Profit": 9,
        "Operating Income": 3,
        "EBIT": 4,
        "Net Income": 2
    },
    "2021-12-31": {
        "Diluted EPS": 0.31,
        "Total Revenue": 12,
        "Gross Profit": 9,
        "Operating Income": 3,
        "EBIT": 3,
        "Net Income": 4
    },
    "2021-09-30": {
        "Diluted EPS": 0.2,
        "Total Revenue": 11,
        "Gross Profit": 8,
        "Operating Income": 3,
        "EBIT": 3,
        "Net Income": 3
    },
    "2021-06-30": {
        "Diluted EPS": 0.12,
        "Total Revenue": 10,
        "Gross Profit": 7,
        "Operating Income": 2,
        "EBIT": 2,
        "Net Income": 1
    },
    "2021-03-31": {
        "Diluted EPS": 0.11,
        "Total Revenue": 9,
        "Gross Profit": 7,
        "Operating Income": 2,
        "EBIT": 2,
        "Net Income": 1
    },
    "2020-12-31": {
        "Diluted EPS": 0.05,
        "Total Revenue": 9,
        "Gross Profit": 6,
        "Operating Income": 1,
        "EBIT": 1,
        "Net Income": 1
    },
    "2020-09-30": {
        "Diluted EPS": 0.09,
        "Total Revenue": 8,
        "Gross Profit": 6,
        "Operating Income": 1,
        "EBIT": 1,
        "Net Income": 1
    },
    "2020-06-30": {
        "Diluted EPS": -0.17,
        "Total Revenue": 7,
        "Gross Profit": 5,
        "Operating Income": -3,
        "EBIT": -3,
        "Net Income": -2
    },
    "2020-03-31": {
        "Diluted EPS": 0.14,
        "Total Revenue": 9,
        "Gross Profit": 6,
        "Operating Income": 1,
        "EBIT": 1,
        "Net Income": 2
    },
    "2019-12-31": {
        "Diluted EPS": 0.26,
        "Total Revenue": 11,
        "Gross Profit": 8,
        "Operating Income": 2,
        "EBIT": 3,
        "Net Income": 3
    },
    "2019-09-30": {
        "Diluted EPS": 0.2,
        "Total Revenue": 10,
        "Gross Profit": 8,
        "Operating Income": 3,
        "EBIT": 3,
        "Net Income": 2
    },
    "2019-06-30": {
        "Diluted EPS": 0.17,
        "Total Revenue": 9,
        "Gross Profit": 7,
        "Operating Income": 2,
        "EBIT": 3,
        "Net Income": 2
    },
    "2019-03-31": {
        "Diluted EPS": 0.15,
        "Total Revenue": 8,
        "Gross Profit": 6,
        "Operating Income": 2,
        "EBIT": 2,
        "Net Income": 2
    },
    "2018-12-31": {
        "Diluted EPS": 0.14,
        "Total Revenue": 8,
        "Gross Profit": 6,
        "Operating Income": 2,
        "EBIT": 2,
        "Net Income": 2
    },
    "2018-09-30": {
        "Diluted EPS": 0.2,
        "Total Revenue": 8,
        "Gross Profit": 6,
        "Operating Income": 1,
        "EBIT": 1,
        "Net Income": 2
    },
    "2018-06-30": {
        "Diluted EPS": 0.11,
        "Total Revenue": 7,
        "Gross Profit": 6,
        "Operating Income": 2,
        "EBIT": 2,
        "Net Income": 1
    },
    "2018-03-31": {
        "Diluted EPS": 0.07,
        "Total Revenue": 7,
        "Gross Profit": 5,
        "Operating Income": 1,
        "EBIT": 2,
        "Net Income": 1
    },
    "2017-12-31": {
        "Diluted EPS": 0.01,
        "Total Revenue": 7,
        "Gross Profit": 5,
        "Operating Income": 1,
        "EBIT": 1,
        "Net Income": 0
    },
    "2017-09-30": {
        "Diluted EPS": 0.02,
        "Total Revenue": 6,
        "Gross Profit": 4,
        "Operating Income": 0,
        "EBIT": 1,
        "Net Income": 0
    },
    "2017-06-30": {
        "Diluted EPS": 0.03,
        "Total Revenue": 6,
        "Gross Profit": 4,
        "Operating Income": 0,
        "EBIT": 1,
        "Net Income": 0
    },
    "2017-03-31": {
        "Diluted EPS": -0.02,
        "Total Revenue": 5,
        "Gross Profit": 4,
        "Operating Income": 0,
        "EBIT": 0,
        "Net Income": 0
    },
    "2016-12-31": {
        "Diluted EPS": 0.09,
        "Total Revenue": 6,
        "Gross Profit": 5,
        "Operating Income": 2,
        "EBIT": 2,
        "Net Income": 1
    },
    "2016-09-30": {
        "Diluted EPS": 0.13,
        "Total Revenue": 8,
        "Gross Profit": 6,
        "Operating Income": 3,
        "EBIT": 3,
        "Net Income": 2
    },
    "2016-06-30": {
        "Diluted EPS": 0.19,
        "Total Revenue": 10,
        "Gross Profit": 8,
        "Operating Income": 3,
        "EBIT": 3,
        "Net Income": 2
    },
    "2016-03-31": {
        "Diluted EPS": 0.19,
        "Total Revenue": 9,
        "Gross Profit": 7,
        "Operating Income": 3,
        "EBIT": 4,
        "Net Income": 2
    },
    "2015-12-31": {
        "Diluted EPS": 0.18,
        "Total Revenue": 9,
        "Gross Profit": 7,
        "Operating Income": 3,
        "EBIT": 4,
        "Net Income": 2
    },
    "2015-09-30": {
        "Diluted EPS": 0.15,
        "Total Revenue": 8,
        "Gross Profit": 7,
        "Operating Income": 3,
        "EBIT": 3,
        "Net Income": 2
    },
    "2015-06-30": {
        "Diluted EPS": 0.15,
        "Total Revenue": 8,
        "Gross Profit": 6,
        "Operating Income": 3,
        "EBIT": 3,
        "Net Income": 2
    },
    "2015-03-31": {
        "Diluted EPS": 0.12,
        "Total Revenue": 7,
        "Gross Profit": 6,
        "Operating Income": 2,
        "EBIT": 2,
        "Net Income": 1
    },
    "2014-12-31": {
        "Diluted EPS": 0.01,
        "Total Revenue": 4,
        "Gross Profit": 3,
        "Operating Income": 0,
        "EBIT": 0,
        "Net Income": 0
    },
    "2014-09-30": {
        "Diluted EPS": 0.02,
        "Total Revenue": 4,
        "Gross Profit": 3,
        "Operating Income": 0,
        "EBIT": 0,
        "Net Income": 0
    },
    "2014-06-30": {
        "Diluted EPS": 0.11,
        "Total Revenue": 5,
        "Gross Profit": 4,
        "Operating Income": 2,
        "EBIT": 2,
        "Net Income": 1
    },
    "2014-03-31": {
        "Diluted EPS": 0.06,
        "Total Revenue": 4,
        "Gross Profit": 3,
        "Operating Income": 1,
        "EBIT": 1,
        "Net Income": 1
    },
    "2013-12-31": {
        "Diluted EPS": 0.05,
        "Total Revenue": 3,
        "Gross Profit": 3,
        "Operating Income": 3,
        "EBIT": 3,
        "Net Income": 0
    },
    "2013-09-30": {
        "Diluted EPS": 0.03,
        "Total Revenue": 2,
        "Gross Profit": 2,
        "Operating Income": 0,
        "EBIT": 0,
        "Net Income": 0
    },
    "2013-06-30": {
        "Diluted EPS": 0.07,
        "Total Revenue": 3,
        "Gross Profit": 2,
        "Operating Income": 1,
        "EBIT": 1,
        "Net Income": 1
    },
    "2013-03-31": {
        "Diluted EPS": 0.08,
        "Total Revenue": 3,
        "Gross Profit": 3,
        "Operating Income": 3,
        "EBIT": 3,
        "Net Income": 1
    },
    "2012-12-31": {
        "Diluted EPS": 0.0,
        "Total Revenue": NaN,
        "Gross Profit": NaN,
        "Operating Income": NaN,
        "EBIT": NaN,
        "Net Income": NaN
    },
    "2023-06-30": {
        "Tax Effect Of Unusual Items": NaN,
        "Tax Rate For Calcs": NaN,
        "Normalized EBITDA": NaN,
        "Net Income From Continuing Operation Net Minority Interest": NaN,
        "Reconciled Depreciation": NaN,
        "Reconciled Cost Of Revenue": NaN,
        "EBITDA": NaN,
        "EBIT": NaN,
        "Normalized Income": NaN,
        "Net Income From Continuing And Discontinued Operation": NaN,
        "Total Expenses": NaN,
        "Total Operating Income As Reported": NaN,
        "Diluted Average Shares": NaN,
        "Basic Average Shares": NaN,
        "Diluted EPS": NaN,
        "Basic EPS": NaN,
        "Diluted NI Availto Com Stockholders": NaN,
        "Net Income Common Stockholders": NaN,
        "Net Income": NaN,
        "Net Income Including Noncontrolling Interests": NaN,
        "Net Income Continuous Operations": NaN,
        "Tax Provision": NaN,
        "Pretax Income": NaN,
        "Other Income Expense": NaN,
        "Other Non Operating Income Expenses": NaN,
        "Operating Income": NaN,
        "Operating Expense": NaN,
        "Research And Development": NaN,
        "Selling General And Administration": NaN,
        "Selling And Marketing Expense": NaN,
        "General And Administrative Expense": NaN,
        "Other Gand A": NaN,
        "Salaries And Wages": 460506.0,
        "Gross Profit": NaN,
        "Cost Of Revenue": NaN,
        "Total Revenue": NaN,
        "Operating Revenue": NaN
    },
    "2023-09-30": {
        "Tax Effect Of Unusual Items": NaN,
        "Tax Rate For Calcs": NaN,
        "Normalized EBITDA": NaN,
        "Net Income From Continuing Operation Net Minority Interest": NaN,
        "Reconciled Depreciation": NaN,
        "Reconciled Cost Of Revenue": NaN,
        "EBITDA": NaN,
        "EBIT": NaN,
        "Normalized Income": NaN,
        "Net Income From Continuing And Discontinued Operation": NaN,
        "Total Expenses": NaN,
        "Total Operating Income As Reported": NaN,
        "Diluted Average Shares": 12735837.0,
        "Basic Average Shares": 12602581.0,
        "Diluted EPS": 0.4,
        "Basic EPS": 0.4,
        "Diluted NI Availto Com Stockholders": NaN,
        "Net Income Common Stockholders": NaN,
        "Net Income": NaN,
        "Net Income Including Noncontrolling Interests": NaN,
        "Net Income Continuous Operations": NaN,
        "Tax Provision": NaN,
        "Pretax Income": NaN,
        "Other Income Expense": NaN,
        "Other Non Operating Income Expenses": 503192.0,
        "Operating Income": NaN,
        "Operating Expense": NaN,
        "Research And Development": NaN,
        "Selling General And Administration": NaN,
        "Selling And Marketing Expense": NaN,
        "General And Administrative Expense": NaN,
        "Other Gand A": NaN,
        "Gross Profit": NaN,
        "Cost Of Revenue": NaN,
        "Total Revenue": NaN,
        "Operating Revenue": NaN
    },
    "2023-12-31": {
        "Tax Effect Of Unusual Items": 0.0,
        "Tax Rate For Calcs": 0.200991,
        "Normalized EBITDA": 5365208.0,
        "Net Income From Continuing Operation Net Minority Interest": 4539686.0,
        "Reconciled Depreciation": 205375.0,
        "Reconciled Cost Of Revenue": 4039236.0,
        "EBITDA": 5365208.0,
        "EBIT": 5159833.0,
        "Normalized Income": 4539686.0,
        "Net Income From Continuing And Discontinued Operation": 4539686.0,
        "Total Expenses": 12292343.0,
        "Total Operating Income As Reported": 5159833.0,
        "Diluted Average Shares": 12739072.0,
        "Basic Average Shares": 12619856.0,
        "Diluted EPS": 0.36,
        "Basic EPS": 0.36,
        "Diluted NI Availto Com Stockholders": 4539686.0,
        "Net Income Common Stockholders": 4539686.0,
        "Net Income": 4539686.0,
        "Net Income Including Noncontrolling Interests": 4539686.0,
        "Net Income Continuous Operations": 4539686.0,
        "Tax Provision": 1141957.0,
        "Pretax Income": 5681643.0,
        "Other Income Expense": -1342303.0,
        "Other Non Operating Income Expenses": NaN,
        "Operating Income": 5159833.0,
        "Operating Expense": 8253107.0,
        "Research And Development": 650435.0,
        "Selling General And Administration": 7602672.0,
        "Selling And Marketing Expense": 3329218.0,
        "General And Administrative Expense": 4273454.0,
        "Other Gand A": 4273454.0,
        "Gross Profit": 13412940.0,
        "Cost Of Revenue": 4039236.0,
        "Total Revenue": 17452176.0,
        "Operating Revenue": 17452176.0
    },
    "2024-03-31": {
        "Tax Effect Of Unusual Items": NaN,
        "Tax Rate For Calcs": NaN,
        "Normalized EBITDA": NaN,
        "Net Income From Continuing Operation Net Minority Interest": NaN,
        "Reconciled Depreciation": NaN,
        "Reconciled Cost Of Revenue": NaN,
        "EBITDA": NaN,
        "EBIT": NaN,
        "Normalized Income": NaN,
        "Net Income From Continuing And Discontinued Operation": NaN,
        "Total Expenses": NaN,
        "Total Operating Income As Reported": NaN,
        "Diluted Average Shares": 12749973.0,
        "Basic Average Shares": 12662526.0,
        "Diluted EPS": 0.32,
        "Basic EPS": 0.33,
        "Diluted NI Availto Com Stockholders": NaN,
        "Net Income Common Stockholders": NaN,
        "Net Income": NaN,
        "Net Income Including Noncontrolling Interests": NaN,
        "Net Income Continuous Operations": NaN,
        "Tax Provision": NaN,
        "Pretax Income": NaN,
        "Other Income Expense": NaN,
        "Other Non Operating Income Expenses": NaN,
        "Operating Income": NaN,
        "Operating Expense": NaN,
        "Research And Development": NaN,
        "Selling General And Administration": NaN,
        "Selling And Marketing Expense": NaN,
        "General And Administrative Expense": NaN,
        "Other Gand A": NaN,
        "Gross Profit": NaN,
        "Cost Of Revenue": NaN,
        "Total Revenue": NaN,
        "Operating Revenue": NaN
    },
    "2024-06-30": {
        "Tax Effect Of Unusual Items": 0.0,
        "Tax Rate For Calcs": 0.218213,
        "Normalized EBITDA": 5826173.0,
        "Net Income From Continuing Operation Net Minority Interest": 4901224.0,
        "Reconciled Depreciation": 199130.0,
        "Reconciled Cost Of Revenue": 3919283.0,
        "EBITDA": 5826173.0,
        "EBIT": 5627043.0,
        "Normalized Income": 4901224.0,
        "Net Income From Continuing And Discontinued Operation": 4901224.0,
        "Total Expenses": 12301833.0,
        "Total Operating Income As Reported": 5627043.0,
        "Diluted Average Shares": 12757996.0,
        "Basic Average Shares": 12664920.0,
        "Diluted EPS": 0.38,
        "Basic EPS": 0.39,
        "Diluted NI Availto Com Stockholders": 4901224.0,
        "Net Income Common Stockholders": 4901224.0,
        "Net Income": 4901224.0,
        "Net Income Including Noncontrolling Interests": 4901224.0,
        "Net Income Continuous Operations": 4901224.0,
        "Tax Provision": 1368036.0,
        "Pretax Income": 6269260.0,
        "Other Income Expense": 642217.0,
        "Other Non Operating Income Expenses": 642217.0,
        "Operating Income": 5627043.0,
        "Operating Expense": 8382550.0,
        "Research And Development": 801129.0,
        "Selling General And Administration": 7581421.0,
        "Selling And Marketing Expense": 3476460.0,
        "General And Administrative Expense": 4104961.0,
        "Other Gand A": 4104961.0,
        "Gross Profit": 14009593.0,
        "Cost Of Revenue": 3919283.0,
        "Total Revenue": 17928876.0,
        "Operating Revenue": 17928876.0
    },
    "2024-09-30": {
        "Tax Effect Of Unusual Items": 0.0,
        "Tax Rate For Calcs": 0.213,
        "Normalized EBITDA": 5986691.0,
        "Net Income From Continuing Operation Net Minority Interest": 5049491.0,
        "Reconciled Depreciation": 197571.0,
        "Reconciled Cost Of Revenue": 4134253.0,
        "EBITDA": 5986691.0,
        "EBIT": 5789120.0,
        "Normalized Income": 5049491.0,
        "Net Income From Continuing And Discontinued Operation": 5049491.0,
        "Total Expenses": 12536839.0,
        "Total Operating Income As Reported": 5789120.0,
        "Diluted Average Shares": 12778446.0,
        "Basic Average Shares": 12669741.0,
        "Diluted EPS": 0.4,
        "Basic EPS": 0.4,
        "Diluted NI Availto Com Stockholders": 5049491.0,
        "Net Income Common Stockholders": 5049491.0,
        "Net Income": 5049491.0,
        "Net Income Including Noncontrolling Interests": 5049491.0,
        "Net Income Continuous Operations": 5049491.0,
        "Tax Provision": 1368830.0,
        "Pretax Income": 6418321.0,
        "Other Income Expense": 629201.0,
        "Other Non Operating Income Expenses": 629201.0,
        "Operating Income": 5789120.0,
        "Operating Expense": 8402586.0,
        "Research And Development": 639467.0,
        "Selling General And Administration": 7763119.0,
        "Selling And Marketing Expense": 3795320.0,
        "General And Administrative Expense": 3967799.0,
        "Other Gand A": 3967799.0,
        "Gross Profit": 14191706.0,
        "Cost Of Revenue": 4134253.0,
        "Total Revenue": 18325959.0,
        "Operating Revenue": 18325959.0
    },
    "2024-12-31": {
        "Tax Effect Of Unusual Items": 0.0,
        "Tax Rate For Calcs": 0.188765,
        "Normalized EBITDA": 5995083.0,
        "Net Income From Continuing Operation Net Minority Interest": 5146778.0,
        "Reconciled Depreciation": 194866.0,
        "Reconciled Cost Of Revenue": 4628308.0,
        "EBITDA": 5995083.0,
        "EBIT": 5800217.0,
        "Normalized Income": 5146778.0,
        "Net Income From Continuing And Discontinued Operation": 5146778.0,
        "Total Expenses": 13588950.0,
        "Total Operating Income As Reported": 5800217.0,
        "Diluted Average Shares": 12810482.0,
        "Basic Average Shares": 12683538.0,
        "Diluted EPS": 0.4,
        "Basic EPS": 0.41,
        "Diluted NI Availto Com Stockholders": 5146778.0,
        "Net Income Common Stockholders": 5146778.0,
        "Net Income": 5146778.0,
        "Net Income Including Noncontrolling Interests": 5146778.0,
        "Net Income Continuous Operations": 5146778.0,
        "Tax Provision": 1197599.0,
        "Pretax Income": 6344377.0,
        "Other Income Expense": -1648985.0,
        "Other Non Operating Income Expenses": -1602226.0,
        "Operating Income": 5800217.0,
        "Operating Expense": 8960642.0,
        "Research And Development": 569993.0,
        "Selling General And Administration": 8390649.0,
        "Selling And Marketing Expense": 4517497.0,
        "General And Administrative Expense": 3873152.0,
        "Other Gand A": 3873152.0,
        "Gross Profit": 14760859.0,
        "Cost Of Revenue": 4628308.0,
        "Total Revenue": 19389167.0,
        "Operating Revenue": 19389167.0
    },
    "2025-03-31": {
        "Tax Effect Of Unusual Items": 0.0,
        "Tax Rate For Calcs": 0.212,
        "Normalized EBITDA": 5625578.0,
        "Net Income From Continuing Operation Net Minority Interest": 4687429.0,
        "Reconciled Depreciation": 194122.0,
        "Reconciled Cost Of Revenue": 4667831.0,
        "EBITDA": 5625578.0,
        "EBIT": 5431456.0,
        "Normalized Income": 4687429.0,
        "Net Income From Continuing And Discontinued Operation": 4687429.0,
        "Total Expenses": 14079181.0,
        "Total Operating Income As Reported": 5431456.0,
        "Diluted Average Shares": 12825672.0,
        "Basic Average Shares": 12714224.0,
        "Diluted EPS": 0.37,
        "Basic EPS": 0.37,
        "Diluted NI Availto Com Stockholders": 4687429.0,
        "Net Income Common Stockholders": 4687429.0,
        "Net Income": 4687429.0,
        "Net Income Including Noncontrolling Interests": 4687429.0,
        "Net Income Continuous Operations": 4687429.0,
        "Tax Provision": 1258000.0,
        "Pretax Income": 5945429.0,
        "Other Income Expense": 513973.0,
        "Other Non Operating Income Expenses": 513973.0,
        "Operating Income": 5431456.0,
        "Operating Expense": 9411350.0,
        "Research And Development": 624245.0,
        "Selling General And Administration": 8787105.0,
        "Selling And Marketing Expense": 4176273.0,
        "General And Administrative Expense": 4610832.0,
        "Other Gand A": 4610832.0,
        "Gross Profit": 14842806.0,
        "Cost Of Revenue": 4667831.0,
        "Total Revenue": 19510637.0,
        "Operating Revenue": 19510637.0
    },
    "2025-06-30": {
        "Tax Effect Of Unusual Items": 0.0,
        "Tax Rate For Calcs": 0.211987,
        "Normalized EBITDA": 6995473.0,
        "Net Income From Continuing Operation Net Minority Interest": 5773961.0,
        "Reconciled Depreciation": 207476.0,
        "Reconciled Cost Of Revenue": 4454408.0,
        "EBITDA": 6995473.0,
        "EBIT": 6787997.0,
        "Normalized Income": 5773961.0,
        "Net Income From Continuing And Discontinued Operation": 5773961.0,
        "Total Expenses": 13621403.0,
        "Total Operating Income As Reported": 6787997.0,
        "Diluted Average Shares": 12835408.0,
        "Basic Average Shares": 12715872.0,
        "Diluted EPS": 0.45,
        "Basic EPS": 0.45,
        "Diluted NI Availto Com Stockholders": 5773961.0,
        "Net Income Common Stockholders": 5773961.0,
        "Net Income": 5773961.0,
        "Net Income Including Noncontrolling Interests": 5773961.0,
        "Net Income Continuous Operations": 5773961.0,
        "Tax Provision": 1553283.0,
        "Pretax Income": 7327244.0,
        "Other Income Expense": 539247.0,
        "Other Non Operating Income Expenses": 539247.0,
        "Operating Income": 6787997.0,
        "Operating Expense": 9166995.0,
        "Research And Development": 877362.0,
        "Selling General And Administration": 8289633.0,
        "Selling And Marketing Expense": 4009640.0,
        "General And Administrative Expense": 4279993.0,
        "Other Gand A": 4279993.0,
        "Gross Profit": 15954992.0,
        "Cost Of Revenue": 4454408.0,
        "Total Revenue": 20409400.0,
        "Operating Revenue": 20409400.0
    },
    "2025-09-30": {
        "Tax Effect Of Unusual Items": 0.0,
        "Tax Rate For Calcs": 0.236,
        "Normalized EBITDA": 7217472.0,
        "Net Income From Continuing Operation Net Minority Interest": 5576652.0,
        "Reconciled Depreciation": 383722.0,
        "Reconciled Cost Of Revenue": 4707756.0,
        "EBITDA": 7217472.0,
        "EBIT": 6833750.0,
        "Normalized Income": 5576652.0,
        "Net Income From Continuing And Discontinued Operation": 5576652.0,
        "Total Expenses": 14368314.0,
        "Total Operating Income As Reported": 6833750.0,
        "Diluted Average Shares": 12860077.0,
        "Basic Average Shares": 12720812.0,
        "Diluted EPS": 0.43,
        "Basic EPS": 0.44,
        "Diluted NI Availto Com Stockholders": 5576652.0,
        "Net Income Common Stockholders": 5576652.0,
        "Net Income": 5576652.0,
        "Net Income Including Noncontrolling Interests": 5576652.0,
        "Net Income Continuous Operations": 5576652.0,
        "Tax Provision": 1721074.0,
        "Pretax Income": 7297726.0,
        "Other Income Expense": 463976.0,
        "Other Non Operating Income Expenses": 463976.0,
        "Operating Income": 6833750.0,
        "Operating Expense": 9660558.0,
        "Research And Development": 674362.0,
        "Selling General And Administration": 8986196.0,
        "Selling And Marketing Expense": 4630560.0,
        "General And Administrative Expense": 4355636.0,
        "Other Gand A": 4355636.0,
        "Gross Profit": 16494308.0,
        "Cost Of Revenue": 4707756.0,
        "Total Revenue": 21202064.0,
        "Operating Revenue": 21202064.0
    }
}