{
    "2023-03-31": {
        "Tax Effect Of Unusual Items": NaN,
        "Tax Rate For Calcs": NaN,
        "Normalized EBITDA": NaN,
        "Net Income From Continuing Operation Net Minority Interest": NaN,
        "Reconciled Depreciation": NaN,
        "Reconciled Cost Of Revenue": NaN,
        "EBITDA": NaN,
        "EBIT": NaN,
        "Net Interest Income": NaN,
        "Interest Expense": NaN,
        "Interest Income": NaN,
        "Normalized Income": NaN,
        "Net Income From Continuing And Discontinued Operation": NaN,
        "Total Expenses": NaN,
        "Total Operating Income As Reported": NaN,
        "Diluted Average Shares": 8980898.0,
        "Basic Average Shares": 8980898.0,
        "Diluted EPS": -0.27,
        "Basic EPS": -0.27,
        "Diluted NI Availto Com Stockholders": NaN,
        "Net Income Common Stockholders": NaN,
        "Net Income": NaN,
        "Net Income Including Noncontrolling Interests": NaN,
        "Net Income Continuous Operations": NaN,
        "Pretax Income": NaN,
        "Other Income Expense": NaN,
        "Other Non Operating Income Expenses": NaN,
        "Net Non Operating Interest Income Expense": NaN,
        "Interest Expense Non Operating": NaN,
        "Interest Income Non Operating": NaN,
        "Operating Income": NaN,
        "Operating Expense": NaN,
        "Other Operating Expenses": NaN,
        "Research And Development": NaN,
        "Selling General And Administration": NaN,
        "Selling And Marketing Expense": NaN,
        "General And Administrative Expense": NaN,
        "Other Gand A": NaN,
        "Gross Profit": NaN,
        "Cost Of Revenue": NaN,
        "Total Revenue": NaN,
        "Operating Revenue": NaN
    },
    "2022-12-31": {
        "Tax Effect Of Unusual Items": NaN,
        "Tax Rate For Calcs": NaN,
        "Normalized EBITDA": NaN,
        "Total Unusual Items": 0.0,
        "Total Unusual Items Excluding Goodwill": 0.0,
        "Net Income From Continuing Operation Net Minority Interest": NaN,
        "Reconciled Depreciation": NaN,
        "Reconciled Cost Of Revenue": NaN,
        "EBITDA": NaN,
        "EBIT": NaN,
        "Net Interest Income": NaN,
        "Interest Expense": NaN,
        "Interest Income": NaN,
        "Normalized Income": NaN,
        "Net Income From Continuing And Discontinued Operation": NaN,
        "Total Expenses": NaN,
        "Total Operating Income As Reported": NaN,
        "Diluted Average Shares": NaN,
        "Basic Average Shares": NaN,
        "Diluted EPS": NaN,
        "Basic EPS": NaN,
        "Diluted NI Availto Com Stockholders": NaN,
        "Net Income Common Stockholders": NaN,
        "Net Income": NaN,
        "Net Income Including Noncontrolling Interests": NaN,
        "Net Income Continuous Operations": NaN,
        "Pretax Income": NaN,
        "Other Income Expense": NaN,
        "Other Non Operating Income Expenses": NaN,
        "Special Income Charges": 0.0,
        "Net Non Operating Interest Income Expense": NaN,
        "Interest Expense Non Operating": NaN,
        "Interest Income Non Operating": NaN,
        "Operating Income": NaN,
        "Operating Expense": NaN,
        "Other Operating Expenses": NaN,
        "Research And Development": NaN,
        "Selling General And Administration": NaN,
        "Selling And Marketing Expense": NaN,
        "General And Administrative Expense": NaN,
        "Other Gand A": NaN,
        "Gross Profit": NaN,
        "Cost Of Revenue": NaN,
        "Total Revenue": NaN,
        "Operating Revenue": NaN
    },
    "2022-09-30": {
        "Tax Effect Of Unusual Items": NaN,
        "Tax Rate For Calcs": NaN,
        "Normalized EBITDA": NaN,
        "Total Unusual Items": 0.0,
        "Total Unusual Items Excluding Goodwill": 0.0,
        "Net Income From Continuing Operation Net Minority Interest": NaN,
        "Reconciled Depreciation": NaN,
        "Reconciled Cost Of Revenue": NaN,
        "EBITDA": NaN,
        "EBIT": NaN,
        "Net Interest Income": NaN,
        "Interest Expense": NaN,
        "Interest Income": NaN,
        "Normalized Income": NaN,
        "Net Income From Continuing And Discontinued Operation": NaN,
        "Total Expenses": NaN,
        "Total Operating Income As Reported": NaN,
        "Diluted Average Shares": 8878888.0,
        "Basic Average Shares": 8878888.0,
        "Diluted EPS": -0.35,
        "Basic EPS": -0.35,
        "Diluted NI Availto Com Stockholders": NaN,
        "Net Income Common Stockholders": NaN,
        "Net Income": NaN,
        "Net Income Including Noncontrolling Interests": NaN,
        "Net Income Continuous Operations": NaN,
        "Pretax Income": NaN,
        "Other Income Expense": NaN,
        "Other Non Operating Income Expenses": NaN,
        "Special Income Charges": 0.0,
        "Net Non Operating Interest Income Expense": NaN,
        "Interest Expense Non Operating": NaN,
        "Interest Income Non Operating": NaN,
        "Operating Income": NaN,
        "Operating Expense": NaN,
        "Other Operating Expenses": NaN,
        "Research And Development": NaN,
        "Selling General And Administration": NaN,
        "Selling And Marketing Expense": NaN,
        "General And Administrative Expense": NaN,
        "Other Gand A": NaN,
        "Gross Profit": NaN,
        "Cost Of Revenue": NaN,
        "Total Revenue": NaN,
        "Operating Revenue": NaN
    },
    "2022-06-30": {
        "Tax Effect Of Unusual Items": 0.0,
        "Tax Rate For Calcs": 0.0,
        "Normalized EBITDA": -2293223.0,
        "Total Unusual Items": 0.0,
        "Total Unusual Items Excluding Goodwill": 0.0,
        "Net Income From Continuing Operation Net Minority Interest": -2606809.0,
        "Reconciled Depreciation": 271313.0,
        "Reconciled Cost Of Revenue": 999743.0,
        "EBITDA": -2293223.0,
        "EBIT": -2564536.0,
        "Net Interest Income": -28392.0,
        "Interest Expense": 42273.0,
        "Interest Income": 13881.0,
        "Normalized Income": -2606809.0,
        "Net Income From Continuing And Discontinued Operation": -2606809.0,
        "Total Expenses": 4923695.0,
        "Total Operating Income As Reported": -2585007.0,
        "Diluted Average Shares": 8821698.0,
        "Basic Average Shares": 8821698.0,
        "Diluted EPS": -0.3,
        "Basic EPS": -0.3,
        "Diluted NI Availto Com Stockholders": -2606809.0,
        "Net Income Common Stockholders": -2606809.0,
        "Net Income": -2606809.0,
        "Net Income Including Noncontrolling Interests": -2606809.0,
        "Net Income Continuous Operations": -2606809.0,
        "Pretax Income": -2606809.0,
        "Other Income Expense": 6590.0,
        "Other Non Operating Income Expenses": 6590.0,
        "Special Income Charges": 0.0,
        "Net Non Operating Interest Income Expense": -28392.0,
        "Interest Expense Non Operating": 42273.0,
        "Interest Income Non Operating": 13881.0,
        "Operating Income": -2585007.0,
        "Operating Expense": 3923952.0,
        "Other Operating Expenses": 242380.0,
        "Research And Development": 635650.0,
        "Selling General And Administration": 3045922.0,
        "Selling And Marketing Expense": 950563.0,
        "General And Administrative Expense": 2095359.0,
        "Other Gand A": 2095359.0,
        "Gross Profit": 1338945.0,
        "Cost Of Revenue": 999743.0,
        "Total Revenue": 2338688.0,
        "Operating Revenue": 2338688.0
    },
    "2023-06-30": {
        "Tax Effect Of Unusual Items": NaN,
        "Tax Rate For Calcs": NaN,
        "Normalized EBITDA": NaN,
        "Net Income From Continuing Operation Net Minority Interest": NaN,
        "Reconciled Depreciation": NaN,
        "Reconciled Cost Of Revenue": NaN,
        "EBITDA": NaN,
        "EBIT": NaN,
        "Net Interest Income": NaN,
        "Interest Expense": NaN,
        "Interest Income": NaN,
        "Normalized Income": NaN,
        "Net Income From Continuing And Discontinued Operation": NaN,
        "Total Expenses": NaN,
        "Total Operating Income As Reported": NaN,
        "Diluted Average Shares": 451693.0,
        "Basic Average Shares": 451693.0,
        "Diluted EPS": -7.8,
        "Basic EPS": -7.8,
        "Diluted NI Availto Com Stockholders": NaN,
        "Net Income Common Stockholders": NaN,
        "Net Income": NaN,
        "Net Income Including Noncontrolling Interests": NaN,
        "Net Income Continuous Operations": NaN,
        "Pretax Income": NaN,
        "Other Income Expense": NaN,
        "Other Non Operating Income Expenses": NaN,
        "Net Non Operating Interest Income Expense": NaN,
        "Interest Expense Non Operating": NaN,
        "Interest Income Non Operating": NaN,
        "Operating Income": NaN,
        "Operating Expense": NaN,
        "Other Operating Expenses": NaN,
        "Research And Development": NaN,
        "Selling General And Administration": NaN,
        "Selling And Marketing Expense": NaN,
        "General And Administrative Expense": NaN,
        "Other Gand A": NaN,
        "Gross Profit": NaN,
        "Cost Of Revenue": NaN,
        "Total Revenue": NaN,
        "Operating Revenue": NaN
    },
    "2022-03-31": {
        "Diluted EPS": -0.27,
        "Total Revenue": 3,
        "Gross Profit": 1,
        "Operating Income": -2,
        "EBIT": -2,
        "Net Income": -2
    },
    "2021-12-31": {
        "Diluted EPS": 3.23,
        "Total Revenue": 3,
        "Gross Profit": 1,
        "Operating Income": -2,
        "EBIT": -1,
        "Net Income": -2
    },
    "2021-09-30": {
        "Diluted EPS": -0.22,
        "Total Revenue": 3,
        "Gross Profit": 2,
        "Operating Income": -1,
        "EBIT": -1,
        "Net Income": -2
    },
    "2021-06-30": {
        "Diluted EPS": -0.87,
        "Total Revenue": 3,
        "Gross Profit": 1,
        "Operating Income": -2,
        "EBIT": -1,
        "Net Income": -1
    },
    "2021-03-31": {
        "Diluted EPS": -4.23,
        "Total Revenue": 3,
        "Gross Profit": 1,
        "Operating Income": -1,
        "EBIT": -1,
        "Net Income": -4
    },
    "2020-12-31": {
        "Diluted EPS": 0.0,
        "Total Revenue": NaN,
        "Gross Profit": NaN,
        "Operating Income": NaN,
        "EBIT": NaN,
        "Net Income": NaN
    },
    "2020-09-30": {
        "Diluted EPS": -1.33,
        "Total Revenue": 2,
        "Gross Profit": 1,
        "Operating Income": -1,
        "EBIT": -1,
        "Net Income": -1
    },
    "2020-06-30": {
        "Diluted EPS": -0.19,
        "Total Revenue": 2,
        "Gross Profit": 1,
        "Operating Income": 0,
        "EBIT": 0,
        "Net Income": 0
    },
    "2019-12-31": {
        "Diluted EPS": 0.0,
        "Total Revenue": NaN,
        "Gross Profit": NaN,
        "Operating Income": NaN,
        "EBIT": NaN,
        "Net Income": NaN
    },
    "2023-09-30": {
        "Tax Effect Of Unusual Items": NaN,
        "Tax Rate For Calcs": NaN,
        "Normalized EBITDA": NaN,
        "Net Income From Continuing Operation Net Minority Interest": NaN,
        "Reconciled Depreciation": NaN,
        "Reconciled Cost Of Revenue": NaN,
        "EBITDA": NaN,
        "EBIT": NaN,
        "Net Interest Income": NaN,
        "Interest Expense": NaN,
        "Interest Income": NaN,
        "Normalized Income": NaN,
        "Net Income From Continuing And Discontinued Operation": NaN,
        "Total Expenses": NaN,
        "Total Operating Income As Reported": NaN,
        "Diluted Average Shares": 453265.0,
        "Basic Average Shares": 453265.0,
        "Diluted EPS": -4.6,
        "Basic EPS": -4.6,
        "Diluted NI Availto Com Stockholders": NaN,
        "Net Income Common Stockholders": NaN,
        "Net Income": NaN,
        "Net Income Including Noncontrolling Interests": NaN,
        "Net Income Continuous Operations": NaN,
        "Pretax Income": NaN,
        "Other Income Expense": NaN,
        "Other Non Operating Income Expenses": NaN,
        "Net Non Operating Interest Income Expense": NaN,
        "Interest Expense Non Operating": NaN,
        "Interest Income Non Operating": NaN,
        "Operating Income": NaN,
        "Operating Expense": NaN,
        "Other Operating Expenses": NaN,
        "Research And Development": NaN,
        "Selling General And Administration": NaN,
        "Selling And Marketing Expense": NaN,
        "General And Administrative Expense": NaN,
        "Other Gand A": NaN,
        "Gross Profit": NaN,
        "Cost Of Revenue": NaN,
        "Total Revenue": NaN,
        "Operating Revenue": NaN
    },
    "2023-12-31": {
        "Tax Effect Of Unusual Items": 0.0,
        "Tax Rate For Calcs": 0.0,
        "Normalized EBITDA": -2273253.0,
        "Net Income From Continuing Operation Net Minority Interest": -3072961.0,
        "Reconciled Depreciation": 580458.0,
        "Reconciled Cost Of Revenue": 1427189.0,
        "EBITDA": -2273253.0,
        "EBIT": -2853711.0,
        "Net Interest Income": -172006.0,
        "Interest Expense": 219250.0,
        "Interest Income": 47244.0,
        "Normalized Income": -3072961.0,
        "Net Income From Continuing And Discontinued Operation": -3072961.0,
        "Total Expenses": 5446118.0,
        "Total Operating Income As Reported": -2871024.0,
        "Diluted Average Shares": NaN,
        "Basic Average Shares": NaN,
        "Diluted EPS": NaN,
        "Basic EPS": NaN,
        "Diluted NI Availto Com Stockholders": -3072961.0,
        "Net Income Common Stockholders": -3072961.0,
        "Net Income": -3072961.0,
        "Net Income Including Noncontrolling Interests": -3072961.0,
        "Net Income Continuous Operations": NaN,
        "Pretax Income": -3072961.0,
        "Other Income Expense": -29931.0,
        "Other Non Operating Income Expenses": -29931.0,
        "Net Non Operating Interest Income Expense": -172006.0,
        "Interest Expense Non Operating": 219250.0,
        "Interest Income Non Operating": 47244.0,
        "Operating Income": -2871024.0,
        "Operating Expense": 4018929.0,
        "Other Operating Expenses": -1134062.0,
        "Research And Development": 967831.0,
        "Selling General And Administration": 4185160.0,
        "Selling And Marketing Expense": 983217.0,
        "General And Administrative Expense": NaN,
        "Other Gand A": 3201943.0,
        "Gross Profit": 1147905.0,
        "Cost Of Revenue": 1427189.0,
        "Total Revenue": 2575094.0,
        "Operating Revenue": 2575094.0
    },
    "2024-03-31": {
        "Tax Effect Of Unusual Items": NaN,
        "Tax Rate For Calcs": NaN,
        "Normalized EBITDA": NaN,
        "Net Income From Continuing Operation Net Minority Interest": NaN,
        "Reconciled Depreciation": NaN,
        "Reconciled Cost Of Revenue": NaN,
        "EBITDA": NaN,
        "EBIT": NaN,
        "Net Interest Income": NaN,
        "Interest Expense": NaN,
        "Interest Income": NaN,
        "Normalized Income": NaN,
        "Net Income From Continuing And Discontinued Operation": NaN,
        "Total Expenses": NaN,
        "Total Operating Income As Reported": NaN,
        "Diluted Average Shares": 456623.0,
        "Basic Average Shares": 456623.0,
        "Diluted EPS": -6.36,
        "Basic EPS": -6.36,
        "Diluted NI Availto Com Stockholders": NaN,
        "Net Income Common Stockholders": NaN,
        "Net Income": NaN,
        "Net Income Including Noncontrolling Interests": NaN,
        "Net Income Continuous Operations": NaN,
        "Pretax Income": NaN,
        "Other Income Expense": NaN,
        "Other Non Operating Income Expenses": NaN,
        "Net Non Operating Interest Income Expense": NaN,
        "Interest Expense Non Operating": NaN,
        "Interest Income Non Operating": NaN,
        "Operating Income": NaN,
        "Operating Expense": NaN,
        "Other Operating Expenses": NaN,
        "Research And Development": NaN,
        "Selling General And Administration": NaN,
        "Selling And Marketing Expense": NaN,
        "General And Administrative Expense": NaN,
        "Other Gand A": NaN,
        "Gross Profit": NaN,
        "Cost Of Revenue": NaN,
        "Total Revenue": NaN,
        "Operating Revenue": NaN
    },
    "2024-06-30": {
        "Tax Effect Of Unusual Items": 0.0,
        "Tax Rate For Calcs": 0.0,
        "Normalized EBITDA": -1497806.0,
        "Net Income From Continuing Operation Net Minority Interest": -2109024.0,
        "Reconciled Depreciation": 606744.0,
        "Reconciled Cost Of Revenue": 1424392.0,
        "EBITDA": -1497806.0,
        "EBIT": -2104550.0,
        "Net Interest Income": 4689.0,
        "Interest Expense": 4474.0,
        "Interest Income": 9163.0,
        "Normalized Income": -2109024.0,
        "Net Income From Continuing And Discontinued Operation": -2109024.0,
        "Total Expenses": 5045344.0,
        "Total Operating Income As Reported": -2181665.0,
        "Diluted Average Shares": 567029.0,
        "Basic Average Shares": 567029.0,
        "Diluted EPS": -3.72,
        "Basic EPS": -3.72,
        "Diluted NI Availto Com Stockholders": -2109024.0,
        "Net Income Common Stockholders": -2109024.0,
        "Net Income": -2109024.0,
        "Net Income Including Noncontrolling Interests": -2109024.0,
        "Net Income Continuous Operations": -2109024.0,
        "Pretax Income": -2109024.0,
        "Other Income Expense": 67952.0,
        "Other Non Operating Income Expenses": 67952.0,
        "Net Non Operating Interest Income Expense": 4689.0,
        "Interest Expense Non Operating": 4474.0,
        "Interest Income Non Operating": 9163.0,
        "Operating Income": -2181665.0,
        "Operating Expense": 3620952.0,
        "Other Operating Expenses": 570700.0,
        "Research And Development": 911927.0,
        "Selling General And Administration": 2138325.0,
        "Selling And Marketing Expense": 1082949.0,
        "General And Administrative Expense": 1055376.0,
        "Other Gand A": 1055376.0,
        "Gross Profit": 1439287.0,
        "Cost Of Revenue": 1424392.0,
        "Total Revenue": 2863679.0,
        "Operating Revenue": 2863679.0
    },
    "2024-09-30": {
        "Tax Effect Of Unusual Items": 0.0,
        "Tax Rate For Calcs": 0.0,
        "Normalized EBITDA": -889710.0,
        "Net Income From Continuing Operation Net Minority Interest": -1439853.0,
        "Reconciled Depreciation": 542779.0,
        "Reconciled Cost Of Revenue": 1554159.0,
        "EBITDA": -889710.0,
        "EBIT": -1432489.0,
        "Net Interest Income": -6129.0,
        "Interest Expense": 7364.0,
        "Interest Income": 1235.0,
        "Normalized Income": -1439853.0,
        "Net Income From Continuing And Discontinued Operation": -1439853.0,
        "Total Expenses": 4367340.0,
        "Total Operating Income As Reported": -1705404.0,
        "Diluted Average Shares": 687141.0,
        "Basic Average Shares": 687141.0,
        "Diluted EPS": -2.1,
        "Basic EPS": -2.1,
        "Diluted NI Availto Com Stockholders": -1439853.0,
        "Net Income Common Stockholders": -1439853.0,
        "Net Income": -1439853.0,
        "Net Income Including Noncontrolling Interests": -1439853.0,
        "Net Income Continuous Operations": -1439853.0,
        "Pretax Income": -1439853.0,
        "Other Income Expense": 271680.0,
        "Other Non Operating Income Expenses": 271680.0,
        "Net Non Operating Interest Income Expense": -6129.0,
        "Interest Expense Non Operating": 7364.0,
        "Interest Income Non Operating": 1235.0,
        "Operating Income": -1705404.0,
        "Operating Expense": 2813181.0,
        "Other Operating Expenses": 534114.0,
        "Research And Development": 754730.0,
        "Selling General And Administration": 1524337.0,
        "Selling And Marketing Expense": 631625.0,
        "General And Administrative Expense": 892712.0,
        "Other Gand A": 892712.0,
        "Gross Profit": 1107777.0,
        "Cost Of Revenue": 1554159.0,
        "Total Revenue": 2661936.0,
        "Operating Revenue": 2661936.0
    },
    "2024-12-31": {
        "Tax Effect Of Unusual Items": 0.0,
        "Tax Rate For Calcs": 0.0,
        "Normalized EBITDA": -5295004.0,
        "Net Income From Continuing Operation Net Minority Interest": -6046811.0,
        "Reconciled Depreciation": 548036.0,
        "Reconciled Cost Of Revenue": 1324155.0,
        "EBITDA": -5295004.0,
        "EBIT": -5843040.0,
        "Net Interest Income": -200534.0,
        "Interest Expense": 203771.0,
        "Interest Income": 3237.0,
        "Normalized Income": -6046811.0,
        "Net Income From Continuing And Discontinued Operation": -6046811.0,
        "Total Expenses": 7315963.0,
        "Total Operating Income As Reported": -5840456.0,
        "Diluted Average Shares": NaN,
        "Basic Average Shares": NaN,
        "Diluted EPS": NaN,
        "Basic EPS": NaN,
        "Diluted NI Availto Com Stockholders": -6046811.0,
        "Net Income Common Stockholders": -6046811.0,
        "Net Income": -6046811.0,
        "Net Income Including Noncontrolling Interests": -6046811.0,
        "Net Income Continuous Operations": -6046811.0,
        "Pretax Income": -6046811.0,
        "Other Income Expense": -5821.0,
        "Other Non Operating Income Expenses": -5821.0,
        "Net Non Operating Interest Income Expense": -200534.0,
        "Interest Expense Non Operating": 203771.0,
        "Interest Income Non Operating": 3237.0,
        "Operating Income": -5840456.0,
        "Operating Expense": 5991808.0,
        "Other Operating Expenses": -1175619.0,
        "Research And Development": 951667.0,
        "Selling General And Administration": 6215760.0,
        "Selling And Marketing Expense": 2564754.0,
        "General And Administrative Expense": 3651006.0,
        "Other Gand A": 3651006.0,
        "Gross Profit": 151352.0,
        "Cost Of Revenue": 1324155.0,
        "Total Revenue": 1475507.0,
        "Operating Revenue": 1475507.0
    },
    "2025-03-31": {
        "Tax Effect Of Unusual Items": 0.0,
        "Tax Rate For Calcs": 0.0,
        "Normalized EBITDA": -1205201.0,
        "Net Income From Continuing Operation Net Minority Interest": -1658396.0,
        "Reconciled Depreciation": 432709.0,
        "Reconciled Cost Of Revenue": 657279.0,
        "EBITDA": -1205201.0,
        "EBIT": -1637910.0,
        "Net Interest Income": -17698.0,
        "Interest Expense": 20486.0,
        "Interest Income": 2788.0,
        "Normalized Income": -1658396.0,
        "Net Income From Continuing And Discontinued Operation": -1658396.0,
        "Total Expenses": 2695899.0,
        "Total Operating Income As Reported": -1638389.0,
        "Diluted Average Shares": 2323135.0,
        "Basic Average Shares": 2323135.0,
        "Diluted EPS": -0.71,
        "Basic EPS": -0.71,
        "Diluted NI Availto Com Stockholders": -1658396.0,
        "Net Income Common Stockholders": -1658396.0,
        "Net Income": -1658396.0,
        "Net Income Including Noncontrolling Interests": -1658396.0,
        "Net Income Continuous Operations": -1658396.0,
        "Pretax Income": -1658396.0,
        "Other Income Expense": -2309.0,
        "Other Non Operating Income Expenses": -2309.0,
        "Net Non Operating Interest Income Expense": -17698.0,
        "Interest Expense Non Operating": 20486.0,
        "Interest Income Non Operating": 2788.0,
        "Operating Income": -1638389.0,
        "Operating Expense": 2038620.0,
        "Other Operating Expenses": 387447.0,
        "Research And Development": 545367.0,
        "Selling General And Administration": 1105806.0,
        "Selling And Marketing Expense": 347140.0,
        "General And Administrative Expense": 758666.0,
        "Other Gand A": 758666.0,
        "Gross Profit": 400231.0,
        "Cost Of Revenue": 657279.0,
        "Total Revenue": 1057510.0,
        "Operating Revenue": 1057510.0
    },
    "2025-06-30": {
        "Tax Effect Of Unusual Items": 0.0,
        "Tax Rate For Calcs": 0.0,
        "Normalized EBITDA": -614511.0,
        "Net Income From Continuing Operation Net Minority Interest": -1047243.0,
        "Reconciled Depreciation": 432732.0,
        "Reconciled Cost Of Revenue": 444177.0,
        "EBITDA": -614511.0,
        "EBIT": -1047243.0,
        "Net Interest Income": 10018.0,
        "Interest Expense": 0.0,
        "Interest Income": 10018.0,
        "Normalized Income": -1047243.0,
        "Net Income From Continuing And Discontinued Operation": -1047243.0,
        "Total Expenses": 2534561.0,
        "Total Operating Income As Reported": -1821426.0,
        "Diluted Average Shares": 2496860.0,
        "Basic Average Shares": 2496860.0,
        "Diluted EPS": -0.42,
        "Basic EPS": -0.42,
        "Diluted NI Availto Com Stockholders": -1047243.0,
        "Net Income Common Stockholders": -1047243.0,
        "Net Income": -1047243.0,
        "Net Income Including Noncontrolling Interests": -1047243.0,
        "Net Income Continuous Operations": -1047243.0,
        "Pretax Income": -1047243.0,
        "Other Income Expense": 764165.0,
        "Other Non Operating Income Expenses": 764165.0,
        "Net Non Operating Interest Income Expense": 10018.0,
        "Interest Expense Non Operating": 0.0,
        "Interest Income Non Operating": 10018.0,
        "Operating Income": -1821426.0,
        "Operating Expense": 2090384.0,
        "Other Operating Expenses": 347315.0,
        "Research And Development": 536311.0,
        "Selling General And Administration": 1206758.0,
        "Selling And Marketing Expense": 258382.0,
        "General And Administrative Expense": 948376.0,
        "Other Gand A": 948376.0,
        "Gross Profit": 268958.0,
        "Cost Of Revenue": 444177.0,
        "Total Revenue": 713135.0,
        "Operating Revenue": 713135.0
    }
}