{
    "2023-03-31": {
        "Tax Effect Of Unusual Items": NaN,
        "Tax Rate For Calcs": NaN,
        "Normalized EBITDA": NaN,
        "Net Income From Continuing Operation Net Minority Interest": NaN,
        "Reconciled Depreciation": NaN,
        "Reconciled Cost Of Revenue": NaN,
        "EBITDA": NaN,
        "EBIT": NaN,
        "Net Interest Income": NaN,
        "Interest Expense": 0.0,
        "Interest Income": NaN,
        "Normalized Income": NaN,
        "Net Income From Continuing And Discontinued Operation": NaN,
        "Total Expenses": NaN,
        "Total Operating Income As Reported": NaN,
        "Diluted Average Shares": NaN,
        "Basic Average Shares": NaN,
        "Diluted EPS": NaN,
        "Basic EPS": NaN,
        "Diluted NI Availto Com Stockholders": NaN,
        "Net Income Common Stockholders": NaN,
        "Net Income": NaN,
        "Net Income Including Noncontrolling Interests": NaN,
        "Net Income Continuous Operations": NaN,
        "Tax Provision": NaN,
        "Pretax Income": NaN,
        "Other Income Expense": NaN,
        "Other Non Operating Income Expenses": NaN,
        "Net Non Operating Interest Income Expense": NaN,
        "Interest Expense Non Operating": 0.0,
        "Interest Income Non Operating": NaN,
        "Operating Income": NaN,
        "Operating Expense": NaN,
        "Research And Development": NaN,
        "Selling General And Administration": NaN,
        "Gross Profit": NaN,
        "Cost Of Revenue": NaN,
        "Total Revenue": NaN,
        "Operating Revenue": NaN
    },
    "2022-12-31": {
        "Tax Effect Of Unusual Items": NaN,
        "Tax Rate For Calcs": NaN,
        "Normalized EBITDA": NaN,
        "Net Income From Continuing Operation Net Minority Interest": NaN,
        "Reconciled Depreciation": NaN,
        "Reconciled Cost Of Revenue": NaN,
        "EBITDA": NaN,
        "EBIT": NaN,
        "Net Interest Income": NaN,
        "Interest Expense": 0.0,
        "Interest Income": NaN,
        "Normalized Income": NaN,
        "Net Income From Continuing And Discontinued Operation": NaN,
        "Total Expenses": NaN,
        "Total Operating Income As Reported": NaN,
        "Diluted Average Shares": NaN,
        "Basic Average Shares": NaN,
        "Diluted EPS": NaN,
        "Basic EPS": NaN,
        "Diluted NI Availto Com Stockholders": NaN,
        "Net Income Common Stockholders": NaN,
        "Net Income": NaN,
        "Net Income Including Noncontrolling Interests": NaN,
        "Net Income Continuous Operations": NaN,
        "Tax Provision": NaN,
        "Pretax Income": NaN,
        "Other Income Expense": NaN,
        "Other Non Operating Income Expenses": NaN,
        "Net Non Operating Interest Income Expense": NaN,
        "Interest Expense Non Operating": 0.0,
        "Interest Income Non Operating": NaN,
        "Operating Income": NaN,
        "Operating Expense": NaN,
        "Research And Development": NaN,
        "Selling General And Administration": NaN,
        "Gross Profit": NaN,
        "Cost Of Revenue": NaN,
        "Total Revenue": NaN,
        "Operating Revenue": NaN
    },
    "2022-09-30": {
        "Tax Effect Of Unusual Items": 0.0,
        "Tax Rate For Calcs": 0.315589,
        "Normalized EBITDA": 2297433.0,
        "Net Income From Continuing Operation Net Minority Interest": 1651376.0,
        "Reconciled Depreciation": 90335.0,
        "Reconciled Cost Of Revenue": 2795585.0,
        "EBITDA": 2297433.0,
        "EBIT": 2297433.0,
        "Net Interest Income": 65232.0,
        "Interest Expense": NaN,
        "Interest Income": 65232.0,
        "Normalized Income": 1651376.0,
        "Net Income From Continuing And Discontinued Operation": 1651376.0,
        "Total Expenses": 4965688.0,
        "Total Operating Income As Reported": 2297433.0,
        "Diluted Average Shares": 17257871.0,
        "Basic Average Shares": 17256750.0,
        "Diluted EPS": 0.1,
        "Basic EPS": 0.1,
        "Diluted NI Availto Com Stockholders": 1651376.0,
        "Net Income Common Stockholders": 1651376.0,
        "Net Income": 1651376.0,
        "Net Income Including Noncontrolling Interests": 1651376.0,
        "Net Income Continuous Operations": 1651376.0,
        "Tax Provision": 761468.0,
        "Pretax Income": 2412844.0,
        "Other Income Expense": 50179.0,
        "Other Non Operating Income Expenses": 50179.0,
        "Net Non Operating Interest Income Expense": 65232.0,
        "Interest Expense Non Operating": NaN,
        "Interest Income Non Operating": 65232.0,
        "Operating Income": 2297433.0,
        "Operating Expense": 2170103.0,
        "Research And Development": 642203.0,
        "Selling General And Administration": 1527900.0,
        "Gross Profit": 4467536.0,
        "Cost Of Revenue": 2795585.0,
        "Total Revenue": 7263121.0,
        "Operating Revenue": 7263121.0
    },
    "2022-06-30": {
        "Tax Effect Of Unusual Items": 0.0,
        "Tax Rate For Calcs": 0.208834,
        "Normalized EBITDA": 1685900.0,
        "Net Income From Continuing Operation Net Minority Interest": 1359174.0,
        "Reconciled Depreciation": 90028.0,
        "Reconciled Cost Of Revenue": 2879462.0,
        "EBITDA": 1685900.0,
        "EBIT": 1685900.0,
        "Net Interest Income": 10429.0,
        "Interest Income": 10429.0,
        "Normalized Income": 1359174.0,
        "Net Income From Continuing And Discontinued Operation": 1359174.0,
        "Total Expenses": 5250076.0,
        "Total Operating Income As Reported": 1685900.0,
        "Diluted Average Shares": 17265798.0,
        "Basic Average Shares": 17261349.0,
        "Diluted EPS": 0.08,
        "Basic EPS": 0.08,
        "Diluted NI Availto Com Stockholders": 1359174.0,
        "Net Income Common Stockholders": 1359174.0,
        "Net Income": 1359174.0,
        "Net Income Including Noncontrolling Interests": 1359174.0,
        "Net Income Continuous Operations": 1359174.0,
        "Tax Provision": 358763.0,
        "Pretax Income": 1717937.0,
        "Other Income Expense": 21608.0,
        "Other Non Operating Income Expenses": 21608.0,
        "Net Non Operating Interest Income Expense": 10429.0,
        "Interest Income Non Operating": 10429.0,
        "Operating Income": 1685900.0,
        "Operating Expense": 2370614.0,
        "Research And Development": 676381.0,
        "Selling General And Administration": 1694233.0,
        "Gross Profit": 4056514.0,
        "Cost Of Revenue": 2879462.0,
        "Total Revenue": 6935976.0,
        "Operating Revenue": 6935976.0
    },
    "2022-03-31": {
        "Diluted EPS": 0.08,
        "Total Revenue": 7,
        "Gross Profit": 4,
        "Operating Income": 2,
        "EBIT": 2,
        "Net Income": 1
    },
    "2021-12-31": {
        "Diluted EPS": 0.07,
        "Total Revenue": 7,
        "Gross Profit": 4,
        "Operating Income": 1,
        "EBIT": 2,
        "Net Income": 1
    },
    "2021-09-30": {
        "Diluted EPS": 0.08,
        "Total Revenue": 7,
        "Gross Profit": 4,
        "Operating Income": 2,
        "EBIT": 2,
        "Net Income": 2
    },
    "2021-06-30": {
        "Diluted EPS": 0.16,
        "Total Revenue": 6,
        "Gross Profit": 3,
        "Operating Income": 1,
        "EBIT": 1,
        "Net Income": 3
    },
    "2021-03-31": {
        "Diluted EPS": 0.04,
        "Total Revenue": 5,
        "Gross Profit": 3,
        "Operating Income": 1,
        "EBIT": 1,
        "Net Income": 1
    },
    "2020-12-31": {
        "Diluted EPS": 0.01,
        "Total Revenue": 5,
        "Gross Profit": 3,
        "Operating Income": 0,
        "EBIT": 0,
        "Net Income": 0
    },
    "2020-09-30": {
        "Diluted EPS": 0.07,
        "Total Revenue": 6,
        "Gross Profit": 4,
        "Operating Income": 1,
        "EBIT": 1,
        "Net Income": 1
    },
    "2020-06-30": {
        "Diluted EPS": 0.07,
        "Total Revenue": 6,
        "Gross Profit": 3,
        "Operating Income": 1,
        "EBIT": 1,
        "Net Income": 1
    },
    "2020-03-31": {
        "Diluted EPS": 0.03,
        "Total Revenue": 5,
        "Gross Profit": 2,
        "Operating Income": 0,
        "EBIT": 0,
        "Net Income": 0
    },
    "2019-12-31": {
        "Diluted EPS": 0.02,
        "Total Revenue": 5,
        "Gross Profit": 3,
        "Operating Income": 0,
        "EBIT": 0,
        "Net Income": 0
    },
    "2019-09-30": {
        "Diluted EPS": 0.06,
        "Total Revenue": 5,
        "Gross Profit": 3,
        "Operating Income": 1,
        "EBIT": 1,
        "Net Income": 1
    },
    "2019-06-30": {
        "Diluted EPS": 0.03,
        "Total Revenue": 5,
        "Gross Profit": 3,
        "Operating Income": 0,
        "EBIT": 0,
        "Net Income": 1
    },
    "2019-03-31": {
        "Diluted EPS": 0.01,
        "Total Revenue": 4,
        "Gross Profit": 2,
        "Operating Income": 0,
        "EBIT": 0,
        "Net Income": 0
    },
    "2018-12-31": {
        "Diluted EPS": 0.01,
        "Total Revenue": 4,
        "Gross Profit": 2,
        "Operating Income": 0,
        "EBIT": 0,
        "Net Income": 0
    },
    "2018-09-30": {
        "Diluted EPS": -0.03,
        "Total Revenue": 4,
        "Gross Profit": 2,
        "Operating Income": 0,
        "EBIT": 0,
        "Net Income": 0
    },
    "2018-06-30": {
        "Diluted EPS": -0.06,
        "Total Revenue": 3,
        "Gross Profit": 2,
        "Operating Income": -1,
        "EBIT": -1,
        "Net Income": -1
    },
    "2018-03-31": {
        "Diluted EPS": -0.08,
        "Total Revenue": 4,
        "Gross Profit": 2,
        "Operating Income": -1,
        "EBIT": -1,
        "Net Income": -1
    },
    "2017-12-31": {
        "Diluted EPS": -0.05,
        "Total Revenue": 3,
        "Gross Profit": 1,
        "Operating Income": -1,
        "EBIT": -1,
        "Net Income": -1
    },
    "2017-09-30": {
        "Diluted EPS": -0.01,
        "Total Revenue": 4,
        "Gross Profit": 2,
        "Operating Income": -1,
        "EBIT": -1,
        "Net Income": 0
    },
    "2017-06-30": {
        "Diluted EPS": 0.0,
        "Total Revenue": 5,
        "Gross Profit": 2,
        "Operating Income": -1,
        "EBIT": 0,
        "Net Income": 0
    },
    "2017-03-31": {
        "Diluted EPS": 0.35,
        "Total Revenue": 5,
        "Gross Profit": 2,
        "Operating Income": 3,
        "EBIT": 3,
        "Net Income": 6
    },
    "2016-12-31": {
        "Diluted EPS": -0.07,
        "Total Revenue": 3,
        "Gross Profit": 2,
        "Operating Income": -2,
        "EBIT": -1,
        "Net Income": -1
    },
    "2016-09-30": {
        "Diluted EPS": 0.03,
        "Total Revenue": 6,
        "Gross Profit": 3,
        "Operating Income": 1,
        "EBIT": 1,
        "Net Income": 0
    },
    "2016-06-30": {
        "Diluted EPS": 0.01,
        "Total Revenue": 7,
        "Gross Profit": 4,
        "Operating Income": 0,
        "EBIT": 0,
        "Net Income": 0
    },
    "2016-03-31": {
        "Diluted EPS": 0.09,
        "Total Revenue": 9,
        "Gross Profit": 6,
        "Operating Income": 2,
        "EBIT": 2,
        "Net Income": 2
    },
    "2015-12-31": {
        "Diluted EPS": -0.01,
        "Total Revenue": 7,
        "Gross Profit": 3,
        "Operating Income": 0,
        "EBIT": 0,
        "Net Income": 0
    },
    "2015-09-30": {
        "Diluted EPS": -0.15,
        "Total Revenue": 3,
        "Gross Profit": 1,
        "Operating Income": -3,
        "EBIT": -3,
        "Net Income": -3
    },
    "2015-06-30": {
        "Diluted EPS": -0.21,
        "Total Revenue": 5,
        "Gross Profit": 2,
        "Operating Income": 0,
        "EBIT": 0,
        "Net Income": -4
    },
    "2015-03-31": {
        "Diluted EPS": -0.02,
        "Total Revenue": 5,
        "Gross Profit": 2,
        "Operating Income": -1,
        "EBIT": 0,
        "Net Income": 0
    },
    "2014-12-31": {
        "Diluted EPS": 0.03,
        "Total Revenue": 7,
        "Gross Profit": 3,
        "Operating Income": 0,
        "EBIT": 0,
        "Net Income": 1
    },
    "2014-09-30": {
        "Diluted EPS": -0.13,
        "Total Revenue": 10,
        "Gross Profit": 3,
        "Operating Income": -3,
        "EBIT": -3,
        "Net Income": -2
    },
    "2014-06-30": {
        "Diluted EPS": 0.03,
        "Total Revenue": 11,
        "Gross Profit": 3,
        "Operating Income": 1,
        "EBIT": 1,
        "Net Income": 0
    },
    "2014-03-31": {
        "Diluted EPS": 0.05,
        "Total Revenue": 12,
        "Gross Profit": 4,
        "Operating Income": 1,
        "EBIT": 1,
        "Net Income": 1
    },
    "2013-12-31": {
        "Diluted EPS": 0.06,
        "Total Revenue": 11,
        "Gross Profit": 4,
        "Operating Income": 1,
        "EBIT": 2,
        "Net Income": 1
    },
    "2013-09-30": {
        "Diluted EPS": 0.0,
        "Total Revenue": 8,
        "Gross Profit": 2,
        "Operating Income": 0,
        "EBIT": 0,
        "Net Income": 0
    },
    "2013-06-30": {
        "Diluted EPS": 0.02,
        "Total Revenue": 9,
        "Gross Profit": 3,
        "Operating Income": 0,
        "EBIT": 0,
        "Net Income": 0
    },
    "2013-03-31": {
        "Diluted EPS": 0.07,
        "Total Revenue": 8,
        "Gross Profit": 4,
        "Operating Income": 1,
        "EBIT": 1,
        "Net Income": 1
    },
    "2012-12-31": {
        "Diluted EPS": 0.02,
        "Total Revenue": 7,
        "Gross Profit": 3,
        "Operating Income": 0,
        "EBIT": 1,
        "Net Income": 0
    },
    "2012-09-30": {
        "Diluted EPS": 0.16,
        "Total Revenue": 7,
        "Gross Profit": 3,
        "Operating Income": 0,
        "EBIT": 0,
        "Net Income": 3
    },
    "2012-06-30": {
        "Diluted EPS": 0.02,
        "Total Revenue": 6,
        "Gross Profit": 3,
        "Operating Income": 0,
        "EBIT": 0,
        "Net Income": 0
    },
    "2012-03-31": {
        "Diluted EPS": 0.02,
        "Total Revenue": 7,
        "Gross Profit": 3,
        "Operating Income": 0,
        "EBIT": 0,
        "Net Income": 0
    },
    "2011-12-31": {
        "Diluted EPS": -0.02,
        "Total Revenue": 5,
        "Gross Profit": 2,
        "Operating Income": -1,
        "EBIT": 0,
        "Net Income": 0
    },
    "2011-09-30": {
        "Diluted EPS": -0.01,
        "Total Revenue": 6,
        "Gross Profit": 3,
        "Operating Income": 0,
        "EBIT": 0,
        "Net Income": 0
    },
    "2011-06-30": {
        "Diluted EPS": 0.0,
        "Total Revenue": 6,
        "Gross Profit": 3,
        "Operating Income": 0,
        "EBIT": 0,
        "Net Income": 0
    },
    "2011-03-31": {
        "Diluted EPS": 0.03,
        "Total Revenue": 7,
        "Gross Profit": 4,
        "Operating Income": 0,
        "EBIT": 1,
        "Net Income": 0
    },
    "2010-12-31": {
        "Diluted EPS": 0.02,
        "Total Revenue": 7,
        "Gross Profit": 4,
        "Operating Income": 0,
        "EBIT": 0,
        "Net Income": 0
    },
    "2010-09-30": {
        "Diluted EPS": 0.07,
        "Total Revenue": 7,
        "Gross Profit": 5,
        "Operating Income": 1,
        "EBIT": 1,
        "Net Income": 1
    },
    "2010-06-30": {
        "Diluted EPS": 0.08,
        "Total Revenue": 8,
        "Gross Profit": 5,
        "Operating Income": 2,
        "EBIT": 2,
        "Net Income": 1
    },
    "2010-03-31": {
        "Diluted EPS": -0.04,
        "Total Revenue": 5,
        "Gross Profit": 2,
        "Operating Income": -1,
        "EBIT": -1,
        "Net Income": -1
    },
    "2009-12-31": {
        "Diluted EPS": -0.07,
        "Total Revenue": 5,
        "Gross Profit": 2,
        "Operating Income": -2,
        "EBIT": -1,
        "Net Income": -1
    },
    "2009-09-30": {
        "Diluted EPS": 0.04,
        "Total Revenue": 8,
        "Gross Profit": 4,
        "Operating Income": 1,
        "EBIT": 1,
        "Net Income": 1
    },
    "2009-06-30": {
        "Diluted EPS": 0.07,
        "Total Revenue": 8,
        "Gross Profit": 4,
        "Operating Income": 1,
        "EBIT": 1,
        "Net Income": 1
    },
    "2009-03-31": {
        "Diluted EPS": 0.08,
        "Total Revenue": 10,
        "Gross Profit": 5,
        "Operating Income": 1,
        "EBIT": 2,
        "Net Income": 1
    },
    "2023-06-30": {
        "Tax Effect Of Unusual Items": NaN,
        "Tax Rate For Calcs": NaN,
        "Normalized EBITDA": NaN,
        "Net Income From Continuing Operation Net Minority Interest": NaN,
        "Reconciled Depreciation": NaN,
        "Reconciled Cost Of Revenue": NaN,
        "EBITDA": NaN,
        "EBIT": NaN,
        "Net Interest Income": NaN,
        "Interest Expense": 0.0,
        "Interest Income": NaN,
        "Normalized Income": NaN,
        "Net Income From Continuing And Discontinued Operation": NaN,
        "Total Expenses": NaN,
        "Total Operating Income As Reported": NaN,
        "Diluted Average Shares": 17577588.0,
        "Basic Average Shares": 17576969.0,
        "Diluted EPS": 0.08,
        "Basic EPS": 0.08,
        "Diluted NI Availto Com Stockholders": NaN,
        "Net Income Common Stockholders": NaN,
        "Net Income": NaN,
        "Net Income Including Noncontrolling Interests": NaN,
        "Net Income Continuous Operations": NaN,
        "Tax Provision": NaN,
        "Pretax Income": NaN,
        "Other Income Expense": 90049.0,
        "Other Non Operating Income Expenses": 90049.0,
        "Net Non Operating Interest Income Expense": NaN,
        "Interest Expense Non Operating": 0.0,
        "Interest Income Non Operating": NaN,
        "Operating Income": NaN,
        "Operating Expense": NaN,
        "Research And Development": NaN,
        "Selling General And Administration": NaN,
        "Gross Profit": NaN,
        "Cost Of Revenue": NaN,
        "Total Revenue": NaN,
        "Operating Revenue": NaN
    },
    "2023-09-30": {
        "Tax Effect Of Unusual Items": NaN,
        "Tax Rate For Calcs": NaN,
        "Normalized EBITDA": NaN,
        "Net Income From Continuing Operation Net Minority Interest": NaN,
        "Reconciled Depreciation": NaN,
        "Reconciled Cost Of Revenue": NaN,
        "EBITDA": NaN,
        "EBIT": NaN,
        "Net Interest Income": NaN,
        "Interest Expense": NaN,
        "Interest Income": NaN,
        "Normalized Income": NaN,
        "Net Income From Continuing And Discontinued Operation": NaN,
        "Total Expenses": NaN,
        "Total Operating Income As Reported": NaN,
        "Diluted Average Shares": NaN,
        "Basic Average Shares": NaN,
        "Diluted EPS": NaN,
        "Basic EPS": NaN,
        "Diluted NI Availto Com Stockholders": NaN,
        "Net Income Common Stockholders": NaN,
        "Net Income": NaN,
        "Net Income Including Noncontrolling Interests": NaN,
        "Net Income Continuous Operations": NaN,
        "Tax Provision": NaN,
        "Pretax Income": NaN,
        "Other Income Expense": 19813.0,
        "Other Non Operating Income Expenses": 19813.0,
        "Net Non Operating Interest Income Expense": NaN,
        "Interest Expense Non Operating": NaN,
        "Interest Income Non Operating": NaN,
        "Operating Income": NaN,
        "Operating Expense": NaN,
        "Research And Development": NaN,
        "Selling General And Administration": NaN,
        "Gross Profit": NaN,
        "Cost Of Revenue": NaN,
        "Total Revenue": NaN,
        "Operating Revenue": NaN
    },
    "2023-12-31": {
        "Tax Effect Of Unusual Items": NaN,
        "Tax Rate For Calcs": NaN,
        "Normalized EBITDA": NaN,
        "Net Income From Continuing Operation Net Minority Interest": NaN,
        "Reconciled Depreciation": NaN,
        "Reconciled Cost Of Revenue": NaN,
        "EBITDA": NaN,
        "EBIT": NaN,
        "Net Interest Income": NaN,
        "Interest Expense": NaN,
        "Interest Income": NaN,
        "Normalized Income": NaN,
        "Net Income From Continuing And Discontinued Operation": NaN,
        "Total Expenses": NaN,
        "Total Operating Income As Reported": NaN,
        "Diluted Average Shares": NaN,
        "Basic Average Shares": NaN,
        "Diluted EPS": NaN,
        "Basic EPS": NaN,
        "Diluted NI Availto Com Stockholders": NaN,
        "Net Income Common Stockholders": NaN,
        "Net Income": NaN,
        "Net Income Including Noncontrolling Interests": NaN,
        "Net Income Continuous Operations": NaN,
        "Tax Provision": NaN,
        "Pretax Income": NaN,
        "Other Income Expense": 17699.0,
        "Other Non Operating Income Expenses": 17699.0,
        "Net Non Operating Interest Income Expense": NaN,
        "Interest Expense Non Operating": NaN,
        "Interest Income Non Operating": NaN,
        "Operating Income": NaN,
        "Operating Expense": NaN,
        "Research And Development": NaN,
        "Selling General And Administration": NaN,
        "Gross Profit": NaN,
        "Cost Of Revenue": NaN,
        "Total Revenue": NaN,
        "Operating Revenue": NaN
    },
    "2024-03-31": {
        "Tax Effect Of Unusual Items": NaN,
        "Tax Rate For Calcs": NaN,
        "Normalized EBITDA": NaN,
        "Net Income From Continuing Operation Net Minority Interest": NaN,
        "Reconciled Depreciation": NaN,
        "Reconciled Cost Of Revenue": NaN,
        "EBITDA": NaN,
        "EBIT": NaN,
        "Net Interest Income": NaN,
        "Interest Expense": NaN,
        "Interest Income": NaN,
        "Normalized Income": NaN,
        "Net Income From Continuing And Discontinued Operation": NaN,
        "Total Expenses": NaN,
        "Total Operating Income As Reported": NaN,
        "Diluted Average Shares": NaN,
        "Basic Average Shares": NaN,
        "Diluted EPS": NaN,
        "Basic EPS": NaN,
        "Diluted NI Availto Com Stockholders": NaN,
        "Net Income Common Stockholders": NaN,
        "Net Income": NaN,
        "Net Income Including Noncontrolling Interests": NaN,
        "Net Income Continuous Operations": NaN,
        "Tax Provision": NaN,
        "Pretax Income": NaN,
        "Other Income Expense": 26472.0,
        "Other Non Operating Income Expenses": 26472.0,
        "Net Non Operating Interest Income Expense": NaN,
        "Interest Expense Non Operating": NaN,
        "Interest Income Non Operating": NaN,
        "Operating Income": NaN,
        "Operating Expense": NaN,
        "Research And Development": NaN,
        "Selling General And Administration": NaN,
        "Gross Profit": NaN,
        "Cost Of Revenue": NaN,
        "Total Revenue": NaN,
        "Operating Revenue": NaN
    },
    "2024-06-30": {
        "Tax Effect Of Unusual Items": 0.0,
        "Tax Rate For Calcs": 0.175521,
        "Normalized EBITDA": 2666970.0,
        "Net Income From Continuing Operation Net Minority Interest": 1552520.0,
        "Reconciled Depreciation": 611155.0,
        "Reconciled Cost Of Revenue": 5485814.0,
        "EBITDA": 2666970.0,
        "EBIT": 2055815.0,
        "Net Interest Income": -166958.0,
        "Interest Expense": 172784.0,
        "Interest Income": 5826.0,
        "Normalized Income": 1552520.0,
        "Net Income From Continuing And Discontinued Operation": 1552520.0,
        "Total Expenses": 9728515.0,
        "Total Operating Income As Reported": 2037120.0,
        "Diluted Average Shares": NaN,
        "Basic Average Shares": NaN,
        "Diluted EPS": NaN,
        "Basic EPS": NaN,
        "Diluted NI Availto Com Stockholders": 1552520.0,
        "Net Income Common Stockholders": 1552520.0,
        "Net Income": 1552520.0,
        "Net Income Including Noncontrolling Interests": 1552520.0,
        "Net Income Continuous Operations": 1552520.0,
        "Tax Provision": 330511.0,
        "Pretax Income": 1883031.0,
        "Other Income Expense": 12869.0,
        "Other Non Operating Income Expenses": 12869.0,
        "Net Non Operating Interest Income Expense": -166958.0,
        "Interest Expense Non Operating": 172784.0,
        "Interest Income Non Operating": 5826.0,
        "Operating Income": 2037120.0,
        "Operating Expense": 4242701.0,
        "Research And Development": 1099367.0,
        "Selling General And Administration": 3143334.0,
        "Gross Profit": 6279821.0,
        "Cost Of Revenue": 5485814.0,
        "Total Revenue": 11765635.0,
        "Operating Revenue": 11765635.0
    },
    "2024-09-30": {
        "Tax Effect Of Unusual Items": 0.0,
        "Tax Rate For Calcs": 0.220906,
        "Normalized EBITDA": 4975665.0,
        "Net Income From Continuing Operation Net Minority Interest": 3180194.0,
        "Reconciled Depreciation": 660710.0,
        "Reconciled Cost Of Revenue": 6856561.0,
        "EBITDA": 4975665.0,
        "EBIT": 4314955.0,
        "Net Interest Income": -227215.0,
        "Interest Expense": 233042.0,
        "Interest Income": 5827.0,
        "Normalized Income": 3180194.0,
        "Net Income From Continuing And Discontinued Operation": 3180194.0,
        "Total Expenses": 11018638.0,
        "Total Operating Income As Reported": 4366168.0,
        "Diluted Average Shares": 17492686.0,
        "Basic Average Shares": 17471548.0,
        "Diluted EPS": 0.18,
        "Basic EPS": 0.18,
        "Diluted NI Availto Com Stockholders": 3180194.0,
        "Net Income Common Stockholders": 3180194.0,
        "Net Income": 3180194.0,
        "Net Income Including Noncontrolling Interests": 3180194.0,
        "Net Income Continuous Operations": 3180194.0,
        "Tax Provision": 901719.0,
        "Pretax Income": 4081913.0,
        "Other Income Expense": NaN,
        "Other Non Operating Income Expenses": NaN,
        "Net Non Operating Interest Income Expense": -227215.0,
        "Interest Expense Non Operating": 233042.0,
        "Interest Income Non Operating": 5827.0,
        "Operating Income": 4366168.0,
        "Operating Expense": 4162077.0,
        "Research And Development": 1106355.0,
        "Selling General And Administration": 3055722.0,
        "Gross Profit": 8528245.0,
        "Cost Of Revenue": 6856561.0,
        "Total Revenue": 15384806.0,
        "Operating Revenue": 15384806.0
    },
    "2024-12-31": {
        "Tax Effect Of Unusual Items": 0.0,
        "Tax Rate For Calcs": 0.201,
        "Normalized EBITDA": 2716149.0,
        "Net Income From Continuing Operation Net Minority Interest": 736192.0,
        "Reconciled Depreciation": 1367075.0,
        "Reconciled Cost Of Revenue": 9358272.0,
        "EBITDA": 2716149.0,
        "EBIT": 1349074.0,
        "Net Interest Income": -421899.0,
        "Interest Expense": 427149.0,
        "Interest Income": 5250.0,
        "Normalized Income": 736192.0,
        "Net Income From Continuing And Discontinued Operation": 736192.0,
        "Total Expenses": 14624911.0,
        "Total Operating Income As Reported": 1343818.0,
        "Diluted Average Shares": 17584037.0,
        "Basic Average Shares": 17514193.0,
        "Diluted EPS": 0.04,
        "Basic EPS": 0.04,
        "Diluted NI Availto Com Stockholders": 736192.0,
        "Net Income Common Stockholders": 736192.0,
        "Net Income": 736192.0,
        "Net Income Including Noncontrolling Interests": 736192.0,
        "Net Income Continuous Operations": 736192.0,
        "Tax Provision": 185733.0,
        "Pretax Income": 921925.0,
        "Other Income Expense": 6.0,
        "Other Non Operating Income Expenses": 6.0,
        "Net Non Operating Interest Income Expense": -421899.0,
        "Interest Expense Non Operating": 427149.0,
        "Interest Income Non Operating": 5250.0,
        "Operating Income": 1343818.0,
        "Operating Expense": 5266639.0,
        "Research And Development": 1107736.0,
        "Selling General And Administration": 4158903.0,
        "Gross Profit": 6610457.0,
        "Cost Of Revenue": 9358272.0,
        "Total Revenue": 15968729.0,
        "Operating Revenue": 15968729.0
    },
    "2025-03-31": {
        "Tax Effect Of Unusual Items": 0.0,
        "Tax Rate For Calcs": 0.192,
        "Normalized EBITDA": 7626514.0,
        "Net Income From Continuing Operation Net Minority Interest": 5336342.0,
        "Reconciled Depreciation": 637566.0,
        "Reconciled Cost Of Revenue": 10668991.0,
        "EBITDA": 7626514.0,
        "EBIT": 6988948.0,
        "Net Interest Income": -382690.0,
        "Interest Expense": 387318.0,
        "Interest Income": 4628.0,
        "Normalized Income": 5336342.0,
        "Net Income From Continuing And Discontinued Operation": 5336342.0,
        "Total Expenses": 14951894.0,
        "Total Operating Income As Reported": 6984320.0,
        "Diluted Average Shares": 17643994.0,
        "Basic Average Shares": 17548844.0,
        "Diluted EPS": 0.3,
        "Basic EPS": 0.3,
        "Diluted NI Availto Com Stockholders": 5336342.0,
        "Net Income Common Stockholders": 5336342.0,
        "Net Income": 5336342.0,
        "Net Income Including Noncontrolling Interests": 5336342.0,
        "Net Income Continuous Operations": 5336342.0,
        "Tax Provision": 1265288.0,
        "Pretax Income": 6601630.0,
        "Other Income Expense": NaN,
        "Other Non Operating Income Expenses": NaN,
        "Net Non Operating Interest Income Expense": -382690.0,
        "Interest Expense Non Operating": 387318.0,
        "Interest Income Non Operating": 4628.0,
        "Operating Income": 6984320.0,
        "Operating Expense": 4282903.0,
        "Research And Development": 867228.0,
        "Selling General And Administration": 3415675.0,
        "Gross Profit": 11267223.0,
        "Cost Of Revenue": 10668991.0,
        "Total Revenue": 21936214.0,
        "Operating Revenue": 21936214.0
    },
    "2025-06-30": {
        "Tax Effect Of Unusual Items": 0.0,
        "Tax Rate For Calcs": 0.214586,
        "Normalized EBITDA": 4339365.0,
        "Net Income From Continuing Operation Net Minority Interest": 2443814.0,
        "Reconciled Depreciation": 820410.0,
        "Reconciled Cost Of Revenue": 15562597.0,
        "EBITDA": 4339365.0,
        "EBIT": 3518955.0,
        "Net Interest Income": -402836.0,
        "Interest Expense": 407459.0,
        "Interest Income": 4623.0,
        "Normalized Income": 2443814.0,
        "Net Income From Continuing And Discontinued Operation": 2443814.0,
        "Total Expenses": 20630500.0,
        "Total Operating Income As Reported": 3514332.0,
        "Diluted Average Shares": 17835748.0,
        "Basic Average Shares": 17601814.0,
        "Diluted EPS": 0.14,
        "Basic EPS": 0.14,
        "Diluted NI Availto Com Stockholders": 2443814.0,
        "Net Income Common Stockholders": 2443814.0,
        "Net Income": 2443814.0,
        "Net Income Including Noncontrolling Interests": 2443814.0,
        "Net Income Continuous Operations": 2443814.0,
        "Tax Provision": 667682.0,
        "Pretax Income": 3111496.0,
        "Other Income Expense": NaN,
        "Other Non Operating Income Expenses": NaN,
        "Net Non Operating Interest Income Expense": -402836.0,
        "Interest Expense Non Operating": 407459.0,
        "Interest Income Non Operating": 4623.0,
        "Operating Income": 3514332.0,
        "Operating Expense": 5067903.0,
        "Research And Development": 916829.0,
        "Selling General And Administration": 4151074.0,
        "Gross Profit": 8582235.0,
        "Cost Of Revenue": 15562597.0,
        "Total Revenue": 24144832.0,
        "Operating Revenue": 24144832.0
    },
    "2025-09-30": {
        "Tax Effect Of Unusual Items": NaN,
        "Tax Rate For Calcs": NaN,
        "Normalized EBITDA": NaN,
        "Net Income From Continuing Operation Net Minority Interest": NaN,
        "Reconciled Depreciation": NaN,
        "Reconciled Cost Of Revenue": NaN,
        "EBITDA": NaN,
        "EBIT": NaN,
        "Net Interest Income": NaN,
        "Interest Expense": NaN,
        "Interest Income": NaN,
        "Normalized Income": NaN,
        "Net Income From Continuing And Discontinued Operation": NaN,
        "Total Expenses": NaN,
        "Total Operating Income As Reported": NaN,
        "Diluted Average Shares": 18183344.0,
        "Basic Average Shares": 17627344.0,
        "Diluted EPS": 0.39,
        "Basic EPS": 0.4,
        "Diluted NI Availto Com Stockholders": NaN,
        "Net Income Common Stockholders": NaN,
        "Net Income": NaN,
        "Net Income Including Noncontrolling Interests": NaN,
        "Net Income Continuous Operations": NaN,
        "Tax Provision": NaN,
        "Pretax Income": NaN,
        "Other Income Expense": NaN,
        "Other Non Operating Income Expenses": NaN,
        "Net Non Operating Interest Income Expense": NaN,
        "Interest Expense Non Operating": NaN,
        "Interest Income Non Operating": NaN,
        "Operating Income": NaN,
        "Operating Expense": NaN,
        "Research And Development": NaN,
        "Selling General And Administration": NaN,
        "Gross Profit": NaN,
        "Cost Of Revenue": NaN,
        "Total Revenue": NaN,
        "Operating Revenue": NaN
    }
}