{
    "2023-03-31": {
        "Tax Effect Of Unusual Items": 0.0,
        "Tax Rate For Calcs": 0.0,
        "Normalized EBITDA": -1740000.0,
        "Total Unusual Items": 6000.0,
        "Total Unusual Items Excluding Goodwill": 6000.0,
        "Net Income From Continuing Operation Net Minority Interest": -2997000.0,
        "Reconciled Depreciation": 914000.0,
        "Reconciled Cost Of Revenue": 13646000.0,
        "EBITDA": -1734000.0,
        "EBIT": -2648000.0,
        "Net Interest Income": -349000.0,
        "Interest Expense": 349000.0,
        "Normalized Income": -3003000.0,
        "Net Income From Continuing And Discontinued Operation": -2997000.0,
        "Total Expenses": 20013000.0,
        "Total Operating Income As Reported": -2654000.0,
        "Diluted Average Shares": 15964430.0,
        "Basic Average Shares": 15964430.0,
        "Diluted EPS": -0.19,
        "Basic EPS": -0.19,
        "Diluted NI Availto Com Stockholders": -2997000.0,
        "Net Income Common Stockholders": -2997000.0,
        "Net Income": -2997000.0,
        "Net Income Including Noncontrolling Interests": -2997000.0,
        "Net Income Continuous Operations": -2997000.0,
        "Tax Provision": 0.0,
        "Pretax Income": -2997000.0,
        "Other Income Expense": 6000.0,
        "Other Non Operating Income Expenses": NaN,
        "Special Income Charges": 0.0,
        "Gain On Sale Of Ppe": NaN,
        "Other Special Charges": NaN,
        "Gain On Sale Of Security": 6000.0,
        "Net Non Operating Interest Income Expense": -349000.0,
        "Interest Expense Non Operating": 349000.0,
        "Operating Income": -2654000.0,
        "Operating Expense": 6203000.0,
        "Other Operating Expenses": 231000.0,
        "Depreciation Amortization Depletion Income Statement": 750000.0,
        "Depreciation And Amortization In Income Statement": 750000.0,
        "Selling General And Administration": 5222000.0,
        "General And Administrative Expense": 5222000.0,
        "Other Gand A": 4849000.0,
        "Salaries And Wages": 373000.0,
        "Gross Profit": 3549000.0,
        "Cost Of Revenue": 13810000.0,
        "Total Revenue": 17359000.0,
        "Operating Revenue": 17359000.0
    },
    "2022-12-31": {
        "Tax Effect Of Unusual Items": -7793100.0,
        "Tax Rate For Calcs": 0.21,
        "Normalized EBITDA": -153000.0,
        "Total Unusual Items": -37110000.0,
        "Total Unusual Items Excluding Goodwill": -37110000.0,
        "Net Income From Continuing Operation Net Minority Interest": -40259000.0,
        "Reconciled Depreciation": 2432000.0,
        "Reconciled Cost Of Revenue": 19763000.0,
        "EBITDA": -37263000.0,
        "EBIT": -39695000.0,
        "Net Interest Income": -551000.0,
        "Interest Expense": 551000.0,
        "Normalized Income": -10942100.0,
        "Net Income From Continuing And Discontinued Operation": -40259000.0,
        "Total Expenses": 27937000.0,
        "Total Operating Income As Reported": -39231000.0,
        "Diluted Average Shares": NaN,
        "Basic Average Shares": NaN,
        "Diluted EPS": NaN,
        "Basic EPS": NaN,
        "Diluted NI Availto Com Stockholders": -40259000.0,
        "Net Income Common Stockholders": -40259000.0,
        "Net Income": -40259000.0,
        "Net Income Including Noncontrolling Interests": -40259000.0,
        "Net Income Continuous Operations": -40259000.0,
        "Tax Provision": 13000.0,
        "Pretax Income": -40246000.0,
        "Other Income Expense": -37614000.0,
        "Other Non Operating Income Expenses": NaN,
        "Special Income Charges": -37150000.0,
        "Gain On Sale Of Ppe": NaN,
        "Other Special Charges": 0.0,
        "Gain On Sale Of Security": 40000.0,
        "Net Non Operating Interest Income Expense": -551000.0,
        "Interest Expense Non Operating": 551000.0,
        "Operating Income": -2081000.0,
        "Operating Expense": 7513000.0,
        "Other Operating Expenses": 226000.0,
        "Depreciation Amortization Depletion Income Statement": 1771000.0,
        "Depreciation And Amortization In Income Statement": 1771000.0,
        "Selling General And Administration": 5516000.0,
        "General And Administrative Expense": 5516000.0,
        "Other Gand A": 4937000.0,
        "Salaries And Wages": 579000.0,
        "Gross Profit": 5432000.0,
        "Cost Of Revenue": 20424000.0,
        "Total Revenue": 25856000.0,
        "Operating Revenue": 25856000.0
    },
    "2022-09-30": {
        "Tax Effect Of Unusual Items": NaN,
        "Tax Rate For Calcs": NaN,
        "Normalized EBITDA": NaN,
        "Total Unusual Items": NaN,
        "Total Unusual Items Excluding Goodwill": NaN,
        "Net Income From Continuing Operation Net Minority Interest": NaN,
        "Reconciled Depreciation": NaN,
        "Reconciled Cost Of Revenue": NaN,
        "EBITDA": NaN,
        "EBIT": NaN,
        "Net Interest Income": NaN,
        "Interest Expense": NaN,
        "Normalized Income": NaN,
        "Net Income From Continuing And Discontinued Operation": NaN,
        "Total Expenses": NaN,
        "Total Operating Income As Reported": NaN,
        "Diluted Average Shares": 13546624.0,
        "Basic Average Shares": 13546624.0,
        "Diluted EPS": -0.36,
        "Basic EPS": -0.36,
        "Diluted NI Availto Com Stockholders": NaN,
        "Net Income Common Stockholders": NaN,
        "Net Income": NaN,
        "Net Income Including Noncontrolling Interests": NaN,
        "Net Income Continuous Operations": NaN,
        "Tax Provision": NaN,
        "Pretax Income": NaN,
        "Other Income Expense": NaN,
        "Other Non Operating Income Expenses": NaN,
        "Special Income Charges": NaN,
        "Gain On Sale Of Ppe": 0.0,
        "Other Special Charges": NaN,
        "Gain On Sale Of Security": NaN,
        "Net Non Operating Interest Income Expense": NaN,
        "Interest Expense Non Operating": NaN,
        "Operating Income": NaN,
        "Operating Expense": NaN,
        "Other Operating Expenses": NaN,
        "Depreciation Amortization Depletion Income Statement": NaN,
        "Depreciation And Amortization In Income Statement": NaN,
        "Selling General And Administration": NaN,
        "General And Administrative Expense": NaN,
        "Other Gand A": NaN,
        "Salaries And Wages": NaN,
        "Gross Profit": NaN,
        "Cost Of Revenue": NaN,
        "Total Revenue": NaN,
        "Operating Revenue": NaN
    },
    "2022-06-30": {
        "Tax Effect Of Unusual Items": 0.0,
        "Tax Rate For Calcs": 0.0,
        "Normalized EBITDA": -3837000.0,
        "Total Unusual Items": 28000.0,
        "Total Unusual Items Excluding Goodwill": 28000.0,
        "Net Income From Continuing Operation Net Minority Interest": -5681000.0,
        "Reconciled Depreciation": 1777000.0,
        "Reconciled Cost Of Revenue": 12724000.0,
        "EBITDA": -3809000.0,
        "EBIT": -5587000.0,
        "Net Interest Income": -87000.0,
        "Interest Expense": 87000.0,
        "Normalized Income": -5709000.0,
        "Net Income From Continuing And Discontinued Operation": -5681000.0,
        "Total Expenses": 22091000.0,
        "Total Operating Income As Reported": -5615000.0,
        "Diluted Average Shares": 14070117.0,
        "Basic Average Shares": 14070117.0,
        "Diluted EPS": -0.4,
        "Basic EPS": -0.4,
        "Diluted NI Availto Com Stockholders": -5681000.0,
        "Net Income Common Stockholders": -5681000.0,
        "Net Income": -5681000.0,
        "Net Income Including Noncontrolling Interests": -5681000.0,
        "Net Income Continuous Operations": -5681000.0,
        "Tax Provision": 7000.0,
        "Pretax Income": -5674000.0,
        "Other Income Expense": 28000.0,
        "Other Non Operating Income Expenses": NaN,
        "Special Income Charges": 0.0,
        "Gain On Sale Of Ppe": NaN,
        "Other Special Charges": NaN,
        "Gain On Sale Of Security": 28000.0,
        "Net Non Operating Interest Income Expense": -87000.0,
        "Interest Expense Non Operating": 87000.0,
        "Operating Income": -5615000.0,
        "Operating Expense": 9368000.0,
        "Other Operating Expenses": 1017000.0,
        "Depreciation Amortization Depletion Income Statement": 1778000.0,
        "Depreciation And Amortization In Income Statement": 1778000.0,
        "Selling General And Administration": 6573000.0,
        "General And Administrative Expense": 6573000.0,
        "Other Gand A": 5982000.0,
        "Salaries And Wages": 591000.0,
        "Gross Profit": 3753000.0,
        "Cost Of Revenue": 12723000.0,
        "Total Revenue": 16476000.0,
        "Operating Revenue": 16476000.0
    },
    "2022-03-31": {
        "Diluted EPS": -0.23,
        "Total Revenue": 15,
        "Gross Profit": 3,
        "Operating Income": -6,
        "EBIT": -4,
        "Net Income": -3
    },
    "2021-12-31": {
        "Diluted EPS": -0.03,
        "Total Revenue": 27,
        "Gross Profit": 6,
        "Operating Income": -4,
        "EBIT": -3,
        "Net Income": -1
    },
    "2021-09-30": {
        "Diluted EPS": -0.08,
        "Total Revenue": 7,
        "Gross Profit": 1,
        "Operating Income": -2,
        "EBIT": -1,
        "Net Income": -1
    },
    "2021-06-30": {
        "Diluted EPS": -0.15,
        "Total Revenue": 4,
        "Gross Profit": -1,
        "Operating Income": -3,
        "EBIT": -3,
        "Net Income": -1
    },
    "2021-03-31": {
        "Diluted EPS": -0.41,
        "Total Revenue": 7,
        "Gross Profit": 0,
        "Operating Income": -3,
        "EBIT": -2,
        "Net Income": -3
    },
    "2020-12-31": {
        "Diluted EPS": 0.35,
        "Total Revenue": 9,
        "Gross Profit": 2,
        "Operating Income": 1,
        "EBIT": 1,
        "Net Income": 2
    },
    "2020-09-30": {
        "Diluted EPS": -0.28,
        "Total Revenue": 5,
        "Gross Profit": 0,
        "Operating Income": -1,
        "EBIT": -1,
        "Net Income": -2
    },
    "2020-06-30": {
        "Diluted EPS": -0.16,
        "Total Revenue": 3,
        "Gross Profit": 0,
        "Operating Income": -1,
        "EBIT": -1,
        "Net Income": -1
    },
    "2020-03-31": {
        "Diluted EPS": -0.15,
        "Total Revenue": 4,
        "Gross Profit": 0,
        "Operating Income": 0,
        "EBIT": 0,
        "Net Income": -1
    },
    "2019-12-31": {
        "Diluted EPS": 0.77,
        "Total Revenue": 6,
        "Gross Profit": 0,
        "Operating Income": 0,
        "EBIT": 0,
        "Net Income": 3
    },
    "2019-09-30": {
        "Diluted EPS": 0.01,
        "Total Revenue": 12,
        "Gross Profit": 1,
        "Operating Income": 0,
        "EBIT": 0,
        "Net Income": 0
    },
    "2019-06-30": {
        "Diluted EPS": -0.33,
        "Total Revenue": 6,
        "Gross Profit": 2,
        "Operating Income": 0,
        "EBIT": 1,
        "Net Income": -1
    },
    "2019-03-31": {
        "Diluted EPS": 0.12,
        "Total Revenue": 4,
        "Gross Profit": 1,
        "Operating Income": 0,
        "EBIT": 1,
        "Net Income": 0
    },
    "2018-12-31": {
        "Diluted EPS": 0.11,
        "Total Revenue": 7,
        "Gross Profit": 1,
        "Operating Income": 0,
        "EBIT": 0,
        "Net Income": 0
    },
    "2018-09-30": {
        "Diluted EPS": 0.15,
        "Total Revenue": 4,
        "Gross Profit": 1,
        "Operating Income": 1,
        "EBIT": 1,
        "Net Income": 0
    },
    "2018-06-30": {
        "Diluted EPS": 0.21,
        "Total Revenue": 5,
        "Gross Profit": 1,
        "Operating Income": 1,
        "EBIT": 1,
        "Net Income": 1
    },
    "2018-03-31": {
        "Diluted EPS": -0.14,
        "Total Revenue": NaN,
        "Gross Profit": NaN,
        "Operating Income": 0,
        "EBIT": 0,
        "Net Income": 0
    },
    "2017-12-31": {
        "Diluted EPS": -0.13,
        "Total Revenue": NaN,
        "Gross Profit": NaN,
        "Operating Income": 0,
        "EBIT": 0,
        "Net Income": 0
    },
    "2017-09-30": {
        "Diluted EPS": -0.06,
        "Total Revenue": NaN,
        "Gross Profit": NaN,
        "Operating Income": 0,
        "EBIT": 0,
        "Net Income": 0
    },
    "2017-06-30": {
        "Diluted EPS": -0.04,
        "Total Revenue": NaN,
        "Gross Profit": NaN,
        "Operating Income": 0,
        "EBIT": 0,
        "Net Income": 0
    },
    "2017-03-31": {
        "Diluted EPS": -0.07,
        "Total Revenue": NaN,
        "Gross Profit": NaN,
        "Operating Income": 0,
        "EBIT": 0,
        "Net Income": 0
    },
    "2016-12-31": {
        "Diluted EPS": -0.07,
        "Total Revenue": NaN,
        "Gross Profit": NaN,
        "Operating Income": 0,
        "EBIT": 0,
        "Net Income": 0
    },
    "2016-09-30": {
        "Diluted EPS": -0.03,
        "Total Revenue": NaN,
        "Gross Profit": NaN,
        "Operating Income": 0,
        "EBIT": 0,
        "Net Income": 0
    },
    "2016-06-30": {
        "Diluted EPS": -0.05,
        "Total Revenue": NaN,
        "Gross Profit": NaN,
        "Operating Income": 0,
        "EBIT": 0,
        "Net Income": 0
    },
    "2016-03-31": {
        "Diluted EPS": -0.08,
        "Total Revenue": NaN,
        "Gross Profit": NaN,
        "Operating Income": 0,
        "EBIT": 0,
        "Net Income": 0
    },
    "2015-12-31": {
        "Diluted EPS": -0.04,
        "Total Revenue": NaN,
        "Gross Profit": NaN,
        "Operating Income": 0,
        "EBIT": 0,
        "Net Income": 0
    },
    "2015-09-30": {
        "Diluted EPS": -0.01,
        "Total Revenue": NaN,
        "Gross Profit": NaN,
        "Operating Income": 0,
        "EBIT": 0,
        "Net Income": 0
    },
    "2015-06-30": {
        "Diluted EPS": -0.03,
        "Total Revenue": NaN,
        "Gross Profit": NaN,
        "Operating Income": 0,
        "EBIT": 0,
        "Net Income": 0
    },
    "2015-03-31": {
        "Diluted EPS": -0.02,
        "Total Revenue": NaN,
        "Gross Profit": NaN,
        "Operating Income": 0,
        "EBIT": 0,
        "Net Income": 0
    },
    "2014-12-31": {
        "Diluted EPS": 0.0,
        "Total Revenue": NaN,
        "Gross Profit": NaN,
        "Operating Income": NaN,
        "EBIT": NaN,
        "Net Income": NaN
    },
    "2023-06-30": {
        "Tax Effect Of Unusual Items": 840.0,
        "Tax Rate For Calcs": 0.21,
        "Normalized EBITDA": -1135000.0,
        "Total Unusual Items": 4000.0,
        "Total Unusual Items Excluding Goodwill": 4000.0,
        "Net Income From Continuing Operation Net Minority Interest": -2511000.0,
        "Reconciled Depreciation": 920000.0,
        "Reconciled Cost Of Revenue": 18911000.0,
        "EBITDA": -1131000.0,
        "EBIT": -2051000.0,
        "Net Interest Income": -448000.0,
        "Interest Expense": 448000.0,
        "Normalized Income": -2514160.0,
        "Net Income From Continuing And Discontinued Operation": -2511000.0,
        "Total Expenses": 26758000.0,
        "Total Operating Income As Reported": -1752000.0,
        "Diluted Average Shares": 19685045.0,
        "Basic Average Shares": 19685045.0,
        "Diluted EPS": -0.13,
        "Basic EPS": -0.13,
        "Diluted NI Availto Com Stockholders": -2511000.0,
        "Net Income Common Stockholders": -2511000.0,
        "Net Income": -2511000.0,
        "Net Income Including Noncontrolling Interests": -2511000.0,
        "Net Income Continuous Operations": -2511000.0,
        "Tax Provision": 12000.0,
        "Pretax Income": -2499000.0,
        "Other Income Expense": -299000.0,
        "Other Non Operating Income Expenses": -303000.0,
        "Special Income Charges": 0.0,
        "Gain On Sale Of Ppe": NaN,
        "Other Special Charges": NaN,
        "Gain On Sale Of Security": 4000.0,
        "Net Non Operating Interest Income Expense": -448000.0,
        "Interest Expense Non Operating": 448000.0,
        "Operating Income": -1752000.0,
        "Operating Expense": 7689000.0,
        "Other Operating Expenses": 220000.0,
        "Depreciation Amortization Depletion Income Statement": 762000.0,
        "Depreciation And Amortization In Income Statement": 762000.0,
        "Selling General And Administration": 6707000.0,
        "General And Administrative Expense": 6707000.0,
        "Other Gand A": 6334000.0,
        "Salaries And Wages": 373000.0,
        "Gross Profit": 5937000.0,
        "Cost Of Revenue": 19069000.0,
        "Total Revenue": 25006000.0,
        "Operating Revenue": 25006000.0
    },
    "2023-09-30": {
        "Tax Effect Of Unusual Items": 0.0,
        "Tax Rate For Calcs": 0.0,
        "Normalized EBITDA": -837000.0,
        "Total Unusual Items": -178000.0,
        "Total Unusual Items Excluding Goodwill": -178000.0,
        "Net Income From Continuing Operation Net Minority Interest": -2248000.0,
        "Reconciled Depreciation": 941000.0,
        "Reconciled Cost Of Revenue": 22322000.0,
        "EBITDA": -1015000.0,
        "EBIT": -1956000.0,
        "Net Interest Income": -292000.0,
        "Interest Expense": 292000.0,
        "Normalized Income": -2070000.0,
        "Net Income From Continuing And Discontinued Operation": -2248000.0,
        "Total Expenses": 29687000.0,
        "Total Operating Income As Reported": -1778000.0,
        "Diluted Average Shares": 30898334.0,
        "Basic Average Shares": 30898334.0,
        "Diluted EPS": -0.07,
        "Basic EPS": -0.07,
        "Diluted NI Availto Com Stockholders": -2248000.0,
        "Net Income Common Stockholders": -2248000.0,
        "Net Income": -2248000.0,
        "Net Income Including Noncontrolling Interests": -2248000.0,
        "Net Income Continuous Operations": -2248000.0,
        "Tax Provision": 0.0,
        "Pretax Income": -2248000.0,
        "Other Income Expense": -178000.0,
        "Other Non Operating Income Expenses": NaN,
        "Special Income Charges": 0.0,
        "Gain On Sale Of Ppe": NaN,
        "Other Special Charges": NaN,
        "Gain On Sale Of Security": -178000.0,
        "Net Non Operating Interest Income Expense": -292000.0,
        "Interest Expense Non Operating": 292000.0,
        "Operating Income": -1778000.0,
        "Operating Expense": 7206000.0,
        "Other Operating Expenses": 183000.0,
        "Depreciation Amortization Depletion Income Statement": 782000.0,
        "Depreciation And Amortization In Income Statement": 782000.0,
        "Selling General And Administration": 6241000.0,
        "General And Administrative Expense": 6241000.0,
        "Other Gand A": 5747000.0,
        "Salaries And Wages": 494000.0,
        "Gross Profit": 5428000.0,
        "Cost Of Revenue": 22481000.0,
        "Total Revenue": 27909000.0,
        "Operating Revenue": 27909000.0
    },
    "2023-12-31": {
        "Tax Effect Of Unusual Items": -1504860.0,
        "Tax Rate For Calcs": 0.21,
        "Normalized EBITDA": -2921000.0,
        "Total Unusual Items": -7166000.0,
        "Total Unusual Items Excluding Goodwill": -7166000.0,
        "Net Income From Continuing Operation Net Minority Interest": -11661000.0,
        "Reconciled Depreciation": 937000.0,
        "Reconciled Cost Of Revenue": 22245000.0,
        "EBITDA": -10087000.0,
        "EBIT": -11024000.0,
        "Net Interest Income": -1776000.0,
        "Interest Expense": 605000.0,
        "Normalized Income": -5999860.0,
        "Net Income From Continuing And Discontinued Operation": -11661000.0,
        "Total Expenses": 27899000.0,
        "Total Operating Income As Reported": -6510000.0,
        "Diluted Average Shares": NaN,
        "Basic Average Shares": NaN,
        "Diluted EPS": NaN,
        "Basic EPS": NaN,
        "Diluted NI Availto Com Stockholders": -11661000.0,
        "Net Income Common Stockholders": -11661000.0,
        "Net Income": -11661000.0,
        "Net Income Including Noncontrolling Interests": -11661000.0,
        "Net Income Continuous Operations": -11661000.0,
        "Tax Provision": 32000.0,
        "Pretax Income": -11629000.0,
        "Other Income Expense": -7363000.0,
        "Other Non Operating Income Expenses": -197000.0,
        "Special Income Charges": -7096000.0,
        "Gain On Sale Of Ppe": NaN,
        "Other Special Charges": NaN,
        "Gain On Sale Of Security": -70000.0,
        "Net Non Operating Interest Income Expense": -1776000.0,
        "Interest Expense Non Operating": 605000.0,
        "Operating Income": -2490000.0,
        "Operating Expense": 5492000.0,
        "Other Operating Expenses": 190000.0,
        "Depreciation Amortization Depletion Income Statement": 775000.0,
        "Depreciation And Amortization In Income Statement": 775000.0,
        "Selling General And Administration": 4527000.0,
        "General And Administrative Expense": 4527000.0,
        "Other Gand A": 4688000.0,
        "Salaries And Wages": -161000.0,
        "Gross Profit": 3002000.0,
        "Cost Of Revenue": 22407000.0,
        "Total Revenue": 25409000.0,
        "Operating Revenue": 25409000.0
    }
}