{
    "2023-03-31": {
        "Tax Effect Of Unusual Items": NaN,
        "Tax Rate For Calcs": NaN,
        "Normalized EBITDA": NaN,
        "Total Unusual Items": NaN,
        "Total Unusual Items Excluding Goodwill": NaN,
        "Net Income From Continuing Operation Net Minority Interest": NaN,
        "Reconciled Depreciation": NaN,
        "Reconciled Cost Of Revenue": NaN,
        "EBITDA": NaN,
        "EBIT": NaN,
        "Net Interest Income": NaN,
        "Interest Expense": NaN,
        "Normalized Income": NaN,
        "Net Income From Continuing And Discontinued Operation": NaN,
        "Total Expenses": NaN,
        "Total Operating Income As Reported": NaN,
        "Diluted Average Shares": NaN,
        "Basic Average Shares": NaN,
        "Diluted EPS": NaN,
        "Basic EPS": NaN,
        "Diluted NI Availto Com Stockholders": NaN,
        "Net Income Common Stockholders": NaN,
        "Net Income": NaN,
        "Net Income Including Noncontrolling Interests": NaN,
        "Net Income Continuous Operations": NaN,
        "Tax Provision": NaN,
        "Pretax Income": NaN,
        "Other Income Expense": NaN,
        "Other Non Operating Income Expenses": NaN,
        "Special Income Charges": NaN,
        "Gain On Sale Of Business": NaN,
        "Other Special Charges": -3077000.0,
        "Restructuring And Mergern Acquisition": NaN,
        "Net Non Operating Interest Income Expense": NaN,
        "Interest Expense Non Operating": NaN,
        "Operating Income": NaN,
        "Operating Expense": NaN,
        "Depreciation Amortization Depletion Income Statement": NaN,
        "Depreciation And Amortization In Income Statement": NaN,
        "Amortization": NaN,
        "Amortization Of Intangibles Income Statement": NaN,
        "Depreciation Income Statement": NaN,
        "Selling General And Administration": NaN,
        "Gross Profit": NaN,
        "Cost Of Revenue": NaN,
        "Total Revenue": NaN,
        "Operating Revenue": NaN
    },
    "2022-12-31": {
        "Tax Effect Of Unusual Items": NaN,
        "Tax Rate For Calcs": NaN,
        "Normalized EBITDA": NaN,
        "Total Unusual Items": NaN,
        "Total Unusual Items Excluding Goodwill": NaN,
        "Net Income From Continuing Operation Net Minority Interest": NaN,
        "Reconciled Depreciation": NaN,
        "Reconciled Cost Of Revenue": NaN,
        "EBITDA": NaN,
        "EBIT": NaN,
        "Net Interest Income": NaN,
        "Interest Expense": NaN,
        "Normalized Income": NaN,
        "Net Income From Continuing And Discontinued Operation": NaN,
        "Total Expenses": NaN,
        "Total Operating Income As Reported": NaN,
        "Diluted Average Shares": 80100000.0,
        "Basic Average Shares": 79200000.0,
        "Diluted EPS": 3.21,
        "Basic EPS": 3.24,
        "Diluted NI Availto Com Stockholders": NaN,
        "Net Income Common Stockholders": NaN,
        "Net Income": NaN,
        "Net Income Including Noncontrolling Interests": NaN,
        "Net Income Continuous Operations": NaN,
        "Tax Provision": NaN,
        "Pretax Income": NaN,
        "Other Income Expense": NaN,
        "Other Non Operating Income Expenses": NaN,
        "Special Income Charges": NaN,
        "Gain On Sale Of Business": NaN,
        "Other Special Charges": NaN,
        "Restructuring And Mergern Acquisition": NaN,
        "Net Non Operating Interest Income Expense": NaN,
        "Interest Expense Non Operating": NaN,
        "Operating Income": NaN,
        "Operating Expense": NaN,
        "Depreciation Amortization Depletion Income Statement": NaN,
        "Depreciation And Amortization In Income Statement": NaN,
        "Amortization": NaN,
        "Amortization Of Intangibles Income Statement": NaN,
        "Depreciation Income Statement": NaN,
        "Selling General And Administration": NaN,
        "Gross Profit": NaN,
        "Cost Of Revenue": NaN,
        "Total Revenue": NaN,
        "Operating Revenue": NaN
    },
    "2022-09-30": {
        "Tax Effect Of Unusual Items": -335412.0,
        "Tax Rate For Calcs": 0.252,
        "Normalized EBITDA": 310930000.0,
        "Total Unusual Items": -1331000.0,
        "Total Unusual Items Excluding Goodwill": -1331000.0,
        "Net Income From Continuing Operation Net Minority Interest": 173545000.0,
        "Reconciled Depreciation": 47251000.0,
        "Reconciled Cost Of Revenue": 416837000.0,
        "EBITDA": 309599000.0,
        "EBIT": 262348000.0,
        "Net Interest Income": -30286000.0,
        "Interest Expense": 30286000.0,
        "Normalized Income": 174540588.0,
        "Net Income From Continuing And Discontinued Operation": 173545000.0,
        "Total Expenses": 1077119000.0,
        "Total Operating Income As Reported": 253418000.0,
        "Diluted Average Shares": 80059000.0,
        "Basic Average Shares": 79259000.0,
        "Diluted EPS": 2.17,
        "Basic EPS": 2.19,
        "Diluted NI Availto Com Stockholders": 173545000.0,
        "Net Income Common Stockholders": 173545000.0,
        "Net Income": 173545000.0,
        "Net Income Including Noncontrolling Interests": 173545000.0,
        "Net Income Continuous Operations": 173545000.0,
        "Tax Provision": 58517000.0,
        "Pretax Income": 232062000.0,
        "Other Income Expense": 7599000.0,
        "Other Non Operating Income Expenses": 8930000.0,
        "Special Income Charges": -1331000.0,
        "Gain On Sale Of Business": NaN,
        "Other Special Charges": NaN,
        "Restructuring And Mergern Acquisition": 1331000.0,
        "Net Non Operating Interest Income Expense": -30286000.0,
        "Interest Expense Non Operating": 30286000.0,
        "Operating Income": 254749000.0,
        "Operating Expense": 660282000.0,
        "Depreciation Amortization Depletion Income Statement": 47251000.0,
        "Depreciation And Amortization In Income Statement": 47251000.0,
        "Amortization": 24369000.0,
        "Amortization Of Intangibles Income Statement": 24369000.0,
        "Depreciation Income Statement": 22882000.0,
        "Selling General And Administration": 613031000.0,
        "Gross Profit": 915031000.0,
        "Cost Of Revenue": 416837000.0,
        "Total Revenue": 1331868000.0,
        "Operating Revenue": 1331868000.0
    },
    "2022-06-30": {
        "Tax Effect Of Unusual Items": -591881.116347,
        "Tax Rate For Calcs": 0.25734,
        "Normalized EBITDA": 355600000.0,
        "Total Unusual Items": -2300000.0,
        "Total Unusual Items Excluding Goodwill": -2300000.0,
        "Net Income From Continuing Operation Net Minority Interest": 204900000.0,
        "Reconciled Depreciation": 47700000.0,
        "Reconciled Cost Of Revenue": 424500000.0,
        "EBITDA": 353300000.0,
        "EBIT": 305600000.0,
        "Net Interest Income": -29700000.0,
        "Interest Expense": 29700000.0,
        "Normalized Income": 206608118.883653,
        "Net Income From Continuing And Discontinued Operation": 204900000.0,
        "Total Expenses": 1077100000.0,
        "Total Operating Income As Reported": 297100000.0,
        "Diluted Average Shares": 80974000.0,
        "Basic Average Shares": 80271000.0,
        "Diluted EPS": 2.53,
        "Basic EPS": 2.55,
        "Diluted NI Availto Com Stockholders": 204900000.0,
        "Net Income Common Stockholders": 204900000.0,
        "Net Income": 204900000.0,
        "Net Income Including Noncontrolling Interests": 204900000.0,
        "Net Income Continuous Operations": 204900000.0,
        "Tax Provision": 71000000.0,
        "Pretax Income": 275900000.0,
        "Other Income Expense": 6200000.0,
        "Other Non Operating Income Expenses": 8500000.0,
        "Special Income Charges": -2300000.0,
        "Gain On Sale Of Business": NaN,
        "Other Special Charges": NaN,
        "Restructuring And Mergern Acquisition": 2300000.0,
        "Net Non Operating Interest Income Expense": -29700000.0,
        "Interest Expense Non Operating": 29700000.0,
        "Operating Income": 299400000.0,
        "Operating Expense": 652600000.0,
        "Depreciation Amortization Depletion Income Statement": 47700000.0,
        "Depreciation And Amortization In Income Statement": 47700000.0,
        "Amortization": 24800000.0,
        "Amortization Of Intangibles Income Statement": 24800000.0,
        "Depreciation Income Statement": 22900000.0,
        "Selling General And Administration": 604900000.0,
        "Gross Profit": 952000000.0,
        "Cost Of Revenue": 424500000.0,
        "Total Revenue": 1376500000.0,
        "Operating Revenue": 1376500000.0
    },
    "2023-06-30": {
        "Tax Effect Of Unusual Items": -1469750.0,
        "Tax Rate For Calcs": 0.25,
        "Normalized EBITDA": 341174000.0,
        "Total Unusual Items": -5879000.0,
        "Total Unusual Items Excluding Goodwill": -5879000.0,
        "Net Income From Continuing Operation Net Minority Interest": 198043000.0,
        "Reconciled Depreciation": 46613000.0,
        "Reconciled Cost Of Revenue": 487418000.0,
        "EBITDA": 335295000.0,
        "EBIT": 288682000.0,
        "Net Interest Income": -24558000.0,
        "Interest Expense": 24558000.0,
        "Normalized Income": 202452250.0,
        "Net Income From Continuing And Discontinued Operation": 198043000.0,
        "Total Expenses": 1214199000.0,
        "Total Operating Income As Reported": 283107000.0,
        "Diluted Average Shares": 79820000.0,
        "Basic Average Shares": 79285000.0,
        "Diluted EPS": 2.48,
        "Basic EPS": 2.5,
        "Diluted NI Availto Com Stockholders": 198043000.0,
        "Net Income Common Stockholders": 198043000.0,
        "Net Income": 198043000.0,
        "Net Income Including Noncontrolling Interests": 198043000.0,
        "Net Income Continuous Operations": 198043000.0,
        "Tax Provision": 66081000.0,
        "Pretax Income": 264124000.0,
        "Other Income Expense": -304000.0,
        "Other Non Operating Income Expenses": 5575000.0,
        "Special Income Charges": -5879000.0,
        "Gain On Sale Of Business": -3906000.0,
        "Other Special Charges": NaN,
        "Restructuring And Mergern Acquisition": 1973000.0,
        "Net Non Operating Interest Income Expense": -24558000.0,
        "Interest Expense Non Operating": 24558000.0,
        "Operating Income": 288986000.0,
        "Operating Expense": 726781000.0,
        "Depreciation Amortization Depletion Income Statement": 46613000.0,
        "Depreciation And Amortization In Income Statement": 46613000.0,
        "Amortization": 22901000.0,
        "Amortization Of Intangibles Income Statement": 22901000.0,
        "Depreciation Income Statement": 23712000.0,
        "Selling General And Administration": 680168000.0,
        "Gross Profit": 1015767000.0,
        "Cost Of Revenue": 487418000.0,
        "Total Revenue": 1503185000.0,
        "Operating Revenue": 1503185000.0
    },
    "2023-09-30": {
        "Tax Effect Of Unusual Items": -883674.0,
        "Tax Rate For Calcs": 0.198,
        "Normalized EBITDA": 299293000.0,
        "Total Unusual Items": -4463000.0,
        "Total Unusual Items Excluding Goodwill": -4463000.0,
        "Net Income From Continuing Operation Net Minority Interest": 180009000.0,
        "Reconciled Depreciation": 48536000.0,
        "Reconciled Cost Of Revenue": 450841000.0,
        "EBITDA": 294830000.0,
        "EBIT": 246294000.0,
        "Net Interest Income": -21820000.0,
        "Interest Expense": 21820000.0,
        "Normalized Income": 183588326.0,
        "Net Income From Continuing And Discontinued Operation": 180009000.0,
        "Total Expenses": 1159904000.0,
        "Total Operating Income As Reported": 244417000.0,
        "Diluted Average Shares": 79500000.0,
        "Basic Average Shares": 78900000.0,
        "Diluted EPS": 2.26,
        "Basic EPS": 2.28,
        "Diluted NI Availto Com Stockholders": 180009000.0,
        "Net Income Common Stockholders": 180009000.0,
        "Net Income": 180009000.0,
        "Net Income Including Noncontrolling Interests": 180009000.0,
        "Net Income Continuous Operations": 180009000.0,
        "Tax Provision": 44465000.0,
        "Pretax Income": 224474000.0,
        "Other Income Expense": -2586000.0,
        "Other Non Operating Income Expenses": 1877000.0,
        "Special Income Charges": -4463000.0,
        "Gain On Sale Of Business": 0.0,
        "Other Special Charges": NaN,
        "Restructuring And Mergern Acquisition": 4463000.0,
        "Net Non Operating Interest Income Expense": -21820000.0,
        "Interest Expense Non Operating": 21820000.0,
        "Operating Income": 248880000.0,
        "Operating Expense": 709063000.0,
        "Depreciation Amortization Depletion Income Statement": 48536000.0,
        "Depreciation And Amortization In Income Statement": 48536000.0,
        "Amortization": 23989000.0,
        "Amortization Of Intangibles Income Statement": 23989000.0,
        "Depreciation Income Statement": 24547000.0,
        "Selling General And Administration": 660527000.0,
        "Gross Profit": 957943000.0,
        "Cost Of Revenue": 450841000.0,
        "Total Revenue": 1408784000.0,
        "Operating Revenue": 1408784000.0
    },
    "2023-12-31": {
        "Tax Effect Of Unusual Items": NaN,
        "Tax Rate For Calcs": NaN,
        "Normalized EBITDA": NaN,
        "Total Unusual Items": NaN,
        "Total Unusual Items Excluding Goodwill": NaN,
        "Net Income From Continuing Operation Net Minority Interest": NaN,
        "Reconciled Depreciation": NaN,
        "Reconciled Cost Of Revenue": NaN,
        "EBITDA": NaN,
        "EBIT": NaN,
        "Net Interest Income": NaN,
        "Interest Expense": NaN,
        "Normalized Income": NaN,
        "Net Income From Continuing And Discontinued Operation": NaN,
        "Total Expenses": NaN,
        "Total Operating Income As Reported": NaN,
        "Diluted Average Shares": NaN,
        "Basic Average Shares": NaN,
        "Diluted EPS": NaN,
        "Basic EPS": NaN,
        "Diluted NI Availto Com Stockholders": NaN,
        "Net Income Common Stockholders": NaN,
        "Net Income": NaN,
        "Net Income Including Noncontrolling Interests": NaN,
        "Net Income Continuous Operations": NaN,
        "Tax Provision": NaN,
        "Pretax Income": NaN,
        "Other Income Expense": NaN,
        "Other Non Operating Income Expenses": NaN,
        "Special Income Charges": NaN,
        "Gain On Sale Of Business": 0.0,
        "Other Special Charges": 0.0,
        "Restructuring And Mergern Acquisition": NaN,
        "Net Non Operating Interest Income Expense": NaN,
        "Interest Expense Non Operating": NaN,
        "Operating Income": NaN,
        "Operating Expense": NaN,
        "Depreciation Amortization Depletion Income Statement": NaN,
        "Depreciation And Amortization In Income Statement": NaN,
        "Amortization": NaN,
        "Amortization Of Intangibles Income Statement": NaN,
        "Depreciation Income Statement": NaN,
        "Selling General And Administration": NaN,
        "Gross Profit": NaN,
        "Cost Of Revenue": NaN,
        "Total Revenue": NaN,
        "Operating Revenue": NaN
    },
    "2024-03-31": {
        "Tax Effect Of Unusual Items": NaN,
        "Tax Rate For Calcs": NaN,
        "Normalized EBITDA": NaN,
        "Total Unusual Items": NaN,
        "Total Unusual Items Excluding Goodwill": NaN,
        "Net Income From Continuing Operation Net Minority Interest": NaN,
        "Reconciled Depreciation": NaN,
        "Reconciled Cost Of Revenue": NaN,
        "EBITDA": NaN,
        "EBIT": NaN,
        "Net Interest Income": NaN,
        "Interest Expense": NaN,
        "Normalized Income": NaN,
        "Net Income From Continuing And Discontinued Operation": NaN,
        "Total Expenses": NaN,
        "Total Operating Income As Reported": NaN,
        "Diluted Average Shares": NaN,
        "Basic Average Shares": NaN,
        "Diluted EPS": NaN,
        "Basic EPS": NaN,
        "Diluted NI Availto Com Stockholders": NaN,
        "Net Income Common Stockholders": NaN,
        "Net Income": NaN,
        "Net Income Including Noncontrolling Interests": NaN,
        "Net Income Continuous Operations": NaN,
        "Tax Provision": NaN,
        "Pretax Income": NaN,
        "Other Income Expense": NaN,
        "Other Non Operating Income Expenses": NaN,
        "Special Income Charges": NaN,
        "Gain On Sale Of Business": 0.0,
        "Other Special Charges": NaN,
        "Restructuring And Mergern Acquisition": NaN,
        "Net Non Operating Interest Income Expense": NaN,
        "Interest Expense Non Operating": NaN,
        "Operating Income": NaN,
        "Operating Expense": NaN,
        "Depreciation Amortization Depletion Income Statement": NaN,
        "Depreciation And Amortization In Income Statement": NaN,
        "Amortization": NaN,
        "Amortization Of Intangibles Income Statement": NaN,
        "Depreciation Income Statement": NaN,
        "Selling General And Administration": NaN,
        "Gross Profit": NaN,
        "Cost Of Revenue": NaN,
        "Total Revenue": NaN,
        "Operating Revenue": NaN
    },
    "2024-06-30": {
        "Tax Effect Of Unusual Items": -83429.309348,
        "Tax Rate For Calcs": 0.233043,
        "Normalized EBITDA": 370179000.0,
        "Total Unusual Items": -358000.0,
        "Total Unusual Items Excluding Goodwill": -358000.0,
        "Net Income From Continuing Operation Net Minority Interest": 229548000.0,
        "Reconciled Depreciation": 50534000.0,
        "Reconciled Cost Of Revenue": 513314000.0,
        "EBITDA": 369821000.0,
        "EBIT": 319287000.0,
        "Net Interest Income": -19990000.0,
        "Interest Expense": 19990000.0,
        "Normalized Income": 229822570.690652,
        "Net Income From Continuing And Discontinued Operation": 229548000.0,
        "Total Expenses": 1275919000.0,
        "Total Operating Income As Reported": 318783000.0,
        "Diluted Average Shares": 78300000.0,
        "Basic Average Shares": 77800000.0,
        "Diluted EPS": 2.93,
        "Basic EPS": 2.95,
        "Diluted NI Availto Com Stockholders": 229548000.0,
        "Net Income Common Stockholders": 229548000.0,
        "Net Income": 229548000.0,
        "Net Income Including Noncontrolling Interests": 229548000.0,
        "Net Income Continuous Operations": 229548000.0,
        "Tax Provision": 69749000.0,
        "Pretax Income": 299297000.0,
        "Other Income Expense": 146000.0,
        "Other Non Operating Income Expenses": 504000.0,
        "Special Income Charges": -358000.0,
        "Gain On Sale Of Business": 0.0,
        "Other Special Charges": NaN,
        "Restructuring And Mergern Acquisition": 358000.0,
        "Net Non Operating Interest Income Expense": -19990000.0,
        "Interest Expense Non Operating": 19990000.0,
        "Operating Income": 319141000.0,
        "Operating Expense": 762605000.0,
        "Depreciation Amortization Depletion Income Statement": 50534000.0,
        "Depreciation And Amortization In Income Statement": 50534000.0,
        "Amortization": 22940000.0,
        "Amortization Of Intangibles Income Statement": 22940000.0,
        "Depreciation Income Statement": 27594000.0,
        "Selling General And Administration": 712071000.0,
        "Gross Profit": 1081746000.0,
        "Cost Of Revenue": 513314000.0,
        "Total Revenue": 1595060000.0,
        "Operating Revenue": 1595060000.0
    },
    "2024-09-30": {
        "Tax Effect Of Unusual Items": 63566292.0,
        "Tax Rate For Calcs": 0.212,
        "Normalized EBITDA": 296244000.0,
        "Total Unusual Items": 299841000.0,
        "Total Unusual Items Excluding Goodwill": 299841000.0,
        "Net Income From Continuing Operation Net Minority Interest": 415049000.0,
        "Reconciled Depreciation": 51252000.0,
        "Reconciled Cost Of Revenue": 475342000.0,
        "EBITDA": 596085000.0,
        "EBIT": 544833000.0,
        "Net Interest Income": -17961000.0,
        "Interest Expense": 17961000.0,
        "Normalized Income": 178774292.0,
        "Net Income From Continuing And Discontinued Operation": 415049000.0,
        "Total Expenses": 1238323000.0,
        "Total Operating Income As Reported": 245824000.0,
        "Diluted Average Shares": 78000000.0,
        "Basic Average Shares": 77500000.0,
        "Diluted EPS": 5.32,
        "Basic EPS": 5.36,
        "Diluted NI Availto Com Stockholders": 415049000.0,
        "Net Income Common Stockholders": 415049000.0,
        "Net Income": 415049000.0,
        "Net Income Including Noncontrolling Interests": 415049000.0,
        "Net Income Continuous Operations": 415049000.0,
        "Tax Provision": 111823000.0,
        "Pretax Income": 526872000.0,
        "Other Income Expense": 298850000.0,
        "Other Non Operating Income Expenses": -991000.0,
        "Special Income Charges": 299841000.0,
        "Gain On Sale Of Business": 0.0,
        "Other Special Charges": -300000000.0,
        "Restructuring And Mergern Acquisition": 159000.0,
        "Net Non Operating Interest Income Expense": -17961000.0,
        "Interest Expense Non Operating": 17961000.0,
        "Operating Income": 245983000.0,
        "Operating Expense": 762981000.0,
        "Depreciation Amortization Depletion Income Statement": 51252000.0,
        "Depreciation And Amortization In Income Statement": 51252000.0,
        "Amortization": 22170000.0,
        "Amortization Of Intangibles Income Statement": 22170000.0,
        "Depreciation Income Statement": 29082000.0,
        "Selling General And Administration": 711729000.0,
        "Gross Profit": 1008964000.0,
        "Cost Of Revenue": 475342000.0,
        "Total Revenue": 1484306000.0,
        "Operating Revenue": 1484306000.0
    },
    "2024-12-31": {
        "Tax Effect Of Unusual Items": 840.0,
        "Tax Rate For Calcs": 0.21,
        "Normalized EBITDA": 426742000.0,
        "Total Unusual Items": 4000.0,
        "Total Unusual Items Excluding Goodwill": 4000.0,
        "Net Income From Continuing Operation Net Minority Interest": 398573000.0,
        "Reconciled Depreciation": 51222000.0,
        "Reconciled Cost Of Revenue": 574925000.0,
        "EBITDA": 426746000.0,
        "EBIT": 375524000.0,
        "Net Interest Income": -12318000.0,
        "Interest Expense": 73876000.0,
        "Normalized Income": 398569840.0,
        "Net Income From Continuing And Discontinued Operation": 398573000.0,
        "Total Expenses": 1397328000.0,
        "Total Operating Income As Reported": 317795000.0,
        "Diluted Average Shares": 78000000.0,
        "Basic Average Shares": 77500000.0,
        "Diluted EPS": 5.11,
        "Basic EPS": 5.14,
        "Diluted NI Availto Com Stockholders": 398573000.0,
        "Net Income Common Stockholders": 398573000.0,
        "Net Income": 398573000.0,
        "Net Income Including Noncontrolling Interests": 398573000.0,
        "Net Income Continuous Operations": 398573000.0,
        "Tax Provision": -96925000.0,
        "Pretax Income": 301648000.0,
        "Other Income Expense": -3825000.0,
        "Other Non Operating Income Expenses": -3829000.0,
        "Special Income Charges": 4000.0,
        "Gain On Sale Of Business": 0.0,
        "Other Special Charges": 0.0,
        "Restructuring And Mergern Acquisition": -4000.0,
        "Net Non Operating Interest Income Expense": -12318000.0,
        "Interest Expense Non Operating": 73876000.0,
        "Operating Income": 317791000.0,
        "Operating Expense": 822403000.0,
        "Depreciation Amortization Depletion Income Statement": 51222000.0,
        "Depreciation And Amortization In Income Statement": 51222000.0,
        "Amortization": 22132000.0,
        "Amortization Of Intangibles Income Statement": 22132000.0,
        "Depreciation Income Statement": 29090000.0,
        "Selling General And Administration": 771181000.0,
        "Gross Profit": 1140194000.0,
        "Cost Of Revenue": 574925000.0,
        "Total Revenue": 1715119000.0,
        "Operating Revenue": 1715119000.0
    },
    "2025-03-31": {
        "Tax Effect Of Unusual Items": 0.0,
        "Tax Rate For Calcs": 0.21,
        "Normalized EBITDA": 331181000.0,
        "Total Unusual Items": 0.0,
        "Total Unusual Items Excluding Goodwill": 0.0,
        "Net Income From Continuing Operation Net Minority Interest": 210939000.0,
        "Reconciled Depreciation": 50760000.0,
        "Reconciled Cost Of Revenue": 475030000.0,
        "EBITDA": 331181000.0,
        "EBIT": 280421000.0,
        "Net Interest Income": -13413000.0,
        "Interest Expense": 13413000.0,
        "Normalized Income": 210939000.0,
        "Net Income From Continuing And Discontinued Operation": 210939000.0,
        "Total Expenses": 1256098000.0,
        "Total Operating Income As Reported": 278032000.0,
        "Diluted Average Shares": 77800000.0,
        "Basic Average Shares": 77400000.0,
        "Diluted EPS": 2.71,
        "Basic EPS": 2.73,
        "Diluted NI Availto Com Stockholders": 210939000.0,
        "Net Income Common Stockholders": 210939000.0,
        "Net Income": 210939000.0,
        "Net Income Including Noncontrolling Interests": 210939000.0,
        "Net Income Continuous Operations": 210939000.0,
        "Tax Provision": 56069000.0,
        "Pretax Income": 267008000.0,
        "Other Income Expense": 2389000.0,
        "Other Non Operating Income Expenses": 2389000.0,
        "Special Income Charges": 0.0,
        "Gain On Sale Of Business": NaN,
        "Other Special Charges": NaN,
        "Restructuring And Mergern Acquisition": 0.0,
        "Net Non Operating Interest Income Expense": -13413000.0,
        "Interest Expense Non Operating": 13413000.0,
        "Operating Income": 278032000.0,
        "Operating Expense": 781068000.0,
        "Depreciation Amortization Depletion Income Statement": 50760000.0,
        "Depreciation And Amortization In Income Statement": 50760000.0,
        "Amortization": 21894000.0,
        "Amortization Of Intangibles Income Statement": 21894000.0,
        "Depreciation Income Statement": 28866000.0,
        "Selling General And Administration": 730308000.0,
        "Gross Profit": 1059100000.0,
        "Cost Of Revenue": 475030000.0,
        "Total Revenue": 1534130000.0,
        "Operating Revenue": 1534130000.0
    },
    "2025-06-30": {
        "Tax Effect Of Unusual Items": 0.0,
        "Tax Rate For Calcs": 0.242,
        "Normalized EBITDA": 380333000.0,
        "Total Unusual Items": 0.0,
        "Total Unusual Items Excluding Goodwill": 0.0,
        "Net Income From Continuing Operation Net Minority Interest": 240783000.0,
        "Reconciled Depreciation": 50739000.0,
        "Reconciled Cost Of Revenue": 531731000.0,
        "EBITDA": 380333000.0,
        "EBIT": 329594000.0,
        "Net Interest Income": -11801000.0,
        "Interest Expense": 11801000.0,
        "Normalized Income": 240783000.0,
        "Net Income From Continuing And Discontinued Operation": 240783000.0,
        "Total Expenses": 1359358000.0,
        "Total Operating Income As Reported": 327096000.0,
        "Diluted Average Shares": 77359000.0,
        "Basic Average Shares": 77157000.0,
        "Diluted EPS": 3.11,
        "Basic EPS": 3.12,
        "Diluted NI Availto Com Stockholders": 240783000.0,
        "Net Income Common Stockholders": 240783000.0,
        "Net Income": 240783000.0,
        "Net Income Including Noncontrolling Interests": 240783000.0,
        "Net Income Continuous Operations": 240783000.0,
        "Tax Provision": 77010000.0,
        "Pretax Income": 317793000.0,
        "Other Income Expense": 2498000.0,
        "Other Non Operating Income Expenses": 2498000.0,
        "Special Income Charges": 0.0,
        "Gain On Sale Of Business": NaN,
        "Other Special Charges": NaN,
        "Restructuring And Mergern Acquisition": 0.0,
        "Net Non Operating Interest Income Expense": -11801000.0,
        "Interest Expense Non Operating": 11801000.0,
        "Operating Income": 327096000.0,
        "Operating Expense": 827627000.0,
        "Depreciation Amortization Depletion Income Statement": 50739000.0,
        "Depreciation And Amortization In Income Statement": 50739000.0,
        "Amortization": 20204000.0,
        "Amortization Of Intangibles Income Statement": 20204000.0,
        "Depreciation Income Statement": 30535000.0,
        "Selling General And Administration": 776888000.0,
        "Gross Profit": 1154723000.0,
        "Cost Of Revenue": 531731000.0,
        "Total Revenue": 1686454000.0,
        "Operating Revenue": 1686454000.0
    }
}