{
    "2023-03-31": {
        "Tax Effect Of Unusual Items": 0.0,
        "Tax Rate For Calcs": 0.21,
        "Normalized EBITDA": -48258000.0,
        "Net Income From Continuing Operation Net Minority Interest": -44053000.0,
        "Reconciled Depreciation": 134000.0,
        "Reconciled Cost Of Revenue": 6751000.0,
        "EBITDA": -48258000.0,
        "EBIT": -48392000.0,
        "Net Interest Income": 4349000.0,
        "Interest Income": 4349000.0,
        "Normalized Income": -44053000.0,
        "Net Income From Continuing And Discontinued Operation": -44053000.0,
        "Total Expenses": 143123000.0,
        "Total Operating Income As Reported": -48392000.0,
        "Diluted Average Shares": 95134694.0,
        "Basic Average Shares": 95134694.0,
        "Diluted EPS": -0.46,
        "Basic EPS": -0.46,
        "Diluted NI Availto Com Stockholders": -44053000.0,
        "Net Income Common Stockholders": -44053000.0,
        "Net Income": -44053000.0,
        "Net Income Including Noncontrolling Interests": -44053000.0,
        "Net Income Continuous Operations": -44053000.0,
        "Tax Provision": 10000.0,
        "Pretax Income": -44043000.0,
        "Net Non Operating Interest Income Expense": 4349000.0,
        "Interest Income Non Operating": 4349000.0,
        "Operating Income": -48392000.0,
        "Operating Expense": 136372000.0,
        "Other Operating Expenses": -575000.0,
        "Research And Development": 38024000.0,
        "Selling General And Administration": 98923000.0,
        "Gross Profit": 87980000.0,
        "Cost Of Revenue": 6751000.0,
        "Total Revenue": 94731000.0,
        "Operating Revenue": 94731000.0
    },
    "2022-12-31": {
        "Tax Effect Of Unusual Items": 0.0,
        "Tax Rate For Calcs": 0.0,
        "Normalized EBITDA": -47269000.0,
        "Net Income From Continuing Operation Net Minority Interest": -44026000.0,
        "Reconciled Depreciation": 143000.0,
        "Reconciled Cost Of Revenue": 6788000.0,
        "EBITDA": -47269000.0,
        "EBIT": -47412000.0,
        "Net Interest Income": 3386000.0,
        "Interest Income": 3386000.0,
        "Normalized Income": -44026000.0,
        "Net Income From Continuing And Discontinued Operation": -44026000.0,
        "Total Expenses": 134845000.0,
        "Total Operating Income As Reported": -47412000.0,
        "Diluted Average Shares": 94751563.0,
        "Basic Average Shares": 94751563.0,
        "Diluted EPS": -0.45,
        "Basic EPS": -0.45,
        "Diluted NI Availto Com Stockholders": -44026000.0,
        "Net Income Common Stockholders": -44026000.0,
        "Net Income": -44026000.0,
        "Net Income Including Noncontrolling Interests": -44026000.0,
        "Net Income Continuous Operations": -44026000.0,
        "Tax Provision": 0.0,
        "Pretax Income": -44026000.0,
        "Net Non Operating Interest Income Expense": 3386000.0,
        "Interest Income Non Operating": 3386000.0,
        "Operating Income": -47412000.0,
        "Operating Expense": 128057000.0,
        "Other Operating Expenses": -436000.0,
        "Research And Development": 33862000.0,
        "Selling General And Administration": 94631000.0,
        "Gross Profit": 80645000.0,
        "Cost Of Revenue": 6788000.0,
        "Total Revenue": 87433000.0,
        "Operating Revenue": 87433000.0
    },
    "2022-09-30": {
        "Tax Effect Of Unusual Items": 0.0,
        "Tax Rate For Calcs": 0.4,
        "Normalized EBITDA": -55459000.0,
        "Net Income From Continuing Operation Net Minority Interest": -53508000.0,
        "Reconciled Depreciation": 170000.0,
        "Reconciled Cost Of Revenue": 5850000.0,
        "EBITDA": -55459000.0,
        "EBIT": -55629000.0,
        "Net Interest Income": 2122000.0,
        "Interest Income": 2122000.0,
        "Normalized Income": -53508000.0,
        "Net Income From Continuing And Discontinued Operation": -53508000.0,
        "Total Expenses": 127499000.0,
        "Total Operating Income As Reported": -55629000.0,
        "Diluted Average Shares": 94516794.0,
        "Basic Average Shares": 94516794.0,
        "Diluted EPS": -0.57,
        "Basic EPS": -0.57,
        "Diluted NI Availto Com Stockholders": -53508000.0,
        "Net Income Common Stockholders": -53508000.0,
        "Net Income": -53508000.0,
        "Net Income Including Noncontrolling Interests": -53508000.0,
        "Net Income Continuous Operations": -53508000.0,
        "Tax Provision": 1000.0,
        "Pretax Income": -53507000.0,
        "Net Non Operating Interest Income Expense": 2122000.0,
        "Interest Income Non Operating": 2122000.0,
        "Operating Income": -55629000.0,
        "Operating Expense": 121649000.0,
        "Other Operating Expenses": NaN,
        "Research And Development": 33274000.0,
        "Selling General And Administration": 88375000.0,
        "Gross Profit": 66020000.0,
        "Cost Of Revenue": 5850000.0,
        "Total Revenue": 71870000.0,
        "Operating Revenue": 71870000.0
    },
    "2022-06-30": {
        "Tax Effect Of Unusual Items": 0.0,
        "Tax Rate For Calcs": 0.0,
        "Normalized EBITDA": -87923000.0,
        "Net Income From Continuing Operation Net Minority Interest": -86603000.0,
        "Reconciled Depreciation": 172000.0,
        "Reconciled Cost Of Revenue": 4650000.0,
        "EBITDA": -87923000.0,
        "EBIT": -87923000.0,
        "Net Interest Income": 1320000.0,
        "Interest Income": 1320000.0,
        "Normalized Income": -86603000.0,
        "Net Income From Continuing And Discontinued Operation": -86603000.0,
        "Total Expenses": 142997000.0,
        "Total Operating Income As Reported": -87923000.0,
        "Diluted Average Shares": 94285117.0,
        "Basic Average Shares": 94285117.0,
        "Diluted EPS": -0.92,
        "Basic EPS": -0.92,
        "Diluted NI Availto Com Stockholders": -86603000.0,
        "Net Income Common Stockholders": -86603000.0,
        "Net Income": -86603000.0,
        "Net Income Including Noncontrolling Interests": -86603000.0,
        "Net Income Continuous Operations": -86603000.0,
        "Tax Provision": 0.0,
        "Pretax Income": -86603000.0,
        "Net Non Operating Interest Income Expense": 1320000.0,
        "Interest Income Non Operating": 1320000.0,
        "Operating Income": -87923000.0,
        "Operating Expense": 138347000.0,
        "Other Operating Expenses": -505000.0,
        "Research And Development": 38536000.0,
        "Selling General And Administration": 100316000.0,
        "Gross Profit": 50424000.0,
        "Cost Of Revenue": 4650000.0,
        "Total Revenue": 55074000.0,
        "Operating Revenue": 55074000.0
    },
    "2023-06-30": {
        "Tax Effect Of Unusual Items": 0.0,
        "Tax Rate For Calcs": 0.21,
        "Normalized EBITDA": -47056000.0,
        "Net Income From Continuing Operation Net Minority Interest": -42784000.0,
        "Reconciled Depreciation": 123000.0,
        "Reconciled Cost Of Revenue": 7163000.0,
        "EBITDA": -47056000.0,
        "EBIT": -47179000.0,
        "Net Interest Income": 4530000.0,
        "Interest Income": 4530000.0,
        "Normalized Income": -42784000.0,
        "Net Income From Continuing And Discontinued Operation": -42784000.0,
        "Total Expenses": 157307000.0,
        "Total Operating Income As Reported": -47179000.0,
        "Diluted Average Shares": 95948063.0,
        "Basic Average Shares": 95948063.0,
        "Diluted EPS": -0.45,
        "Basic EPS": -0.45,
        "Diluted NI Availto Com Stockholders": -42784000.0,
        "Net Income Common Stockholders": -42784000.0,
        "Net Income": -42784000.0,
        "Net Income Including Noncontrolling Interests": -42784000.0,
        "Net Income Continuous Operations": -42784000.0,
        "Tax Provision": 135000.0,
        "Pretax Income": -42649000.0,
        "Net Non Operating Interest Income Expense": 4530000.0,
        "Interest Income Non Operating": 4530000.0,
        "Operating Income": -47179000.0,
        "Operating Expense": 150144000.0,
        "Other Operating Expenses": -664000.0,
        "Research And Development": 49794000.0,
        "Selling General And Administration": 101014000.0,
        "Gross Profit": 102965000.0,
        "Cost Of Revenue": 7163000.0,
        "Total Revenue": 110128000.0,
        "Operating Revenue": 110128000.0
    },
    "2022-03-31": {
        "Diluted EPS": -0.78,
        "Total Revenue": 35,
        "Gross Profit": 32,
        "Operating Income": -73,
        "EBIT": -77,
        "Net Income": -72
    },
    "2021-12-31": {
        "Diluted EPS": -1.05,
        "Total Revenue": 26,
        "Gross Profit": 23,
        "Operating Income": -86,
        "EBIT": -87,
        "Net Income": -86
    },
    "2021-09-30": {
        "Diluted EPS": -0.95,
        "Total Revenue": 22,
        "Gross Profit": 20,
        "Operating Income": -77,
        "EBIT": -79,
        "Net Income": -77
    },
    "2021-06-30": {
        "Diluted EPS": -0.85,
        "Total Revenue": 20,
        "Gross Profit": 18,
        "Operating Income": -69,
        "EBIT": -70,
        "Net Income": -69
    },
    "2021-03-31": {
        "Diluted EPS": -0.65,
        "Total Revenue": 16,
        "Gross Profit": 14,
        "Operating Income": -53,
        "EBIT": -54,
        "Net Income": -53
    },
    "2020-12-31": {
        "Diluted EPS": -0.75,
        "Total Revenue": 12,
        "Gross Profit": 11,
        "Operating Income": -61,
        "EBIT": -62,
        "Net Income": -61
    },
    "2020-09-30": {
        "Diluted EPS": -0.79,
        "Total Revenue": 7,
        "Gross Profit": 7,
        "Operating Income": -56,
        "EBIT": -56,
        "Net Income": -55
    },
    "2020-06-30": {
        "Diluted EPS": -0.96,
        "Total Revenue": 2,
        "Gross Profit": 2,
        "Operating Income": -65,
        "EBIT": -65,
        "Net Income": -64
    },
    "2020-03-31": {
        "Diluted EPS": -0.73,
        "Total Revenue": 1,
        "Gross Profit": 1,
        "Operating Income": -49,
        "EBIT": -49,
        "Net Income": -47
    },
    "2019-12-31": {
        "Diluted EPS": -0.74,
        "Total Revenue": NaN,
        "Gross Profit": NaN,
        "Operating Income": -42,
        "EBIT": -42,
        "Net Income": -41
    },
    "2019-09-30": {
        "Diluted EPS": -0.63,
        "Total Revenue": NaN,
        "Gross Profit": NaN,
        "Operating Income": -36,
        "EBIT": -36,
        "Net Income": -35
    },
    "2019-06-30": {
        "Diluted EPS": -0.68,
        "Total Revenue": NaN,
        "Gross Profit": NaN,
        "Operating Income": -39,
        "EBIT": -39,
        "Net Income": -37
    },
    "2019-03-31": {
        "Diluted EPS": -0.63,
        "Total Revenue": NaN,
        "Gross Profit": NaN,
        "Operating Income": -37,
        "EBIT": -37,
        "Net Income": -35
    },
    "2018-12-31": {
        "Diluted EPS": -0.75,
        "Total Revenue": NaN,
        "Gross Profit": NaN,
        "Operating Income": -43,
        "EBIT": -43,
        "Net Income": -41
    },
    "2018-09-30": {
        "Diluted EPS": -0.76,
        "Total Revenue": NaN,
        "Gross Profit": NaN,
        "Operating Income": -43,
        "EBIT": -44,
        "Net Income": -42
    },
    "2018-06-30": {
        "Diluted EPS": -0.68,
        "Total Revenue": NaN,
        "Gross Profit": NaN,
        "Operating Income": -39,
        "EBIT": -39,
        "Net Income": -37
    },
    "2018-03-31": {
        "Diluted EPS": -0.65,
        "Total Revenue": NaN,
        "Gross Profit": NaN,
        "Operating Income": -37,
        "EBIT": -37,
        "Net Income": -35
    },
    "2017-12-31": {
        "Diluted EPS": -0.56,
        "Total Revenue": 0,
        "Gross Profit": 0,
        "Operating Income": -33,
        "EBIT": -33,
        "Net Income": -30
    },
    "2017-09-30": {
        "Diluted EPS": -0.53,
        "Total Revenue": 0,
        "Gross Profit": 0,
        "Operating Income": -24,
        "EBIT": -24,
        "Net Income": -23
    },
    "2017-06-30": {
        "Diluted EPS": -0.41,
        "Total Revenue": 0,
        "Gross Profit": 0,
        "Operating Income": -19,
        "EBIT": -18,
        "Net Income": -18
    },
    "2017-03-31": {
        "Diluted EPS": -0.62,
        "Total Revenue": 0,
        "Gross Profit": 0,
        "Operating Income": -28,
        "EBIT": -28,
        "Net Income": -27
    },
    "2016-12-31": {
        "Diluted EPS": -0.64,
        "Total Revenue": 0,
        "Gross Profit": 0,
        "Operating Income": -28,
        "EBIT": -28,
        "Net Income": -27
    },
    "2016-09-30": {
        "Diluted EPS": -0.7,
        "Total Revenue": 0,
        "Gross Profit": 0,
        "Operating Income": -30,
        "EBIT": -30,
        "Net Income": -30
    },
    "2016-06-30": {
        "Diluted EPS": -0.71,
        "Total Revenue": 0,
        "Gross Profit": 0,
        "Operating Income": -32,
        "EBIT": -31,
        "Net Income": -31
    },
    "2016-03-31": {
        "Diluted EPS": -0.64,
        "Total Revenue": NaN,
        "Gross Profit": NaN,
        "Operating Income": -28,
        "EBIT": -28,
        "Net Income": -28
    },
    "2015-12-31": {
        "Diluted EPS": -0.67,
        "Total Revenue": 0,
        "Gross Profit": 0,
        "Operating Income": -29,
        "EBIT": -29,
        "Net Income": -29
    },
    "2015-09-30": {
        "Diluted EPS": -0.91,
        "Total Revenue": NaN,
        "Gross Profit": NaN,
        "Operating Income": -32,
        "EBIT": -32,
        "Net Income": -32
    },
    "2015-06-30": {
        "Diluted EPS": -0.61,
        "Total Revenue": 0,
        "Gross Profit": 0,
        "Operating Income": -22,
        "EBIT": -21,
        "Net Income": -22
    },
    "2015-03-31": {
        "Diluted EPS": -0.72,
        "Total Revenue": 0,
        "Gross Profit": 0,
        "Operating Income": -22,
        "EBIT": -22,
        "Net Income": -22
    },
    "2014-12-31": {
        "Diluted EPS": -0.53,
        "Total Revenue": 0,
        "Gross Profit": 0,
        "Operating Income": -15,
        "EBIT": -15,
        "Net Income": -15
    },
    "2014-09-30": {
        "Diluted EPS": -0.22,
        "Total Revenue": 0,
        "Gross Profit": 0,
        "Operating Income": -7,
        "EBIT": -6,
        "Net Income": -6
    },
    "2014-06-30": {
        "Diluted EPS": -0.15,
        "Total Revenue": 0,
        "Gross Profit": 0,
        "Operating Income": -5,
        "EBIT": -5,
        "Net Income": -5
    },
    "2014-03-31": {
        "Diluted EPS": -0.17,
        "Total Revenue": 0,
        "Gross Profit": 0,
        "Operating Income": -5,
        "EBIT": -5,
        "Net Income": -5
    },
    "2013-12-31": {
        "Diluted EPS": -0.33,
        "Total Revenue": 1,
        "Gross Profit": 1,
        "Operating Income": -8,
        "EBIT": -8,
        "Net Income": -8
    },
    "2013-09-30": {
        "Diluted EPS": -0.28,
        "Total Revenue": 1,
        "Gross Profit": 1,
        "Operating Income": -5,
        "EBIT": -5,
        "Net Income": -5
    },
    "2013-06-30": {
        "Diluted EPS": -0.56,
        "Total Revenue": 1,
        "Gross Profit": 1,
        "Operating Income": -8,
        "EBIT": -8,
        "Net Income": -8
    },
    "2013-03-31": {
        "Diluted EPS": -0.39,
        "Total Revenue": 1,
        "Gross Profit": 1,
        "Operating Income": -5,
        "EBIT": -5,
        "Net Income": -6
    },
    "2012-12-31": {
        "Diluted EPS": 0.0,
        "Total Revenue": NaN,
        "Gross Profit": NaN,
        "Operating Income": NaN,
        "EBIT": NaN,
        "Net Income": NaN
    },
    "2012-09-30": {
        "Diluted EPS": -0.4,
        "Total Revenue": 0,
        "Gross Profit": 0,
        "Operating Income": -2,
        "EBIT": -2,
        "Net Income": -2
    },
    "2023-09-30": {
        "Tax Effect Of Unusual Items": 0.0,
        "Tax Rate For Calcs": 0.21,
        "Normalized EBITDA": -29578000.0,
        "Net Income From Continuing Operation Net Minority Interest": -24258000.0,
        "Reconciled Depreciation": 135000.0,
        "Reconciled Cost Of Revenue": 9129000.0,
        "EBITDA": -29578000.0,
        "EBIT": -29713000.0,
        "Net Interest Income": 5498000.0,
        "Interest Income": 5498000.0,
        "Normalized Income": -24258000.0,
        "Net Income From Continuing And Discontinued Operation": -24258000.0,
        "Total Expenses": 155523000.0,
        "Total Operating Income As Reported": -29713000.0,
        "Diluted Average Shares": 96143083.0,
        "Basic Average Shares": 96143083.0,
        "Diluted EPS": -0.25,
        "Basic EPS": -0.25,
        "Diluted NI Availto Com Stockholders": -24258000.0,
        "Net Income Common Stockholders": -24258000.0,
        "Net Income": -24258000.0,
        "Net Income Including Noncontrolling Interests": -24258000.0,
        "Net Income Continuous Operations": -24258000.0,
        "Tax Provision": 43000.0,
        "Pretax Income": -24215000.0,
        "Net Non Operating Interest Income Expense": 5498000.0,
        "Interest Income Non Operating": 5498000.0,
        "Operating Income": -29713000.0,
        "Operating Expense": 146394000.0,
        "Other Operating Expenses": -363000.0,
        "Research And Development": 41550000.0,
        "Selling General And Administration": 105207000.0,
        "Gross Profit": 116681000.0,
        "Cost Of Revenue": 9129000.0,
        "Total Revenue": 125810000.0,
        "Operating Revenue": 125810000.0
    },
    "2023-12-31": {
        "Tax Effect Of Unusual Items": 0.0,
        "Tax Rate For Calcs": 0.21,
        "Normalized EBITDA": -33961000.0,
        "Net Income From Continuing Operation Net Minority Interest": -28579000.0,
        "Reconciled Depreciation": 136000.0,
        "Reconciled Cost Of Revenue": 10702000.0,
        "EBITDA": -33961000.0,
        "EBIT": -34097000.0,
        "Net Interest Income": 5966000.0,
        "Interest Income": 5966000.0,
        "Normalized Income": -28579000.0,
        "Net Income From Continuing And Discontinued Operation": -28579000.0,
        "Total Expenses": 165603000.0,
        "Total Operating Income As Reported": -34097000.0,
        "Diluted Average Shares": 96285558.0,
        "Basic Average Shares": 96285558.0,
        "Diluted EPS": -0.3,
        "Basic EPS": -0.3,
        "Diluted NI Availto Com Stockholders": -28579000.0,
        "Net Income Common Stockholders": -28579000.0,
        "Net Income": -28579000.0,
        "Net Income Including Noncontrolling Interests": -28579000.0,
        "Net Income Continuous Operations": -28579000.0,
        "Tax Provision": 448000.0,
        "Pretax Income": -28131000.0,
        "Net Non Operating Interest Income Expense": 5966000.0,
        "Interest Income Non Operating": 5966000.0,
        "Operating Income": -34097000.0,
        "Operating Expense": 154901000.0,
        "Other Operating Expenses": -593000.0,
        "Research And Development": 50774000.0,
        "Selling General And Administration": 104720000.0,
        "Gross Profit": 120804000.0,
        "Cost Of Revenue": 10702000.0,
        "Total Revenue": 131506000.0,
        "Operating Revenue": 131506000.0
    },
    "2024-03-31": {
        "Tax Effect Of Unusual Items": 0.0,
        "Tax Rate For Calcs": 0.21,
        "Normalized EBITDA": -20820000.0,
        "Net Income From Continuing Operation Net Minority Interest": -15247000.0,
        "Reconciled Depreciation": 132000.0,
        "Reconciled Cost Of Revenue": 9900000.0,
        "EBITDA": -20820000.0,
        "EBIT": -20952000.0,
        "Net Interest Income": 6064000.0,
        "Interest Income": 6064000.0,
        "Normalized Income": -15247000.0,
        "Net Income From Continuing And Discontinued Operation": -15247000.0,
        "Total Expenses": 165795000.0,
        "Total Operating Income As Reported": -20952000.0,
        "Diluted Average Shares": 96875275.0,
        "Basic Average Shares": 96875275.0,
        "Diluted EPS": -0.16,
        "Basic EPS": -0.16,
        "Diluted NI Availto Com Stockholders": -15247000.0,
        "Net Income Common Stockholders": -15247000.0,
        "Net Income": -15247000.0,
        "Net Income Including Noncontrolling Interests": -15247000.0,
        "Net Income Continuous Operations": -15247000.0,
        "Tax Provision": 359000.0,
        "Pretax Income": -14888000.0,
        "Net Non Operating Interest Income Expense": 6064000.0,
        "Interest Income Non Operating": 6064000.0,
        "Operating Income": -20952000.0,
        "Operating Expense": 155895000.0,
        "Other Operating Expenses": -23000.0,
        "Research And Development": 42833000.0,
        "Selling General And Administration": 113085000.0,
        "Gross Profit": 134943000.0,
        "Cost Of Revenue": 9900000.0,
        "Total Revenue": 144843000.0,
        "Operating Revenue": 144843000.0
    },
    "2024-06-30": {
        "Tax Effect Of Unusual Items": 0.0,
        "Tax Rate For Calcs": 0.21,
        "Normalized EBITDA": -27594000.0,
        "Net Income From Continuing Operation Net Minority Interest": -16220000.0,
        "Reconciled Depreciation": 129000.0,
        "Reconciled Cost Of Revenue": 11354000.0,
        "EBITDA": -27594000.0,
        "EBIT": -27723000.0,
        "Net Interest Income": 11560000.0,
        "Interest Income": 11560000.0,
        "Normalized Income": -16220000.0,
        "Net Income From Continuing And Discontinued Operation": -16220000.0,
        "Total Expenses": 188999000.0,
        "Total Operating Income As Reported": -27723000.0,
        "Diluted Average Shares": 103723007.0,
        "Basic Average Shares": 103723007.0,
        "Diluted EPS": -0.16,
        "Basic EPS": -0.16,
        "Diluted NI Availto Com Stockholders": -16220000.0,
        "Net Income Common Stockholders": -16220000.0,
        "Net Income": -16220000.0,
        "Net Income Including Noncontrolling Interests": -16220000.0,
        "Net Income Continuous Operations": -16220000.0,
        "Tax Provision": 57000.0,
        "Pretax Income": -16163000.0,
        "Net Non Operating Interest Income Expense": 11560000.0,
        "Interest Income Non Operating": 11560000.0,
        "Operating Income": -27723000.0,
        "Operating Expense": 177645000.0,
        "Other Operating Expenses": -112000.0,
        "Research And Development": 56183000.0,
        "Selling General And Administration": 121574000.0,
        "Gross Profit": 149922000.0,
        "Cost Of Revenue": 11354000.0,
        "Total Revenue": 161276000.0,
        "Operating Revenue": 161276000.0
    },
    "2024-09-30": {
        "Tax Effect Of Unusual Items": 0.0,
        "Tax Rate For Calcs": 0.21,
        "Normalized EBITDA": -38711000.0,
        "Net Income From Continuing Operation Net Minority Interest": -26324000.0,
        "Reconciled Depreciation": 138000.0,
        "Reconciled Cost Of Revenue": 15304000.0,
        "EBITDA": -38711000.0,
        "EBIT": -38849000.0,
        "Net Interest Income": 12899000.0,
        "Interest Income": 12899000.0,
        "Normalized Income": -26324000.0,
        "Net Income From Continuing And Discontinued Operation": -26324000.0,
        "Total Expenses": 214008000.0,
        "Total Operating Income As Reported": -38849000.0,
        "Diluted Average Shares": 105768386.0,
        "Basic Average Shares": 105768386.0,
        "Diluted EPS": -0.25,
        "Basic EPS": -0.25,
        "Diluted NI Availto Com Stockholders": -26324000.0,
        "Net Income Common Stockholders": -26324000.0,
        "Net Income": -26324000.0,
        "Net Income Including Noncontrolling Interests": -26324000.0,
        "Net Income Continuous Operations": -26324000.0,
        "Tax Provision": 374000.0,
        "Pretax Income": -25950000.0,
        "Net Non Operating Interest Income Expense": 12899000.0,
        "Interest Income Non Operating": 12899000.0,
        "Operating Income": -38849000.0,
        "Operating Expense": 198704000.0,
        "Other Operating Expenses": -216000.0,
        "Research And Development": 66819000.0,
        "Selling General And Administration": 132101000.0,
        "Gross Profit": 159855000.0,
        "Cost Of Revenue": 15304000.0,
        "Total Revenue": 175159000.0,
        "Operating Revenue": 175159000.0
    }
}