{
    "2023-03-31": {
        "Tax Effect Of Unusual Items": NaN,
        "Tax Rate For Calcs": NaN,
        "Total Unusual Items": NaN,
        "Total Unusual Items Excluding Goodwill": NaN,
        "Net Income From Continuing Operation Net Minority Interest": NaN,
        "Reconciled Depreciation": NaN,
        "Net Interest Income": NaN,
        "Interest Expense": NaN,
        "Interest Income": NaN,
        "Normalized Income": NaN,
        "Net Income From Continuing And Discontinued Operation": NaN,
        "Diluted Average Shares": NaN,
        "Basic Average Shares": NaN,
        "Diluted EPS": NaN,
        "Basic EPS": NaN,
        "Diluted NI Availto Com Stockholders": NaN,
        "Average Dilution Earnings": NaN,
        "Net Income Common Stockholders": NaN,
        "Otherunder Preferred Stock Dividend": NaN,
        "Preferred Stock Dividends": NaN,
        "Net Income": NaN,
        "Minority Interests": NaN,
        "Net Income Including Noncontrolling Interests": NaN,
        "Net Income Continuous Operations": NaN,
        "Tax Provision": NaN,
        "Pretax Income": NaN,
        "Special Income Charges": NaN,
        "Other Special Charges": NaN,
        "Impairment Of Capital Assets": 14000000.0,
        "Gain On Sale Of Security": NaN,
        "Depreciation Amortization Depletion Income Statement": NaN,
        "Depreciation And Amortization In Income Statement": NaN,
        "Selling General And Administration": NaN,
        "Selling And Marketing Expense": NaN,
        "General And Administrative Expense": NaN,
        "Other Gand A": NaN,
        "Insurance And Claims": 228000000.0,
        "Salaries And Wages": NaN,
        "Total Revenue": NaN,
        "Operating Revenue": NaN,
        "Other Non Interest Expense": NaN
    },
    "2022-12-31": {
        "Tax Effect Of Unusual Items": NaN,
        "Tax Rate For Calcs": NaN,
        "Total Unusual Items": NaN,
        "Total Unusual Items Excluding Goodwill": NaN,
        "Net Income From Continuing Operation Net Minority Interest": NaN,
        "Reconciled Depreciation": NaN,
        "Net Interest Income": NaN,
        "Interest Expense": NaN,
        "Interest Income": NaN,
        "Normalized Income": NaN,
        "Net Income From Continuing And Discontinued Operation": NaN,
        "Diluted Average Shares": NaN,
        "Basic Average Shares": NaN,
        "Diluted EPS": NaN,
        "Basic EPS": NaN,
        "Diluted NI Availto Com Stockholders": NaN,
        "Average Dilution Earnings": NaN,
        "Net Income Common Stockholders": NaN,
        "Otherunder Preferred Stock Dividend": NaN,
        "Preferred Stock Dividends": NaN,
        "Net Income": NaN,
        "Minority Interests": NaN,
        "Net Income Including Noncontrolling Interests": NaN,
        "Net Income Continuous Operations": NaN,
        "Tax Provision": NaN,
        "Pretax Income": NaN,
        "Special Income Charges": NaN,
        "Other Special Charges": NaN,
        "Impairment Of Capital Assets": NaN,
        "Gain On Sale Of Security": NaN,
        "Depreciation Amortization Depletion Income Statement": NaN,
        "Depreciation And Amortization In Income Statement": NaN,
        "Selling General And Administration": NaN,
        "Selling And Marketing Expense": NaN,
        "General And Administrative Expense": NaN,
        "Other Gand A": NaN,
        "Insurance And Claims": 412000000.0,
        "Salaries And Wages": NaN,
        "Total Revenue": NaN,
        "Operating Revenue": NaN,
        "Other Non Interest Expense": NaN
    },
    "2022-09-30": {
        "Tax Effect Of Unusual Items": NaN,
        "Tax Rate For Calcs": NaN,
        "Total Unusual Items": NaN,
        "Total Unusual Items Excluding Goodwill": NaN,
        "Net Income From Continuing Operation Net Minority Interest": NaN,
        "Reconciled Depreciation": NaN,
        "Net Interest Income": NaN,
        "Interest Expense": NaN,
        "Interest Income": NaN,
        "Normalized Income": NaN,
        "Net Income From Continuing And Discontinued Operation": NaN,
        "Diluted Average Shares": 9860184021.0,
        "Basic Average Shares": 9800862791.0,
        "Diluted EPS": 0.81,
        "Basic EPS": 0.81,
        "Diluted NI Availto Com Stockholders": NaN,
        "Average Dilution Earnings": 0.0,
        "Net Income Common Stockholders": NaN,
        "Otherunder Preferred Stock Dividend": 109000000.0,
        "Preferred Stock Dividends": 106000000.0,
        "Net Income": NaN,
        "Minority Interests": NaN,
        "Net Income Including Noncontrolling Interests": NaN,
        "Net Income Continuous Operations": NaN,
        "Tax Provision": NaN,
        "Pretax Income": NaN,
        "Special Income Charges": NaN,
        "Other Special Charges": NaN,
        "Impairment Of Capital Assets": 7000000.0,
        "Gain On Sale Of Security": NaN,
        "Depreciation Amortization Depletion Income Statement": NaN,
        "Depreciation And Amortization In Income Statement": NaN,
        "Selling General And Administration": NaN,
        "Selling And Marketing Expense": NaN,
        "General And Administrative Expense": NaN,
        "Other Gand A": NaN,
        "Insurance And Claims": 412000000.0,
        "Salaries And Wages": NaN,
        "Total Revenue": NaN,
        "Operating Revenue": NaN
    },
    "2022-06-30": {
        "Tax Effect Of Unusual Items": -70797381.116471,
        "Tax Rate For Calcs": 0.235207,
        "Total Unusual Items": -301000000.0,
        "Total Unusual Items Excluding Goodwill": -301000000.0,
        "Net Income From Continuing Operation Net Minority Interest": 7456000000.0,
        "Reconciled Depreciation": 1186000000.0,
        "Net Interest Income": 22509000000.0,
        "Interest Expense": 25162000000.0,
        "Interest Income": 47671000000.0,
        "Normalized Income": 7686202618.883529,
        "Net Income From Continuing And Discontinued Operation": 7456000000.0,
        "Diluted Average Shares": 9857382437.0,
        "Basic Average Shares": 9801043157.0,
        "Diluted EPS": 0.74,
        "Basic EPS": 0.74,
        "Diluted NI Availto Com Stockholders": 7456000000.0,
        "Net Income Common Stockholders": 7456000000.0,
        "Net Income": 7456000000.0,
        "Minority Interests": -312000000.0,
        "Net Income Including Noncontrolling Interests": 7768000000.0,
        "Net Income Continuous Operations": 7768000000.0,
        "Tax Provision": 2389000000.0,
        "Pretax Income": 10157000000.0,
        "Special Income Charges": -284000000.0,
        "Other Special Charges": 283000000.0,
        "Impairment Of Capital Assets": 1000000.0,
        "Gain On Sale Of Security": 11559000000.0,
        "Depreciation Amortization Depletion Income Statement": 1293000000.0,
        "Depreciation And Amortization In Income Statement": 1293000000.0,
        "Selling General And Administration": 12071000000.0,
        "Selling And Marketing Expense": 423000000.0,
        "General And Administrative Expense": 11648000000.0,
        "Other Gand A": 4131000000.0,
        "Insurance And Claims": 338000000.0,
        "Salaries And Wages": 7179000000.0,
        "Total Revenue": 34539000000.0,
        "Operating Revenue": 34539000000.0
    },
    "2022-03-31": {
        "Diluted EPS": 0.13,
        "Total Revenue": NaN,
        "Gross Profit": NaN,
        "Operating Income": NaN,
        "EBIT": NaN,
        "Net Income": NaN
    },
    "2021-12-31": {
        "Diluted EPS": 0.12,
        "Total Revenue": NaN,
        "Gross Profit": NaN,
        "Operating Income": NaN,
        "EBIT": NaN,
        "Net Income": NaN
    },
    "2021-09-30": {
        "Diluted EPS": 0.12,
        "Total Revenue": NaN,
        "Gross Profit": NaN,
        "Operating Income": 875,
        "EBIT": NaN,
        "Net Income": NaN
    },
    "2021-06-30": {
        "Diluted EPS": 0.16,
        "Total Revenue": NaN,
        "Gross Profit": NaN,
        "Operating Income": NaN,
        "EBIT": NaN,
        "Net Income": NaN
    },
    "2021-03-31": {
        "Diluted EPS": 0.11,
        "Total Revenue": NaN,
        "Gross Profit": NaN,
        "Operating Income": NaN,
        "EBIT": NaN,
        "Net Income": NaN
    },
    "2020-12-31": {
        "Diluted EPS": 0.17,
        "Total Revenue": NaN,
        "Gross Profit": NaN,
        "Operating Income": NaN,
        "EBIT": NaN,
        "Net Income": NaN
    },
    "2020-09-30": {
        "Diluted EPS": 0.09,
        "Total Revenue": NaN,
        "Gross Profit": NaN,
        "Operating Income": 905,
        "EBIT": NaN,
        "Net Income": 881
    },
    "2020-06-30": {
        "Diluted EPS": 0.03,
        "Total Revenue": NaN,
        "Gross Profit": NaN,
        "Operating Income": -790,
        "EBIT": NaN,
        "Net Income": 321
    },
    "2020-03-31": {
        "Diluted EPS": 0.08,
        "Total Revenue": NaN,
        "Gross Profit": NaN,
        "Operating Income": NaN,
        "EBIT": NaN,
        "Net Income": 781
    },
    "2019-12-31": {
        "Diluted EPS": 0.22,
        "Total Revenue": NaN,
        "Gross Profit": NaN,
        "Operating Income": NaN,
        "EBIT": NaN,
        "Net Income": NaN
    },
    "2019-09-30": {
        "Diluted EPS": 0.13,
        "Total Revenue": NaN,
        "Gross Profit": NaN,
        "Operating Income": NaN,
        "EBIT": NaN,
        "Net Income": NaN
    },
    "2019-06-30": {
        "Diluted EPS": 0.17,
        "Total Revenue": NaN,
        "Gross Profit": NaN,
        "Operating Income": NaN,
        "EBIT": NaN,
        "Net Income": NaN
    },
    "2019-03-31": {
        "Diluted EPS": 0.18,
        "Total Revenue": NaN,
        "Gross Profit": NaN,
        "Operating Income": NaN,
        "EBIT": NaN,
        "Net Income": NaN
    },
    "2018-12-31": {
        "Diluted EPS": 0.01,
        "Total Revenue": NaN,
        "Gross Profit": NaN,
        "Operating Income": NaN,
        "EBIT": NaN,
        "Net Income": NaN
    },
    "2018-09-30": {
        "Diluted EPS": 0.16,
        "Total Revenue": NaN,
        "Gross Profit": NaN,
        "Operating Income": NaN,
        "EBIT": NaN,
        "Net Income": NaN
    },
    "2018-06-30": {
        "Diluted EPS": 0.33,
        "Total Revenue": NaN,
        "Gross Profit": NaN,
        "Operating Income": 661,
        "EBIT": NaN,
        "Net Income": NaN
    },
    "2018-03-31": {
        "Diluted EPS": 0.2,
        "Total Revenue": NaN,
        "Gross Profit": NaN,
        "Operating Income": NaN,
        "EBIT": NaN,
        "Net Income": NaN
    },
    "2017-12-31": {
        "Diluted EPS": 0.17,
        "Total Revenue": NaN,
        "Gross Profit": NaN,
        "Operating Income": NaN,
        "EBIT": NaN,
        "Net Income": NaN
    },
    "2017-09-30": {
        "Diluted EPS": 0.19,
        "Total Revenue": NaN,
        "Gross Profit": NaN,
        "Operating Income": NaN,
        "EBIT": NaN,
        "Net Income": NaN
    },
    "2017-06-30": {
        "Diluted EPS": 0.21,
        "Total Revenue": NaN,
        "Gross Profit": NaN,
        "Operating Income": NaN,
        "EBIT": NaN,
        "Net Income": NaN
    },
    "2017-03-31": {
        "Diluted EPS": 0.2,
        "Total Revenue": NaN,
        "Gross Profit": NaN,
        "Operating Income": NaN,
        "EBIT": NaN,
        "Net Income": NaN
    },
    "2016-12-31": {
        "Diluted EPS": 0.18,
        "Total Revenue": NaN,
        "Gross Profit": NaN,
        "Operating Income": NaN,
        "EBIT": NaN,
        "Net Income": NaN
    },
    "2016-09-30": {
        "Diluted EPS": 0.18,
        "Total Revenue": NaN,
        "Gross Profit": NaN,
        "Operating Income": NaN,
        "EBIT": NaN,
        "Net Income": NaN
    },
    "2016-06-30": {
        "Diluted EPS": 0.18,
        "Total Revenue": NaN,
        "Gross Profit": NaN,
        "Operating Income": NaN,
        "EBIT": NaN,
        "Net Income": NaN
    },
    "2016-03-31": {
        "Diluted EPS": 0.15,
        "Total Revenue": NaN,
        "Gross Profit": NaN,
        "Operating Income": NaN,
        "EBIT": NaN,
        "Net Income": NaN
    },
    "2015-12-31": {
        "Diluted EPS": 0.14,
        "Total Revenue": NaN,
        "Gross Profit": NaN,
        "Operating Income": NaN,
        "EBIT": NaN,
        "Net Income": NaN
    },
    "2015-09-30": {
        "Diluted EPS": 0.27,
        "Total Revenue": NaN,
        "Gross Profit": NaN,
        "Operating Income": -387,
        "EBIT": NaN,
        "Net Income": NaN
    },
    "2015-06-30": {
        "Diluted EPS": 0.19,
        "Total Revenue": NaN,
        "Gross Profit": NaN,
        "Operating Income": NaN,
        "EBIT": NaN,
        "Net Income": NaN
    },
    "2015-03-31": {
        "Diluted EPS": 0.2,
        "Total Revenue": NaN,
        "Gross Profit": NaN,
        "Operating Income": NaN,
        "EBIT": NaN,
        "Net Income": NaN
    },
    "2014-12-31": {
        "Diluted EPS": 0.25,
        "Total Revenue": NaN,
        "Gross Profit": NaN,
        "Operating Income": NaN,
        "EBIT": NaN,
        "Net Income": NaN
    },
    "2014-09-30": {
        "Diluted EPS": 0.26,
        "Total Revenue": NaN,
        "Gross Profit": NaN,
        "Operating Income": NaN,
        "EBIT": NaN,
        "Net Income": NaN
    },
    "2014-06-30": {
        "Diluted EPS": 0.22,
        "Total Revenue": NaN,
        "Gross Profit": NaN,
        "Operating Income": NaN,
        "EBIT": NaN,
        "Net Income": NaN
    },
    "2014-03-31": {
        "Diluted EPS": 0.19,
        "Total Revenue": NaN,
        "Gross Profit": NaN,
        "Operating Income": NaN,
        "EBIT": NaN,
        "Net Income": NaN
    },
    "2013-12-31": {
        "Diluted EPS": 0.22,
        "Total Revenue": NaN,
        "Gross Profit": NaN,
        "Operating Income": NaN,
        "EBIT": NaN,
        "Net Income": NaN
    },
    "2013-09-30": {
        "Diluted EPS": 0.19,
        "Total Revenue": NaN,
        "Gross Profit": NaN,
        "Operating Income": NaN,
        "EBIT": NaN,
        "Net Income": NaN
    },
    "2013-06-30": {
        "Diluted EPS": 0.18,
        "Total Revenue": NaN,
        "Gross Profit": NaN,
        "Operating Income": NaN,
        "EBIT": NaN,
        "Net Income": NaN
    },
    "2013-03-31": {
        "Diluted EPS": 0.18,
        "Total Revenue": NaN,
        "Gross Profit": NaN,
        "Operating Income": NaN,
        "EBIT": NaN,
        "Net Income": NaN
    },
    "2012-12-31": {
        "Diluted EPS": 0.17,
        "Total Revenue": NaN,
        "Gross Profit": NaN,
        "Operating Income": NaN,
        "EBIT": NaN,
        "Net Income": NaN
    },
    "2012-09-30": {
        "Diluted EPS": 0.16,
        "Total Revenue": NaN,
        "Gross Profit": NaN,
        "Operating Income": NaN,
        "EBIT": NaN,
        "Net Income": NaN
    },
    "2012-06-30": {
        "Diluted EPS": 0.17,
        "Total Revenue": NaN,
        "Gross Profit": NaN,
        "Operating Income": NaN,
        "EBIT": NaN,
        "Net Income": NaN
    },
    "2012-03-31": {
        "Diluted EPS": 0.16,
        "Total Revenue": NaN,
        "Gross Profit": NaN,
        "Operating Income": NaN,
        "EBIT": NaN,
        "Net Income": NaN
    },
    "2011-12-31": {
        "Diluted EPS": 0.22,
        "Total Revenue": NaN,
        "Gross Profit": NaN,
        "Operating Income": NaN,
        "EBIT": NaN,
        "Net Income": NaN
    },
    "2011-09-30": {
        "Diluted EPS": 0.21,
        "Total Revenue": NaN,
        "Gross Profit": NaN,
        "Operating Income": NaN,
        "EBIT": NaN,
        "Net Income": NaN
    },
    "2011-06-30": {
        "Diluted EPS": 0.21,
        "Total Revenue": NaN,
        "Gross Profit": NaN,
        "Operating Income": NaN,
        "EBIT": NaN,
        "Net Income": NaN
    },
    "2011-03-31": {
        "Diluted EPS": 0.21,
        "Total Revenue": NaN,
        "Gross Profit": NaN,
        "Operating Income": NaN,
        "EBIT": NaN,
        "Net Income": NaN
    },
    "2010-12-31": {
        "Diluted EPS": 0.23,
        "Total Revenue": NaN,
        "Gross Profit": NaN,
        "Operating Income": NaN,
        "EBIT": NaN,
        "Net Income": NaN
    },
    "2010-09-30": {
        "Diluted EPS": 0.18,
        "Total Revenue": NaN,
        "Gross Profit": NaN,
        "Operating Income": NaN,
        "EBIT": NaN,
        "Net Income": NaN
    },
    "2010-06-30": {
        "Diluted EPS": 0.19,
        "Total Revenue": NaN,
        "Gross Profit": NaN,
        "Operating Income": NaN,
        "EBIT": NaN,
        "Net Income": NaN
    },
    "2010-03-31": {
        "Diluted EPS": 0.19,
        "Total Revenue": NaN,
        "Gross Profit": NaN,
        "Operating Income": NaN,
        "EBIT": NaN,
        "Net Income": NaN
    },
    "2009-12-31": {
        "Diluted EPS": 0.17,
        "Total Revenue": NaN,
        "Gross Profit": NaN,
        "Operating Income": NaN,
        "EBIT": NaN,
        "Net Income": NaN
    },
    "2009-09-30": {
        "Diluted EPS": 0.13,
        "Total Revenue": NaN,
        "Gross Profit": NaN,
        "Operating Income": NaN,
        "EBIT": NaN,
        "Net Income": NaN
    },
    "2009-06-30": {
        "Diluted EPS": 0.14,
        "Total Revenue": NaN,
        "Gross Profit": NaN,
        "Operating Income": NaN,
        "EBIT": NaN,
        "Net Income": NaN
    },
    "2009-03-31": {
        "Diluted EPS": 0.09,
        "Total Revenue": NaN,
        "Gross Profit": NaN,
        "Operating Income": -298,
        "EBIT": NaN,
        "Net Income": 874
    },
    "2023-06-30": {
        "Tax Effect Of Unusual Items": NaN,
        "Tax Rate For Calcs": NaN,
        "Total Unusual Items": -712000000.0,
        "Total Unusual Items Excluding Goodwill": -712000000.0,
        "Net Income From Continuing Operation Net Minority Interest": NaN,
        "Reconciled Depreciation": NaN,
        "Net Interest Income": NaN,
        "Interest Expense": NaN,
        "Interest Income": NaN,
        "Normalized Income": NaN,
        "Net Income From Continuing And Discontinued Operation": NaN,
        "Diluted Average Shares": 9870682968.0,
        "Basic Average Shares": 9799944273.0,
        "Diluted EPS": 0.87,
        "Basic EPS": 0.88,
        "Diluted NI Availto Com Stockholders": NaN,
        "Average Dilution Earnings": NaN,
        "Net Income Common Stockholders": NaN,
        "Otherunder Preferred Stock Dividend": NaN,
        "Preferred Stock Dividends": NaN,
        "Net Income": NaN,
        "Minority Interests": NaN,
        "Net Income Including Noncontrolling Interests": NaN,
        "Net Income Continuous Operations": NaN,
        "Tax Provision": NaN,
        "Pretax Income": NaN,
        "Special Income Charges": -666000000.0,
        "Other Special Charges": 642000000.0,
        "Impairment Of Capital Assets": 24000000.0,
        "Gain On Sale Of Security": NaN,
        "Depreciation Amortization Depletion Income Statement": 1679000000.0,
        "Depreciation And Amortization In Income Statement": 1679000000.0,
        "Selling General And Administration": NaN,
        "Selling And Marketing Expense": 481000000.0,
        "General And Administrative Expense": NaN,
        "Other Gand A": NaN,
        "Insurance And Claims": 241000000.0,
        "Salaries And Wages": 8081000000.0,
        "Total Revenue": NaN,
        "Operating Revenue": NaN,
        "Other Non Interest Expense": NaN
    },
    "2023-09-30": {
        "Tax Effect Of Unusual Items": NaN,
        "Tax Rate For Calcs": NaN,
        "Total Unusual Items": -1777000000.0,
        "Total Unusual Items Excluding Goodwill": -1777000000.0,
        "Net Income From Continuing Operation Net Minority Interest": NaN,
        "Reconciled Depreciation": NaN,
        "Net Interest Income": NaN,
        "Interest Expense": NaN,
        "Interest Income": NaN,
        "Normalized Income": NaN,
        "Net Income From Continuing And Discontinued Operation": NaN,
        "Diluted Average Shares": 10816235294.0,
        "Basic Average Shares": 10816235294.0,
        "Diluted EPS": 0.772727,
        "Basic EPS": 0.772727,
        "Diluted NI Availto Com Stockholders": NaN,
        "Average Dilution Earnings": 0.0,
        "Net Income Common Stockholders": NaN,
        "Otherunder Preferred Stock Dividend": 109000000.0,
        "Preferred Stock Dividends": 106000000.0,
        "Net Income": NaN,
        "Minority Interests": NaN,
        "Net Income Including Noncontrolling Interests": NaN,
        "Net Income Continuous Operations": NaN,
        "Tax Provision": NaN,
        "Pretax Income": NaN,
        "Special Income Charges": -314000000.0,
        "Other Special Charges": 308000000.0,
        "Impairment Of Capital Assets": 6000000.0,
        "Gain On Sale Of Security": NaN,
        "Depreciation Amortization Depletion Income Statement": 1572000000.0,
        "Depreciation And Amortization In Income Statement": 1572000000.0,
        "Selling General And Administration": NaN,
        "Selling And Marketing Expense": 535000000.0,
        "General And Administrative Expense": NaN,
        "Other Gand A": NaN,
        "Insurance And Claims": NaN,
        "Salaries And Wages": 8365000000.0,
        "Total Revenue": NaN,
        "Operating Revenue": NaN,
        "Other Non Interest Expense": NaN
    },
    "2023-12-31": {
        "Tax Effect Of Unusual Items": NaN,
        "Tax Rate For Calcs": NaN,
        "Total Unusual Items": -807000000.0,
        "Total Unusual Items Excluding Goodwill": -807000000.0,
        "Net Income From Continuing Operation Net Minority Interest": NaN,
        "Reconciled Depreciation": NaN,
        "Net Interest Income": NaN,
        "Interest Expense": NaN,
        "Interest Income": NaN,
        "Normalized Income": NaN,
        "Net Income From Continuing And Discontinued Operation": NaN,
        "Diluted Average Shares": NaN,
        "Basic Average Shares": NaN,
        "Diluted EPS": NaN,
        "Basic EPS": NaN,
        "Diluted NI Availto Com Stockholders": NaN,
        "Net Income Common Stockholders": NaN,
        "Net Income": NaN,
        "Minority Interests": NaN,
        "Net Income Including Noncontrolling Interests": NaN,
        "Net Income Continuous Operations": NaN,
        "Tax Provision": NaN,
        "Pretax Income": NaN,
        "Special Income Charges": -752000000.0,
        "Other Special Charges": 458000000.0,
        "Write Off": 294000000.0,
        "Impairment Of Capital Assets": NaN,
        "Gain On Sale Of Security": NaN,
        "Depreciation Amortization Depletion Income Statement": 1633000000.0,
        "Depreciation And Amortization In Income Statement": 1633000000.0,
        "Selling General And Administration": NaN,
        "Selling And Marketing Expense": 568000000.0,
        "General And Administrative Expense": NaN,
        "Other Gand A": NaN,
        "Insurance And Claims": NaN,
        "Salaries And Wages": 8316000000.0,
        "Total Revenue": NaN,
        "Operating Revenue": NaN,
        "Other Non Interest Expense": NaN
    },
    "2024-03-31": {
        "Tax Effect Of Unusual Items": NaN,
        "Tax Rate For Calcs": NaN,
        "Total Unusual Items": -695000000.0,
        "Total Unusual Items Excluding Goodwill": -695000000.0,
        "Net Income From Continuing Operation Net Minority Interest": NaN,
        "Reconciled Depreciation": NaN,
        "Net Interest Income": NaN,
        "Interest Expense": NaN,
        "Interest Income": NaN,
        "Normalized Income": NaN,
        "Net Income From Continuing And Discontinued Operation": NaN,
        "Diluted Average Shares": NaN,
        "Basic Average Shares": NaN,
        "Diluted EPS": NaN,
        "Basic EPS": NaN,
        "Diluted NI Availto Com Stockholders": NaN,
        "Net Income Common Stockholders": NaN,
        "Net Income": NaN,
        "Minority Interests": NaN,
        "Net Income Including Noncontrolling Interests": NaN,
        "Net Income Continuous Operations": NaN,
        "Tax Provision": NaN,
        "Pretax Income": NaN,
        "Special Income Charges": -323000000.0,
        "Other Special Charges": 323000000.0,
        "Write Off": 12000000.0,
        "Impairment Of Capital Assets": 12000000.0,
        "Gain On Sale Of Security": NaN,
        "Depreciation Amortization Depletion Income Statement": 1722000000.0,
        "Depreciation And Amortization In Income Statement": 1722000000.0,
        "Selling General And Administration": NaN,
        "Selling And Marketing Expense": 513000000.0,
        "General And Administrative Expense": NaN,
        "Other Gand A": NaN,
        "Insurance And Claims": 203000000.0,
        "Salaries And Wages": 8276000000.0,
        "Total Revenue": NaN,
        "Operating Revenue": NaN,
        "Other Non Interest Expense": NaN
    },
    "2024-06-30": {
        "Tax Effect Of Unusual Items": NaN,
        "Tax Rate For Calcs": NaN,
        "Total Unusual Items": -999000000.0,
        "Total Unusual Items Excluding Goodwill": -999000000.0,
        "Net Income From Continuing Operation Net Minority Interest": NaN,
        "Reconciled Depreciation": NaN,
        "Net Interest Income": NaN,
        "Interest Expense": NaN,
        "Interest Income": NaN,
        "Normalized Income": NaN,
        "Net Income From Continuing And Discontinued Operation": NaN,
        "Diluted Average Shares": 10854134901.0,
        "Basic Average Shares": 10772816863.0,
        "Diluted EPS": 0.93,
        "Basic EPS": 0.94,
        "Diluted NI Availto Com Stockholders": NaN,
        "Net Income Common Stockholders": NaN,
        "Net Income": NaN,
        "Minority Interests": NaN,
        "Net Income Including Noncontrolling Interests": NaN,
        "Net Income Continuous Operations": NaN,
        "Tax Provision": NaN,
        "Pretax Income": NaN,
        "Special Income Charges": -543000000.0,
        "Other Special Charges": 543000000.0,
        "Write Off": 9000000.0,
        "Impairment Of Capital Assets": 9000000.0,
        "Gain On Sale Of Security": NaN,
        "Depreciation Amortization Depletion Income Statement": 1737000000.0,
        "Depreciation And Amortization In Income Statement": 1737000000.0,
        "Selling General And Administration": NaN,
        "Selling And Marketing Expense": 480000000.0,
        "General And Administrative Expense": NaN,
        "Other Gand A": NaN,
        "Insurance And Claims": 194000000.0,
        "Salaries And Wages": 8346000000.0,
        "Total Revenue": NaN,
        "Operating Revenue": NaN,
        "Other Non Interest Expense": NaN
    },
    "2024-09-30": {
        "Tax Effect Of Unusual Items": 0.0,
        "Tax Rate For Calcs": 0.34,
        "Total Unusual Items": NaN,
        "Total Unusual Items Excluding Goodwill": NaN,
        "Net Income From Continuing Operation Net Minority Interest": 10366000000.0,
        "Reconciled Depreciation": 2203000000.0,
        "Net Interest Income": 16651000000.0,
        "Interest Expense": 37291000000.0,
        "Interest Income": 53942000000.0,
        "Normalized Income": 10366000000.0,
        "Net Income From Continuing And Discontinued Operation": 10366000000.0,
        "Diluted Average Shares": 10859619048.0,
        "Basic Average Shares": 10757169811.0,
        "Diluted EPS": 0.954545,
        "Basic EPS": 0.963636,
        "Diluted NI Availto Com Stockholders": 10366000000.0,
        "Net Income Common Stockholders": 10366000000.0,
        "Net Income": 10366000000.0,
        "Minority Interests": -229000000.0,
        "Net Income Including Noncontrolling Interests": 10595000000.0,
        "Net Income Continuous Operations": 10595000000.0,
        "Tax Provision": -587000000.0,
        "Pretax Income": 10008000000.0,
        "Special Income Charges": NaN,
        "Other Special Charges": NaN,
        "Write Off": NaN,
        "Impairment Of Capital Assets": NaN,
        "Gain On Sale Of Security": 4910000000.0,
        "Depreciation Amortization Depletion Income Statement": NaN,
        "Depreciation And Amortization In Income Statement": NaN,
        "Selling General And Administration": 23058000000.0,
        "Selling And Marketing Expense": NaN,
        "General And Administrative Expense": 23058000000.0,
        "Other Gand A": 23058000000.0,
        "Insurance And Claims": NaN,
        "Salaries And Wages": NaN,
        "Total Revenue": 40214000000.0,
        "Operating Revenue": 40214000000.0,
        "Other Non Interest Expense": 2583000000.0
    },
    "2024-12-31": {
        "Tax Effect Of Unusual Items": 0.0,
        "Tax Rate For Calcs": 0.149618,
        "Total Unusual Items": NaN,
        "Total Unusual Items Excluding Goodwill": NaN,
        "Net Income From Continuing Operation Net Minority Interest": 10835000000.0,
        "Reconciled Depreciation": 1141000000.0,
        "Net Interest Income": 19034000000.0,
        "Interest Expense": 48299000000.0,
        "Interest Income": 67333000000.0,
        "Normalized Income": 10835000000.0,
        "Net Income From Continuing And Discontinued Operation": 10835000000.0,
        "Diluted Average Shares": NaN,
        "Basic Average Shares": NaN,
        "Diluted EPS": NaN,
        "Basic EPS": NaN,
        "Diluted NI Availto Com Stockholders": 10835000000.0,
        "Net Income Common Stockholders": 10835000000.0,
        "Net Income": 10835000000.0,
        "Minority Interests": -288000000.0,
        "Net Income Including Noncontrolling Interests": 11123000000.0,
        "Net Income Continuous Operations": 11123000000.0,
        "Tax Provision": 1957000000.0,
        "Pretax Income": 13080000000.0,
        "Special Income Charges": NaN,
        "Other Special Charges": NaN,
        "Write Off": NaN,
        "Impairment Of Capital Assets": NaN,
        "Gain On Sale Of Security": 8518000000.0,
        "Depreciation Amortization Depletion Income Statement": NaN,
        "Depreciation And Amortization In Income Statement": NaN,
        "Selling General And Administration": -6534000000.0,
        "Selling And Marketing Expense": NaN,
        "General And Administrative Expense": -8510000000.0,
        "Other Gand A": -44929000000.0,
        "Insurance And Claims": NaN,
        "Salaries And Wages": NaN,
        "Total Revenue": 33802000000.0,
        "Operating Revenue": 33802000000.0,
        "Other Non Interest Expense": 10339000000.0
    },
    "2025-03-31": {
        "Tax Effect Of Unusual Items": -57640512.223516,
        "Tax Rate For Calcs": 0.169034,
        "Total Unusual Items": -341000000.0,
        "Total Unusual Items Excluding Goodwill": -341000000.0,
        "Net Income From Continuing Operation Net Minority Interest": 10507000000.0,
        "Reconciled Depreciation": 1665000000.0,
        "Net Interest Income": 9496000000.0,
        "Interest Expense": 52474000000.0,
        "Interest Income": 61970000000.0,
        "Normalized Income": 10790359487.776484,
        "Net Income From Continuing And Discontinued Operation": 10507000000.0,
        "Diluted Average Shares": 10198819390.0,
        "Basic Average Shares": 10121006203.0,
        "Diluted EPS": 1.03,
        "Basic EPS": 1.04,
        "Diluted NI Availto Com Stockholders": 10507000000.0,
        "Net Income Common Stockholders": 10507000000.0,
        "Net Income": 10507000000.0,
        "Minority Interests": -200000000.0,
        "Net Income Including Noncontrolling Interests": 10707000000.0,
        "Net Income Continuous Operations": 10707000000.0,
        "Tax Provision": 2178000000.0,
        "Pretax Income": 12885000000.0,
        "Special Income Charges": -310000000.0,
        "Other Special Charges": 310000000.0,
        "Write Off": NaN,
        "Impairment Of Capital Assets": NaN,
        "Gain On Sale Of Security": 11842000000.0,
        "Depreciation Amortization Depletion Income Statement": 1838000000.0,
        "Depreciation And Amortization In Income Statement": 1838000000.0,
        "Selling General And Administration": 13415000000.0,
        "Selling And Marketing Expense": 423000000.0,
        "General And Administrative Expense": 12992000000.0,
        "Other Gand A": 4057000000.0,
        "Insurance And Claims": 227000000.0,
        "Salaries And Wages": 8708000000.0,
        "Total Revenue": 42592000000.0,
        "Operating Revenue": 42592000000.0,
        "Other Non Interest Expense": 5776000000.0
    },
    "2025-06-30": {
        "Tax Effect Of Unusual Items": -118660000.0,
        "Tax Rate For Calcs": 0.34,
        "Total Unusual Items": -349000000.0,
        "Total Unusual Items Excluding Goodwill": -349000000.0,
        "Net Income From Continuing Operation Net Minority Interest": 11137000000.0,
        "Reconciled Depreciation": 1632000000.0,
        "Net Interest Income": 1364000000.0,
        "Interest Expense": 63399000000.0,
        "Interest Income": 64763000000.0,
        "Normalized Income": 11367340000.0,
        "Net Income From Continuing And Discontinued Operation": 11137000000.0,
        "Diluted Average Shares": 10872445868.0,
        "Basic Average Shares": 10783924109.0,
        "Diluted EPS": 1.02,
        "Basic EPS": 1.03,
        "Diluted NI Availto Com Stockholders": 11137000000.0,
        "Net Income Common Stockholders": 11137000000.0,
        "Net Income": 11137000000.0,
        "Minority Interests": -261000000.0,
        "Net Income Including Noncontrolling Interests": 11398000000.0,
        "Net Income Continuous Operations": 11398000000.0,
        "Tax Provision": -1740000000.0,
        "Pretax Income": 9658000000.0,
        "Special Income Charges": -321000000.0,
        "Other Special Charges": 321000000.0,
        "Write Off": NaN,
        "Impairment Of Capital Assets": NaN,
        "Gain On Sale Of Security": 14532000000.0,
        "Depreciation Amortization Depletion Income Statement": 1804000000.0,
        "Depreciation And Amortization In Income Statement": 1804000000.0,
        "Selling General And Administration": 16957000000.0,
        "Selling And Marketing Expense": 459000000.0,
        "General And Administrative Expense": 16498000000.0,
        "Other Gand A": 6167000000.0,
        "Insurance And Claims": 134000000.0,
        "Salaries And Wages": 10197000000.0,
        "Total Revenue": 38368000000.0,
        "Operating Revenue": 38368000000.0,
        "Other Non Interest Expense": 1737000000.0
    },
    "2025-09-30": {
        "Tax Effect Of Unusual Items": -83561411.181573,
        "Tax Rate For Calcs": 0.154457,
        "Total Unusual Items": -541000000.0,
        "Total Unusual Items Excluding Goodwill": -541000000.0,
        "Net Income From Continuing Operation Net Minority Interest": 11306000000.0,
        "Reconciled Depreciation": 2242000000.0,
        "Net Interest Income": 17194000000.0,
        "Interest Expense": 53987000000.0,
        "Interest Income": 71181000000.0,
        "Normalized Income": 11763438588.818426,
        "Net Income From Continuing And Discontinued Operation": 11306000000.0,
        "Diluted Average Shares": 10847917309.0,
        "Basic Average Shares": 10758766458.0,
        "Diluted EPS": 1.04,
        "Basic EPS": 1.05,
        "Diluted NI Availto Com Stockholders": 11306000000.0,
        "Net Income Common Stockholders": 11306000000.0,
        "Net Income": 11306000000.0,
        "Minority Interests": -294000000.0,
        "Net Income Including Noncontrolling Interests": 11600000000.0,
        "Net Income Continuous Operations": 11600000000.0,
        "Tax Provision": 2119000000.0,
        "Pretax Income": 13719000000.0,
        "Special Income Charges": -491000000.0,
        "Other Special Charges": 491000000.0,
        "Write Off": NaN,
        "Impairment Of Capital Assets": NaN,
        "Gain On Sale Of Security": 14097000000.0,
        "Depreciation Amortization Depletion Income Statement": 1921000000.0,
        "Depreciation And Amortization In Income Statement": 1921000000.0,
        "Selling General And Administration": 15730000000.0,
        "Selling And Marketing Expense": 471000000.0,
        "General And Administrative Expense": 15259000000.0,
        "Other Gand A": 5385000000.0,
        "Insurance And Claims": 199000000.0,
        "Salaries And Wages": 9675000000.0,
        "Total Revenue": 42166000000.0,
        "Operating Revenue": 42166000000.0,
        "Other Non Interest Expense": 2727000000.0
    }
}