{
    "2023-03-31": {
        "Tax Effect Of Unusual Items": 0.0,
        "Tax Rate For Calcs": 0.226,
        "Normalized EBITDA": 1081000000.0,
        "Net Income From Continuing Operation Net Minority Interest": 714000000.0,
        "Reconciled Depreciation": 99000000.0,
        "Reconciled Cost Of Revenue": 2273000000.0,
        "EBITDA": 1081000000.0,
        "EBIT": 982000000.0,
        "Net Interest Income": -60000000.0,
        "Interest Expense": 60000000.0,
        "Normalized Income": 714000000.0,
        "Net Income From Continuing And Discontinued Operation": 714000000.0,
        "Total Expenses": 3047000000.0,
        "Total Operating Income As Reported": 972000000.0,
        "Diluted Average Shares": 306100000.0,
        "Basic Average Shares": 305000000.0,
        "Diluted EPS": 2.33,
        "Basic EPS": 2.34,
        "Diluted NI Availto Com Stockholders": 714000000.0,
        "Net Income Common Stockholders": 714000000.0,
        "Net Income": 714000000.0,
        "Net Income Including Noncontrolling Interests": 714000000.0,
        "Net Income Continuous Operations": 714000000.0,
        "Tax Provision": 208000000.0,
        "Pretax Income": 922000000.0,
        "Other Income Expense": 10000000.0,
        "Other Non Operating Income Expenses": 10000000.0,
        "Net Non Operating Interest Income Expense": -60000000.0,
        "Interest Expense Non Operating": 60000000.0,
        "Operating Income": 972000000.0,
        "Operating Expense": 706000000.0,
        "Depreciation Amortization Depletion Income Statement": 31000000.0,
        "Depreciation And Amortization In Income Statement": 31000000.0,
        "Amortization": 31000000.0,
        "Amortization Of Intangibles Income Statement": 31000000.0,
        "Selling General And Administration": 675000000.0,
        "Gross Profit": 1678000000.0,
        "Cost Of Revenue": 2341000000.0,
        "Total Revenue": 4019000000.0,
        "Operating Revenue": 4019000000.0
    },
    "2022-12-31": {
        "Tax Effect Of Unusual Items": 0.0,
        "Tax Rate For Calcs": 0.190901,
        "Normalized EBITDA": 1276000000.0,
        "Net Income From Continuing Operation Net Minority Interest": 907000000.0,
        "Reconciled Depreciation": 99000000.0,
        "Reconciled Cost Of Revenue": 2242000000.0,
        "EBITDA": 1276000000.0,
        "EBIT": 1177000000.0,
        "Net Interest Income": -34000000.0,
        "Interest Expense": 56000000.0,
        "Normalized Income": 907000000.0,
        "Net Income From Continuing And Discontinued Operation": 907000000.0,
        "Total Expenses": 2985000000.0,
        "Total Operating Income As Reported": 986000000.0,
        "Diluted Average Shares": 307900000.0,
        "Basic Average Shares": 306800000.0,
        "Diluted EPS": 2.95,
        "Basic EPS": 2.96,
        "Diluted NI Availto Com Stockholders": 907000000.0,
        "Net Income Common Stockholders": 907000000.0,
        "Net Income": 907000000.0,
        "Net Income Including Noncontrolling Interests": 907000000.0,
        "Net Income Continuous Operations": 907000000.0,
        "Tax Provision": 214000000.0,
        "Pretax Income": 1121000000.0,
        "Other Income Expense": 169000000.0,
        "Other Non Operating Income Expenses": -24000000.0,
        "Net Non Operating Interest Income Expense": -34000000.0,
        "Interest Expense Non Operating": 56000000.0,
        "Operating Income": 986000000.0,
        "Operating Expense": 676000000.0,
        "Depreciation Amortization Depletion Income Statement": 32000000.0,
        "Depreciation And Amortization In Income Statement": 32000000.0,
        "Amortization": 32000000.0,
        "Amortization Of Intangibles Income Statement": 32000000.0,
        "Selling General And Administration": 644000000.0,
        "Gross Profit": 1662000000.0,
        "Cost Of Revenue": 2309000000.0,
        "Total Revenue": 3971000000.0,
        "Operating Revenue": 3971000000.0
    },
    "2022-09-30": {
        "Tax Effect Of Unusual Items": 0.0,
        "Tax Rate For Calcs": 0.240334,
        "Normalized EBITDA": 1042000000.0,
        "Net Income From Continuing Operation Net Minority Interest": 727000000.0,
        "Reconciled Depreciation": 33000000.0,
        "Reconciled Cost Of Revenue": 2371000000.0,
        "EBITDA": 1042000000.0,
        "EBIT": 1009000000.0,
        "Net Interest Income": -52000000.0,
        "Interest Expense": 52000000.0,
        "Normalized Income": 727000000.0,
        "Net Income From Continuing And Discontinued Operation": 727000000.0,
        "Total Expenses": 3028000000.0,
        "Total Operating Income As Reported": 983000000.0,
        "Diluted Average Shares": 309700000.0,
        "Basic Average Shares": 308800000.0,
        "Diluted EPS": 2.35,
        "Basic EPS": 2.36,
        "Diluted NI Availto Com Stockholders": 727000000.0,
        "Net Income Common Stockholders": 727000000.0,
        "Net Income": 727000000.0,
        "Net Income Including Noncontrolling Interests": 727000000.0,
        "Net Income Continuous Operations": 727000000.0,
        "Tax Provision": 230000000.0,
        "Pretax Income": 957000000.0,
        "Other Income Expense": 26000000.0,
        "Other Non Operating Income Expenses": 26000000.0,
        "Net Non Operating Interest Income Expense": -52000000.0,
        "Interest Expense Non Operating": 52000000.0,
        "Operating Income": 983000000.0,
        "Operating Expense": 657000000.0,
        "Depreciation Amortization Depletion Income Statement": 33000000.0,
        "Depreciation And Amortization In Income Statement": 33000000.0,
        "Amortization": 33000000.0,
        "Amortization Of Intangibles Income Statement": 33000000.0,
        "Selling General And Administration": 624000000.0,
        "Gross Profit": 1640000000.0,
        "Cost Of Revenue": 2371000000.0,
        "Total Revenue": 4011000000.0,
        "Operating Revenue": 4011000000.0
    },
    "2022-06-30": {
        "Tax Effect Of Unusual Items": 0.0,
        "Tax Rate For Calcs": 0.183,
        "Normalized EBITDA": 984000000.0,
        "Net Income From Continuing Operation Net Minority Interest": 738000000.0,
        "Reconciled Depreciation": 34000000.0,
        "Reconciled Cost Of Revenue": 2392000000.0,
        "EBITDA": 984000000.0,
        "EBIT": 950000000.0,
        "Net Interest Income": -47000000.0,
        "Interest Expense": 47000000.0,
        "Normalized Income": 738000000.0,
        "Net Income From Continuing And Discontinued Operation": 738000000.0,
        "Total Expenses": 3085000000.0,
        "Total Operating Income As Reported": 926000000.0,
        "Diluted Average Shares": 311500000.0,
        "Basic Average Shares": 310600000.0,
        "Diluted EPS": 2.37,
        "Basic EPS": 2.37,
        "Diluted NI Availto Com Stockholders": 738000000.0,
        "Net Income Common Stockholders": 738000000.0,
        "Net Income": 738000000.0,
        "Net Income Including Noncontrolling Interests": 738000000.0,
        "Net Income Continuous Operations": 738000000.0,
        "Tax Provision": 165000000.0,
        "Pretax Income": 903000000.0,
        "Other Income Expense": 24000000.0,
        "Other Non Operating Income Expenses": 24000000.0,
        "Net Non Operating Interest Income Expense": -47000000.0,
        "Interest Expense Non Operating": 47000000.0,
        "Operating Income": 926000000.0,
        "Operating Expense": 693000000.0,
        "Depreciation Amortization Depletion Income Statement": 34000000.0,
        "Depreciation And Amortization In Income Statement": 34000000.0,
        "Amortization": 34000000.0,
        "Amortization Of Intangibles Income Statement": 34000000.0,
        "Selling General And Administration": 659000000.0,
        "Gross Profit": 1619000000.0,
        "Cost Of Revenue": 2392000000.0,
        "Total Revenue": 4011000000.0,
        "Operating Revenue": 4011000000.0
    },
    "2023-06-30": {
        "Tax Effect Of Unusual Items": 0.0,
        "Tax Rate For Calcs": 0.214,
        "Normalized EBITDA": 1130000000.0,
        "Net Income From Continuing Operation Net Minority Interest": 754000000.0,
        "Reconciled Depreciation": 100000000.0,
        "Reconciled Cost Of Revenue": 2274000000.0,
        "EBITDA": 1130000000.0,
        "EBIT": 1030000000.0,
        "Net Interest Income": -69000000.0,
        "Interest Expense": 69000000.0,
        "Normalized Income": 754000000.0,
        "Net Income From Continuing And Discontinued Operation": 754000000.0,
        "Total Expenses": 3064000000.0,
        "Total Operating Income As Reported": 1010000000.0,
        "Diluted Average Shares": 304200000.0,
        "Basic Average Shares": 303300000.0,
        "Diluted EPS": 2.48,
        "Basic EPS": 2.49,
        "Diluted NI Availto Com Stockholders": 754000000.0,
        "Net Income Common Stockholders": 754000000.0,
        "Net Income": 754000000.0,
        "Net Income Including Noncontrolling Interests": 754000000.0,
        "Net Income Continuous Operations": 754000000.0,
        "Tax Provision": 207000000.0,
        "Pretax Income": 961000000.0,
        "Other Income Expense": 20000000.0,
        "Other Non Operating Income Expenses": 20000000.0,
        "Net Non Operating Interest Income Expense": -69000000.0,
        "Interest Expense Non Operating": 69000000.0,
        "Operating Income": 1010000000.0,
        "Operating Expense": 720000000.0,
        "Depreciation Amortization Depletion Income Statement": 30000000.0,
        "Depreciation And Amortization In Income Statement": 30000000.0,
        "Amortization": 30000000.0,
        "Amortization Of Intangibles Income Statement": 30000000.0,
        "Selling General And Administration": 690000000.0,
        "Gross Profit": 1730000000.0,
        "Cost Of Revenue": 2344000000.0,
        "Total Revenue": 4074000000.0,
        "Operating Revenue": 4074000000.0
    },
    "2022-03-31": {
        "Diluted EPS": 2.11,
        "Total Revenue": NaN,
        "Gross Profit": NaN,
        "Operating Income": 895,
        "EBIT": NaN,
        "Net Income": 662
    },
    "2021-12-31": {
        "Diluted EPS": 1.93,
        "Total Revenue": NaN,
        "Gross Profit": NaN,
        "Operating Income": 834,
        "EBIT": 938,
        "Net Income": 609
    },
    "2021-09-30": {
        "Diluted EPS": 2.02,
        "Total Revenue": NaN,
        "Gross Profit": NaN,
        "Operating Income": 845,
        "EBIT": 949,
        "Net Income": 639
    },
    "2021-06-30": {
        "Diluted EPS": 2.45,
        "Total Revenue": NaN,
        "Gross Profit": NaN,
        "Operating Income": 893,
        "EBIT": 995,
        "Net Income": 775
    },
    "2021-03-31": {
        "Diluted EPS": 2.11,
        "Total Revenue": NaN,
        "Gross Profit": NaN,
        "Operating Income": 905,
        "EBIT": NaN,
        "Net Income": 671
    },
    "2020-12-31": {
        "Diluted EPS": 2.02,
        "Total Revenue": NaN,
        "Gross Profit": NaN,
        "Operating Income": 883,
        "EBIT": 988,
        "Net Income": 642
    },
    "2020-09-30": {
        "Diluted EPS": 1.83,
        "Total Revenue": NaN,
        "Gross Profit": NaN,
        "Operating Income": 789,
        "EBIT": 907,
        "Net Income": 582
    },
    "2020-06-30": {
        "Diluted EPS": 1.01,
        "Total Revenue": NaN,
        "Gross Profit": 970,
        "Operating Income": 449,
        "EBIT": 549,
        "Net Income": 319
    },
    "2020-03-31": {
        "Diluted EPS": 1.77,
        "Total Revenue": NaN,
        "Gross Profit": NaN,
        "Operating Income": 761,
        "EBIT": 865,
        "Net Income": 566
    },
    "2019-12-31": {
        "Diluted EPS": 1.98,
        "Total Revenue": NaN,
        "Gross Profit": NaN,
        "Operating Income": 824,
        "EBIT": 929,
        "Net Income": 641
    },
    "2019-09-30": {
        "Diluted EPS": 2.04,
        "Total Revenue": NaN,
        "Gross Profit": NaN,
        "Operating Income": 868,
        "EBIT": 972,
        "Net Income": 660
    },
    "2019-06-30": {
        "Diluted EPS": 1.91,
        "Total Revenue": NaN,
        "Gross Profit": NaN,
        "Operating Income": 871,
        "EBIT": 978,
        "Net Income": 623
    },
    "2019-03-31": {
        "Diluted EPS": 1.81,
        "Total Revenue": NaN,
        "Gross Profit": NaN,
        "Operating Income": 839,
        "EBIT": 949,
        "Net Income": 597
    },
    "2018-12-31": {
        "Diluted EPS": 1.83,
        "Total Revenue": NaN,
        "Gross Profit": NaN,
        "Operating Income": 860,
        "EBIT": 975,
        "Net Income": 607
    },
    "2018-09-30": {
        "Diluted EPS": 1.9,
        "Total Revenue": NaN,
        "Gross Profit": NaN,
        "Operating Income": 889,
        "EBIT": NaN,
        "Net Income": 638
    },
    "2018-06-30": {
        "Diluted EPS": 1.97,
        "Total Revenue": NaN,
        "Gross Profit": NaN,
        "Operating Income": 932,
        "EBIT": NaN,
        "Net Income": 666
    },
    "2018-03-31": {
        "Diluted EPS": 1.9,
        "Total Revenue": NaN,
        "Gross Profit": NaN,
        "Operating Income": 903,
        "EBIT": NaN,
        "Net Income": 652
    },
    "2017-12-31": {
        "Diluted EPS": -0.22,
        "Total Revenue": NaN,
        "Gross Profit": NaN,
        "Operating Income": 846,
        "EBIT": 964,
        "Net Income": -76
    },
    "2017-09-30": {
        "Diluted EPS": 1.85,
        "Total Revenue": NaN,
        "Gross Profit": NaN,
        "Operating Income": 960,
        "EBIT": NaN,
        "Net Income": 640
    },
    "2017-06-30": {
        "Diluted EPS": 1.69,
        "Total Revenue": NaN,
        "Gross Profit": NaN,
        "Operating Income": 872,
        "EBIT": 986,
        "Net Income": 587
    },
    "2017-03-31": {
        "Diluted EPS": 1.54,
        "Total Revenue": NaN,
        "Gross Profit": NaN,
        "Operating Income": 807,
        "EBIT": 921,
        "Net Income": 536
    },
    "2016-12-31": {
        "Diluted EPS": 1.45,
        "Total Revenue": NaN,
        "Gross Profit": NaN,
        "Operating Income": 734,
        "EBIT": 852,
        "Net Income": 507
    },
    "2016-09-30": {
        "Diluted EPS": 1.5,
        "Total Revenue": NaN,
        "Gross Profit": NaN,
        "Operating Income": 808,
        "EBIT": 928,
        "Net Income": 535
    },
    "2016-06-30": {
        "Diluted EPS": 1.46,
        "Total Revenue": NaN,
        "Gross Profit": NaN,
        "Operating Income": 792,
        "EBIT": 907,
        "Net Income": 525
    },
    "2016-03-31": {
        "Diluted EPS": 1.29,
        "Total Revenue": NaN,
        "Gross Profit": NaN,
        "Operating Income": 722,
        "EBIT": 839,
        "Net Income": 468
    },
    "2015-12-31": {
        "Diluted EPS": 1.23,
        "Total Revenue": NaN,
        "Gross Profit": NaN,
        "Operating Income": 679,
        "EBIT": 800,
        "Net Income": 450
    },
    "2015-09-30": {
        "Diluted EPS": 1.39,
        "Total Revenue": NaN,
        "Gross Profit": NaN,
        "Operating Income": 761,
        "EBIT": 881,
        "Net Income": 511
    },
    "2015-06-30": {
        "Diluted EPS": 1.3,
        "Total Revenue": NaN,
        "Gross Profit": NaN,
        "Operating Income": 730,
        "EBIT": 848,
        "Net Income": 480
    },
    "2015-03-31": {
        "Diluted EPS": 1.21,
        "Total Revenue": NaN,
        "Gross Profit": NaN,
        "Operating Income": 697,
        "EBIT": 815,
        "Net Income": 458
    },
    "2014-12-31": {
        "Diluted EPS": 1.16,
        "Total Revenue": NaN,
        "Gross Profit": NaN,
        "Operating Income": 686,
        "EBIT": 806,
        "Net Income": 450
    },
    "2014-09-30": {
        "Diluted EPS": 1.34,
        "Total Revenue": NaN,
        "Gross Profit": NaN,
        "Operating Income": 772,
        "EBIT": 900,
        "Net Income": 531
    },
    "2014-06-30": {
        "Diluted EPS": 3.66,
        "Total Revenue": NaN,
        "Gross Profit": NaN,
        "Operating Income": 763,
        "EBIT": 892,
        "Net Income": NaN
    },
    "2014-03-31": {
        "Diluted EPS": 1.12,
        "Total Revenue": NaN,
        "Gross Profit": NaN,
        "Operating Income": 667,
        "EBIT": 797,
        "Net Income": 473
    },
    "2013-12-31": {
        "Diluted EPS": 0.92,
        "Total Revenue": NaN,
        "Gross Profit": NaN,
        "Operating Income": 628,
        "EBIT": 762,
        "Net Income": 408
    },
    "2013-09-30": {
        "Diluted EPS": 1.01,
        "Total Revenue": NaN,
        "Gross Profit": NaN,
        "Operating Income": 678,
        "EBIT": 825,
        "Net Income": 452
    },
    "2013-06-30": {
        "Diluted EPS": 1.03,
        "Total Revenue": NaN,
        "Gross Profit": NaN,
        "Operating Income": 630,
        "EBIT": 774,
        "Net Income": 465
    },
    "2013-03-31": {
        "Diluted EPS": 0.78,
        "Total Revenue": NaN,
        "Gross Profit": NaN,
        "Operating Income": 578,
        "EBIT": 766,
        "Net Income": 354
    },
    "2012-12-31": {
        "Diluted EPS": 2.09,
        "Total Revenue": NaN,
        "Gross Profit": 969,
        "Operating Income": 356,
        "EBIT": 508,
        "Net Income": 979
    },
    "2012-09-30": {
        "Diluted EPS": 1.12,
        "Total Revenue": NaN,
        "Gross Profit": NaN,
        "Operating Income": 667,
        "EBIT": 819,
        "Net Income": 524
    },
    "2012-06-30": {
        "Diluted EPS": 1.85,
        "Total Revenue": NaN,
        "Gross Profit": NaN,
        "Operating Income": 758,
        "EBIT": 914,
        "Net Income": 881
    },
    "2012-03-31": {
        "Diluted EPS": 1.0,
        "Total Revenue": NaN,
        "Gross Profit": NaN,
        "Operating Income": 694,
        "EBIT": 847,
        "Net Income": 486
    },
    "2011-12-31": {
        "Diluted EPS": 0.92,
        "Total Revenue": NaN,
        "Gross Profit": 679,
        "Operating Income": 277,
        "EBIT": 430,
        "Net Income": 442
    },
    "2011-09-30": {
        "Diluted EPS": 1.04,
        "Total Revenue": NaN,
        "Gross Profit": NaN,
        "Operating Income": 714,
        "EBIT": 868,
        "Net Income": 507
    },
    "2011-06-30": {
        "Diluted EPS": 0.99,
        "Total Revenue": NaN,
        "Gross Profit": NaN,
        "Operating Income": 711,
        "EBIT": 859,
        "Net Income": 499
    },
    "2011-03-31": {
        "Diluted EPS": 1.24,
        "Total Revenue": NaN,
        "Gross Profit": NaN,
        "Operating Income": 659,
        "EBIT": 798,
        "Net Income": 623
    },
    "2010-12-31": {
        "Diluted EPS": 0.68,
        "Total Revenue": NaN,
        "Gross Profit": NaN,
        "Operating Income": 467,
        "EBIT": 606,
        "Net Income": 336
    },
    "2010-09-30": {
        "Diluted EPS": 0.84,
        "Total Revenue": NaN,
        "Gross Profit": NaN,
        "Operating Income": 620,
        "EBIT": 756,
        "Net Income": 422
    },
    "2010-06-30": {
        "Diluted EPS": 0.81,
        "Total Revenue": NaN,
        "Gross Profit": NaN,
        "Operating Income": 626,
        "EBIT": 762,
        "Net Income": 411
    },
    "2010-03-31": {
        "Diluted EPS": 0.66,
        "Total Revenue": NaN,
        "Gross Profit": NaN,
        "Operating Income": 542,
        "EBIT": 678,
        "Net Income": 334
    },
    "2009-12-31": {
        "Diluted EPS": 1.07,
        "Total Revenue": NaN,
        "Gross Profit": NaN,
        "Operating Income": 473,
        "EBIT": 632,
        "Net Income": 533
    },
    "2009-09-30": {
        "Diluted EPS": 0.6,
        "Total Revenue": NaN,
        "Gross Profit": NaN,
        "Operating Income": 484,
        "EBIT": 635,
        "Net Income": 302
    },
    "2009-06-30": {
        "Diluted EPS": 0.35,
        "Total Revenue": NaN,
        "Gross Profit": NaN,
        "Operating Income": 335,
        "EBIT": 488,
        "Net Income": 177
    },
    "2009-03-31": {
        "Diluted EPS": -0.08,
        "Total Revenue": NaN,
        "Gross Profit": 994,
        "Operating Income": 91,
        "EBIT": 313,
        "Net Income": -39
    },
    "2023-09-30": {
        "Tax Effect Of Unusual Items": NaN,
        "Tax Rate For Calcs": NaN,
        "Normalized EBITDA": NaN,
        "Net Income From Continuing Operation Net Minority Interest": NaN,
        "Reconciled Depreciation": NaN,
        "Reconciled Cost Of Revenue": NaN,
        "EBITDA": NaN,
        "EBIT": NaN,
        "Net Interest Income": NaN,
        "Interest Expense": NaN,
        "Normalized Income": NaN,
        "Net Income From Continuing And Discontinued Operation": NaN,
        "Total Expenses": NaN,
        "Total Operating Income As Reported": NaN,
        "Diluted Average Shares": 303000000.0,
        "Basic Average Shares": 301900000.0,
        "Diluted EPS": 2.55,
        "Basic EPS": 2.55,
        "Diluted NI Availto Com Stockholders": NaN,
        "Net Income Common Stockholders": NaN,
        "Net Income": NaN,
        "Net Income Including Noncontrolling Interests": NaN,
        "Net Income Continuous Operations": NaN,
        "Tax Provision": NaN,
        "Pretax Income": NaN,
        "Other Income Expense": NaN,
        "Other Non Operating Income Expenses": NaN,
        "Net Non Operating Interest Income Expense": NaN,
        "Interest Expense Non Operating": NaN,
        "Operating Income": NaN,
        "Operating Expense": NaN,
        "Depreciation Amortization Depletion Income Statement": NaN,
        "Depreciation And Amortization In Income Statement": NaN,
        "Amortization": NaN,
        "Amortization Of Intangibles Income Statement": NaN,
        "Selling General And Administration": NaN,
        "Gross Profit": NaN,
        "Cost Of Revenue": NaN,
        "Total Revenue": NaN,
        "Operating Revenue": NaN
    },
    "2023-12-31": {
        "Tax Effect Of Unusual Items": 0.0,
        "Tax Rate For Calcs": 0.226537,
        "Normalized EBITDA": 1096000000.0,
        "Net Income From Continuing Operation Net Minority Interest": 717000000.0,
        "Reconciled Depreciation": 99000000.0,
        "Reconciled Cost Of Revenue": 2238000000.0,
        "EBITDA": 1096000000.0,
        "EBIT": 997000000.0,
        "Net Interest Income": -19000000.0,
        "Interest Expense": 70000000.0,
        "Normalized Income": 717000000.0,
        "Net Income From Continuing And Discontinued Operation": 717000000.0,
        "Total Expenses": 2995000000.0,
        "Total Operating Income As Reported": 988000000.0,
        "Diluted Average Shares": 301100000.0,
        "Basic Average Shares": 300100000.0,
        "Diluted EPS": 2.38,
        "Basic EPS": 2.39,
        "Diluted NI Availto Com Stockholders": 717000000.0,
        "Net Income Common Stockholders": 717000000.0,
        "Net Income": 717000000.0,
        "Net Income Including Noncontrolling Interests": 717000000.0,
        "Net Income Continuous Operations": 717000000.0,
        "Tax Provision": 210000000.0,
        "Pretax Income": 927000000.0,
        "Other Income Expense": -42000000.0,
        "Other Non Operating Income Expenses": -6000000.0,
        "Net Non Operating Interest Income Expense": -19000000.0,
        "Interest Expense Non Operating": 70000000.0,
        "Operating Income": 988000000.0,
        "Operating Expense": 683000000.0,
        "Depreciation Amortization Depletion Income Statement": 25000000.0,
        "Depreciation And Amortization In Income Statement": 25000000.0,
        "Amortization": 25000000.0,
        "Amortization Of Intangibles Income Statement": 25000000.0,
        "Selling General And Administration": 658000000.0,
        "Gross Profit": 1671000000.0,
        "Cost Of Revenue": 2312000000.0,
        "Total Revenue": 3983000000.0,
        "Operating Revenue": 3983000000.0
    },
    "2024-03-31": {
        "Tax Effect Of Unusual Items": 0.0,
        "Tax Rate For Calcs": 0.236007,
        "Normalized EBITDA": 1240000000.0,
        "Net Income From Continuing Operation Net Minority Interest": 819000000.0,
        "Reconciled Depreciation": 97000000.0,
        "Reconciled Cost Of Revenue": 2073000000.0,
        "EBITDA": 1240000000.0,
        "EBIT": 1143000000.0,
        "Net Interest Income": -71000000.0,
        "Interest Expense": 71000000.0,
        "Normalized Income": 819000000.0,
        "Net Income From Continuing And Discontinued Operation": 819000000.0,
        "Total Expenses": 2846000000.0,
        "Total Operating Income As Reported": 1127000000.0,
        "Diluted Average Shares": 300000000.0,
        "Basic Average Shares": 298900000.0,
        "Diluted EPS": 2.73,
        "Basic EPS": 2.74,
        "Diluted NI Availto Com Stockholders": 819000000.0,
        "Net Income Common Stockholders": 819000000.0,
        "Net Income": 819000000.0,
        "Net Income Including Noncontrolling Interests": 819000000.0,
        "Net Income Continuous Operations": 819000000.0,
        "Tax Provision": 253000000.0,
        "Pretax Income": 1072000000.0,
        "Other Income Expense": 16000000.0,
        "Other Non Operating Income Expenses": 16000000.0,
        "Net Non Operating Interest Income Expense": -71000000.0,
        "Interest Expense Non Operating": 71000000.0,
        "Operating Income": 1127000000.0,
        "Operating Expense": 701000000.0,
        "Depreciation Amortization Depletion Income Statement": 25000000.0,
        "Depreciation And Amortization In Income Statement": 25000000.0,
        "Amortization": 25000000.0,
        "Amortization Of Intangibles Income Statement": 25000000.0,
        "Selling General And Administration": 676000000.0,
        "Gross Profit": 1828000000.0,
        "Cost Of Revenue": 2145000000.0,
        "Total Revenue": 3973000000.0,
        "Operating Revenue": 3973000000.0
    },
    "2024-06-30": {
        "Tax Effect Of Unusual Items": 0.0,
        "Tax Rate For Calcs": 0.244776,
        "Normalized EBITDA": 1179000000.0,
        "Net Income From Continuing Operation Net Minority Interest": 759000000.0,
        "Reconciled Depreciation": 99000000.0,
        "Reconciled Cost Of Revenue": 2188000000.0,
        "EBITDA": 1179000000.0,
        "EBIT": 1080000000.0,
        "Net Interest Income": -75000000.0,
        "Interest Expense": 75000000.0,
        "Normalized Income": 759000000.0,
        "Net Income From Continuing And Discontinued Operation": 759000000.0,
        "Total Expenses": 2973000000.0,
        "Total Operating Income As Reported": 1054000000.0,
        "Diluted Average Shares": 298500000.0,
        "Basic Average Shares": 297600000.0,
        "Diluted EPS": 2.54,
        "Basic EPS": 2.55,
        "Diluted NI Availto Com Stockholders": 759000000.0,
        "Net Income Common Stockholders": 759000000.0,
        "Net Income": 759000000.0,
        "Net Income Including Noncontrolling Interests": 759000000.0,
        "Net Income Continuous Operations": 759000000.0,
        "Tax Provision": 246000000.0,
        "Pretax Income": 1005000000.0,
        "Other Income Expense": 26000000.0,
        "Other Non Operating Income Expenses": 26000000.0,
        "Net Non Operating Interest Income Expense": -75000000.0,
        "Interest Expense Non Operating": 75000000.0,
        "Operating Income": 1054000000.0,
        "Operating Expense": 711000000.0,
        "Depreciation Amortization Depletion Income Statement": 25000000.0,
        "Depreciation And Amortization In Income Statement": 25000000.0,
        "Amortization": 25000000.0,
        "Amortization Of Intangibles Income Statement": 25000000.0,
        "Selling General And Administration": 686000000.0,
        "Gross Profit": 1765000000.0,
        "Cost Of Revenue": 2262000000.0,
        "Total Revenue": 4027000000.0,
        "Operating Revenue": 4027000000.0
    },
    "2024-09-30": {
        "Tax Effect Of Unusual Items": 0.0,
        "Tax Rate For Calcs": 0.149,
        "Normalized EBITDA": 1535000000.0,
        "Net Income From Continuing Operation Net Minority Interest": 1160000000.0,
        "Reconciled Depreciation": 104000000.0,
        "Reconciled Cost Of Revenue": 2152000000.0,
        "EBITDA": 1535000000.0,
        "EBIT": 1431000000.0,
        "Net Interest Income": -69000000.0,
        "Interest Expense": 69000000.0,
        "Normalized Income": 1160000000.0,
        "Net Income From Continuing And Discontinued Operation": 1160000000.0,
        "Total Expenses": 2914000000.0,
        "Total Operating Income As Reported": 1052000000.0,
        "Diluted Average Shares": 297000000.0,
        "Basic Average Shares": 296100000.0,
        "Diluted EPS": 3.91,
        "Basic EPS": 3.92,
        "Diluted NI Availto Com Stockholders": 1160000000.0,
        "Net Income Common Stockholders": 1160000000.0,
        "Net Income": 1160000000.0,
        "Net Income Including Noncontrolling Interests": 1160000000.0,
        "Net Income Continuous Operations": 1160000000.0,
        "Tax Provision": 202000000.0,
        "Pretax Income": 1362000000.0,
        "Other Income Expense": 379000000.0,
        "Other Non Operating Income Expenses": 379000000.0,
        "Net Non Operating Interest Income Expense": -69000000.0,
        "Interest Expense Non Operating": 69000000.0,
        "Operating Income": 1052000000.0,
        "Operating Expense": 684000000.0,
        "Depreciation Amortization Depletion Income Statement": 26000000.0,
        "Depreciation And Amortization In Income Statement": 26000000.0,
        "Amortization": 26000000.0,
        "Amortization Of Intangibles Income Statement": 26000000.0,
        "Selling General And Administration": 658000000.0,
        "Gross Profit": 1736000000.0,
        "Cost Of Revenue": 2230000000.0,
        "Total Revenue": 3966000000.0,
        "Operating Revenue": 3966000000.0
    },
    "2024-12-31": {
        "Tax Effect Of Unusual Items": 0.0,
        "Tax Rate For Calcs": 0.23703,
        "Normalized EBITDA": 1153000000.0,
        "Net Income From Continuing Operation Net Minority Interest": 750000000.0,
        "Reconciled Depreciation": 102000000.0,
        "Reconciled Cost Of Revenue": 2144000000.0,
        "EBITDA": 1153000000.0,
        "EBIT": 1051000000.0,
        "Net Interest Income": -24000000.0,
        "Interest Expense": 68000000.0,
        "Normalized Income": 750000000.0,
        "Net Income From Continuing And Discontinued Operation": 750000000.0,
        "Total Expenses": 2901000000.0,
        "Total Operating Income As Reported": 1031000000.0,
        "Diluted Average Shares": 295800000.0,
        "Basic Average Shares": 294700000.0,
        "Diluted EPS": 2.54,
        "Basic EPS": 2.55,
        "Diluted NI Availto Com Stockholders": 750000000.0,
        "Net Income Common Stockholders": 750000000.0,
        "Net Income": 750000000.0,
        "Net Income Including Noncontrolling Interests": 750000000.0,
        "Net Income Continuous Operations": 750000000.0,
        "Tax Provision": 233000000.0,
        "Pretax Income": 983000000.0,
        "Other Income Expense": -24000000.0,
        "Other Non Operating Income Expenses": -394000000.0,
        "Net Non Operating Interest Income Expense": -24000000.0,
        "Interest Expense Non Operating": 68000000.0,
        "Operating Income": 1031000000.0,
        "Operating Expense": 680000000.0,
        "Depreciation Amortization Depletion Income Statement": 25000000.0,
        "Depreciation And Amortization In Income Statement": 25000000.0,
        "Amortization": 25000000.0,
        "Amortization Of Intangibles Income Statement": 25000000.0,
        "Selling General And Administration": 655000000.0,
        "Gross Profit": 1711000000.0,
        "Cost Of Revenue": 2221000000.0,
        "Total Revenue": 3932000000.0,
        "Operating Revenue": 3932000000.0
    },
    "2025-03-31": {
        "Tax Effect Of Unusual Items": 0.0,
        "Tax Rate For Calcs": 0.217,
        "Normalized EBITDA": 1058000000.0,
        "Net Income From Continuing Operation Net Minority Interest": 700000000.0,
        "Reconciled Depreciation": 95000000.0,
        "Reconciled Cost Of Revenue": 2087000000.0,
        "EBITDA": 1058000000.0,
        "EBIT": 963000000.0,
        "Net Interest Income": -68000000.0,
        "Interest Expense": 68000000.0,
        "Normalized Income": 700000000.0,
        "Net Income From Continuing And Discontinued Operation": 700000000.0,
        "Total Expenses": 2888000000.0,
        "Total Operating Income As Reported": 951000000.0,
        "Diluted Average Shares": 294500000.0,
        "Basic Average Shares": 293600000.0,
        "Diluted EPS": 2.38,
        "Basic EPS": 2.39,
        "Diluted NI Availto Com Stockholders": 700000000.0,
        "Net Income Common Stockholders": 700000000.0,
        "Net Income": 700000000.0,
        "Net Income Including Noncontrolling Interests": 700000000.0,
        "Net Income Continuous Operations": 700000000.0,
        "Tax Provision": 195000000.0,
        "Pretax Income": 895000000.0,
        "Other Income Expense": 12000000.0,
        "Other Non Operating Income Expenses": 12000000.0,
        "Net Non Operating Interest Income Expense": -68000000.0,
        "Interest Expense Non Operating": 68000000.0,
        "Operating Income": 951000000.0,
        "Operating Expense": 727000000.0,
        "Depreciation Amortization Depletion Income Statement": 21000000.0,
        "Depreciation And Amortization In Income Statement": 21000000.0,
        "Amortization": 21000000.0,
        "Amortization Of Intangibles Income Statement": 21000000.0,
        "Selling General And Administration": 706000000.0,
        "Gross Profit": 1678000000.0,
        "Cost Of Revenue": 2161000000.0,
        "Total Revenue": 3839000000.0,
        "Operating Revenue": 3839000000.0
    },
    "2025-06-30": {
        "Tax Effect Of Unusual Items": 0.0,
        "Tax Rate For Calcs": 0.243487,
        "Normalized EBITDA": 1171000000.0,
        "Net Income From Continuing Operation Net Minority Interest": 755000000.0,
        "Reconciled Depreciation": 99000000.0,
        "Reconciled Cost Of Revenue": 2193000000.0,
        "EBITDA": 1171000000.0,
        "EBIT": 1072000000.0,
        "Net Interest Income": -74000000.0,
        "Interest Expense": 74000000.0,
        "Normalized Income": 755000000.0,
        "Net Income From Continuing And Discontinued Operation": 755000000.0,
        "Total Expenses": 2985000000.0,
        "Total Operating Income As Reported": 1068000000.0,
        "Diluted Average Shares": 292900000.0,
        "Basic Average Shares": 292300000.0,
        "Diluted EPS": 2.58,
        "Basic EPS": 2.58,
        "Diluted NI Availto Com Stockholders": 755000000.0,
        "Net Income Common Stockholders": 755000000.0,
        "Net Income": 755000000.0,
        "Net Income Including Noncontrolling Interests": 755000000.0,
        "Net Income Continuous Operations": 755000000.0,
        "Tax Provision": 243000000.0,
        "Pretax Income": 998000000.0,
        "Other Income Expense": 4000000.0,
        "Other Non Operating Income Expenses": 4000000.0,
        "Net Non Operating Interest Income Expense": -74000000.0,
        "Interest Expense Non Operating": 74000000.0,
        "Operating Income": 1068000000.0,
        "Operating Expense": 714000000.0,
        "Depreciation Amortization Depletion Income Statement": 21000000.0,
        "Depreciation And Amortization In Income Statement": 21000000.0,
        "Amortization": 21000000.0,
        "Amortization Of Intangibles Income Statement": 21000000.0,
        "Selling General And Administration": 693000000.0,
        "Gross Profit": 1782000000.0,
        "Cost Of Revenue": 2271000000.0,
        "Total Revenue": 4053000000.0,
        "Operating Revenue": 4053000000.0
    },
    "2025-09-30": {
        "Tax Effect Of Unusual Items": 0.0,
        "Tax Rate For Calcs": 0.218,
        "Normalized EBITDA": 1224000000.0,
        "Net Income From Continuing Operation Net Minority Interest": 821000000.0,
        "Reconciled Depreciation": 100000000.0,
        "Reconciled Cost Of Revenue": 2171000000.0,
        "EBITDA": 1224000000.0,
        "EBIT": 1124000000.0,
        "Net Interest Income": -75000000.0,
        "Interest Expense": 75000000.0,
        "Normalized Income": 821000000.0,
        "Net Income From Continuing And Discontinued Operation": 821000000.0,
        "Total Expenses": 2947000000.0,
        "Total Operating Income As Reported": 1112000000.0,
        "Diluted Average Shares": 291700000.0,
        "Basic Average Shares": 290800000.0,
        "Diluted EPS": 2.81,
        "Basic EPS": 2.82,
        "Diluted NI Availto Com Stockholders": 821000000.0,
        "Net Income Common Stockholders": 821000000.0,
        "Net Income": 821000000.0,
        "Net Income Including Noncontrolling Interests": 821000000.0,
        "Net Income Continuous Operations": 821000000.0,
        "Tax Provision": 228000000.0,
        "Pretax Income": 1049000000.0,
        "Other Income Expense": 12000000.0,
        "Other Non Operating Income Expenses": 12000000.0,
        "Net Non Operating Interest Income Expense": -75000000.0,
        "Interest Expense Non Operating": 75000000.0,
        "Operating Income": 1112000000.0,
        "Operating Expense": 694000000.0,
        "Depreciation Amortization Depletion Income Statement": 18000000.0,
        "Depreciation And Amortization In Income Statement": 18000000.0,
        "Amortization": 18000000.0,
        "Amortization Of Intangibles Income Statement": 18000000.0,
        "Selling General And Administration": 676000000.0,
        "Gross Profit": 1806000000.0,
        "Cost Of Revenue": 2253000000.0,
        "Total Revenue": 4059000000.0,
        "Operating Revenue": 4059000000.0
    }
}