{
    "2023-03-31": {
        "Tax Effect Of Unusual Items": NaN,
        "Tax Rate For Calcs": NaN,
        "Normalized EBITDA": NaN,
        "Total Unusual Items": NaN,
        "Total Unusual Items Excluding Goodwill": NaN,
        "Net Income From Continuing Operation Net Minority Interest": NaN,
        "Reconciled Depreciation": NaN,
        "Reconciled Cost Of Revenue": NaN,
        "EBITDA": NaN,
        "EBIT": NaN,
        "Normalized Income": NaN,
        "Net Income From Continuing And Discontinued Operation": NaN,
        "Total Expenses": NaN,
        "Total Operating Income As Reported": NaN,
        "Diluted Average Shares": NaN,
        "Basic Average Shares": NaN,
        "Diluted EPS": NaN,
        "Basic EPS": NaN,
        "Diluted NI Availto Com Stockholders": NaN,
        "Net Income Common Stockholders": NaN,
        "Net Income": NaN,
        "Net Income Including Noncontrolling Interests": NaN,
        "Net Income Continuous Operations": NaN,
        "Pretax Income": NaN,
        "Other Income Expense": NaN,
        "Other Non Operating Income Expenses": NaN,
        "Special Income Charges": NaN,
        "Other Special Charges": 825000.0,
        "Operating Income": NaN,
        "Operating Expense": NaN,
        "Research And Development": NaN,
        "Selling General And Administration": NaN,
        "General And Administrative Expense": NaN,
        "Other Gand A": NaN,
        "Salaries And Wages": NaN,
        "Gross Profit": NaN,
        "Cost Of Revenue": NaN,
        "Total Revenue": NaN,
        "Operating Revenue": NaN
    },
    "2022-12-31": {
        "Tax Effect Of Unusual Items": NaN,
        "Tax Rate For Calcs": NaN,
        "Normalized EBITDA": NaN,
        "Total Unusual Items": NaN,
        "Total Unusual Items Excluding Goodwill": NaN,
        "Net Income From Continuing Operation Net Minority Interest": NaN,
        "Reconciled Depreciation": NaN,
        "Reconciled Cost Of Revenue": NaN,
        "EBITDA": NaN,
        "EBIT": NaN,
        "Normalized Income": NaN,
        "Net Income From Continuing And Discontinued Operation": NaN,
        "Total Expenses": NaN,
        "Total Operating Income As Reported": NaN,
        "Diluted Average Shares": NaN,
        "Basic Average Shares": NaN,
        "Diluted EPS": NaN,
        "Basic EPS": NaN,
        "Diluted NI Availto Com Stockholders": NaN,
        "Net Income Common Stockholders": NaN,
        "Net Income": NaN,
        "Net Income Including Noncontrolling Interests": NaN,
        "Net Income Continuous Operations": NaN,
        "Pretax Income": NaN,
        "Other Income Expense": NaN,
        "Other Non Operating Income Expenses": NaN,
        "Special Income Charges": NaN,
        "Other Special Charges": 400000.0,
        "Operating Income": NaN,
        "Operating Expense": NaN,
        "Research And Development": NaN,
        "Selling General And Administration": NaN,
        "General And Administrative Expense": NaN,
        "Other Gand A": NaN,
        "Salaries And Wages": NaN,
        "Gross Profit": NaN,
        "Cost Of Revenue": NaN,
        "Total Revenue": NaN,
        "Operating Revenue": NaN
    },
    "2022-09-30": {
        "Tax Effect Of Unusual Items": NaN,
        "Tax Rate For Calcs": NaN,
        "Normalized EBITDA": NaN,
        "Total Unusual Items": NaN,
        "Total Unusual Items Excluding Goodwill": NaN,
        "Net Income From Continuing Operation Net Minority Interest": NaN,
        "Reconciled Depreciation": NaN,
        "EBITDA": NaN,
        "EBIT": NaN,
        "Normalized Income": NaN,
        "Net Income From Continuing And Discontinued Operation": NaN,
        "Total Expenses": NaN,
        "Total Operating Income As Reported": NaN,
        "Diluted Average Shares": 108420674.0,
        "Basic Average Shares": 108420674.0,
        "Diluted EPS": -0.42,
        "Basic EPS": -0.42,
        "Diluted NI Availto Com Stockholders": NaN,
        "Net Income Common Stockholders": NaN,
        "Net Income": NaN,
        "Net Income Including Noncontrolling Interests": NaN,
        "Net Income Continuous Operations": NaN,
        "Pretax Income": NaN,
        "Other Income Expense": NaN,
        "Other Non Operating Income Expenses": NaN,
        "Special Income Charges": NaN,
        "Other Special Charges": NaN,
        "Operating Income": NaN,
        "Operating Expense": NaN,
        "Research And Development": NaN,
        "Selling General And Administration": NaN,
        "General And Administrative Expense": NaN,
        "Other Gand A": NaN,
        "Salaries And Wages": NaN,
        "Total Revenue": NaN,
        "Operating Revenue": NaN
    },
    "2022-06-30": {
        "Tax Effect Of Unusual Items": 0.0,
        "Tax Rate For Calcs": 0.0,
        "Normalized EBITDA": -51613000.0,
        "Total Unusual Items": 0.0,
        "Total Unusual Items Excluding Goodwill": 0.0,
        "Net Income From Continuing Operation Net Minority Interest": -50990000.0,
        "Reconciled Depreciation": 136000.0,
        "EBITDA": -51613000.0,
        "EBIT": -51749000.0,
        "Normalized Income": -50990000.0,
        "Net Income From Continuing And Discontinued Operation": -50990000.0,
        "Total Expenses": 51749000.0,
        "Total Operating Income As Reported": -51749000.0,
        "Diluted Average Shares": 108166890.0,
        "Basic Average Shares": 108166890.0,
        "Diluted EPS": -0.47,
        "Basic EPS": -0.47,
        "Diluted NI Availto Com Stockholders": -50990000.0,
        "Net Income Common Stockholders": -50990000.0,
        "Net Income": -50990000.0,
        "Net Income Including Noncontrolling Interests": -50990000.0,
        "Net Income Continuous Operations": -50990000.0,
        "Pretax Income": -50990000.0,
        "Other Income Expense": 759000.0,
        "Other Non Operating Income Expenses": 759000.0,
        "Special Income Charges": 0.0,
        "Other Special Charges": NaN,
        "Operating Income": -51749000.0,
        "Operating Expense": 51749000.0,
        "Research And Development": 37129000.0,
        "Selling General And Administration": 14620000.0,
        "General And Administrative Expense": 14620000.0,
        "Other Gand A": 8836000.0,
        "Salaries And Wages": 5784000.0,
        "Total Revenue": 0.0,
        "Operating Revenue": 0.0
    },
    "2022-03-31": {
        "Diluted EPS": -0.93,
        "Total Revenue": NaN,
        "Gross Profit": NaN,
        "Operating Income": -101,
        "EBIT": -100,
        "Net Income": -101
    },
    "2021-12-31": {
        "Diluted EPS": 174.52,
        "Total Revenue": NaN,
        "Gross Profit": NaN,
        "Operating Income": -83,
        "EBIT": -82,
        "Net Income": -83
    },
    "2021-09-30": {
        "Diluted EPS": -0.98,
        "Total Revenue": NaN,
        "Gross Profit": NaN,
        "Operating Income": -60,
        "EBIT": -60,
        "Net Income": -60
    },
    "2021-06-30": {
        "Diluted EPS": -178.86,
        "Total Revenue": NaN,
        "Gross Profit": NaN,
        "Operating Income": -45,
        "EBIT": -45,
        "Net Income": -45
    },
    "2021-03-31": {
        "Diluted EPS": 0.0,
        "Total Revenue": NaN,
        "Gross Profit": NaN,
        "Operating Income": -39,
        "EBIT": -39,
        "Net Income": -39
    },
    "2020-12-31": {
        "Diluted EPS": 0.0,
        "Total Revenue": NaN,
        "Gross Profit": NaN,
        "Operating Income": NaN,
        "EBIT": NaN,
        "Net Income": NaN
    },
    "2020-09-30": {
        "Diluted EPS": -25.98,
        "Total Revenue": NaN,
        "Gross Profit": NaN,
        "Operating Income": -48,
        "EBIT": -48,
        "Net Income": -48
    },
    "2023-06-30": {
        "Tax Effect Of Unusual Items": NaN,
        "Tax Rate For Calcs": NaN,
        "Normalized EBITDA": NaN,
        "Total Unusual Items": NaN,
        "Total Unusual Items Excluding Goodwill": NaN,
        "Net Income From Continuing Operation Net Minority Interest": NaN,
        "Reconciled Depreciation": NaN,
        "Reconciled Cost Of Revenue": 0.0,
        "EBITDA": NaN,
        "EBIT": NaN,
        "Normalized Income": NaN,
        "Net Income From Continuing And Discontinued Operation": NaN,
        "Total Expenses": NaN,
        "Total Operating Income As Reported": NaN,
        "Diluted Average Shares": 109450071.0,
        "Basic Average Shares": 109450071.0,
        "Diluted EPS": -0.46,
        "Basic EPS": -0.46,
        "Diluted NI Availto Com Stockholders": NaN,
        "Net Income Common Stockholders": NaN,
        "Net Income": NaN,
        "Net Income Including Noncontrolling Interests": NaN,
        "Net Income Continuous Operations": NaN,
        "Pretax Income": NaN,
        "Other Income Expense": NaN,
        "Other Non Operating Income Expenses": NaN,
        "Special Income Charges": NaN,
        "Other Special Charges": 150000.0,
        "Operating Income": NaN,
        "Operating Expense": NaN,
        "Research And Development": NaN,
        "Selling General And Administration": NaN,
        "General And Administrative Expense": NaN,
        "Other Gand A": NaN,
        "Salaries And Wages": NaN,
        "Gross Profit": 0.0,
        "Cost Of Revenue": 0.0,
        "Total Revenue": NaN,
        "Operating Revenue": NaN
    },
    "2023-09-30": {
        "Tax Effect Of Unusual Items": NaN,
        "Tax Rate For Calcs": NaN,
        "Normalized EBITDA": NaN,
        "Total Unusual Items": NaN,
        "Total Unusual Items Excluding Goodwill": NaN,
        "Net Income From Continuing Operation Net Minority Interest": NaN,
        "Reconciled Depreciation": NaN,
        "Reconciled Cost Of Revenue": NaN,
        "EBITDA": NaN,
        "EBIT": NaN,
        "Normalized Income": NaN,
        "Net Income From Continuing And Discontinued Operation": NaN,
        "Total Expenses": NaN,
        "Total Operating Income As Reported": NaN,
        "Diluted Average Shares": 109754812.0,
        "Basic Average Shares": 109754812.0,
        "Diluted EPS": -0.36,
        "Basic EPS": -0.36,
        "Diluted NI Availto Com Stockholders": NaN,
        "Net Income Common Stockholders": NaN,
        "Net Income": NaN,
        "Net Income Including Noncontrolling Interests": NaN,
        "Net Income Continuous Operations": NaN,
        "Pretax Income": NaN,
        "Other Income Expense": NaN,
        "Other Non Operating Income Expenses": NaN,
        "Special Income Charges": NaN,
        "Other Special Charges": 4600000.0,
        "Operating Income": NaN,
        "Operating Expense": NaN,
        "Research And Development": NaN,
        "Selling General And Administration": NaN,
        "General And Administrative Expense": NaN,
        "Other Gand A": NaN,
        "Salaries And Wages": NaN,
        "Gross Profit": NaN,
        "Cost Of Revenue": NaN,
        "Total Revenue": NaN,
        "Operating Revenue": NaN
    },
    "2023-12-31": {
        "Tax Effect Of Unusual Items": NaN,
        "Tax Rate For Calcs": NaN,
        "Normalized EBITDA": NaN,
        "Total Unusual Items": 600000.0,
        "Total Unusual Items Excluding Goodwill": 600000.0,
        "Net Income From Continuing Operation Net Minority Interest": NaN,
        "Reconciled Depreciation": NaN,
        "Reconciled Cost Of Revenue": NaN,
        "EBITDA": NaN,
        "EBIT": NaN,
        "Normalized Income": NaN,
        "Net Income From Continuing And Discontinued Operation": NaN,
        "Total Expenses": NaN,
        "Total Operating Income As Reported": NaN,
        "Diluted Average Shares": NaN,
        "Basic Average Shares": NaN,
        "Diluted EPS": NaN,
        "Basic EPS": NaN,
        "Diluted NI Availto Com Stockholders": NaN,
        "Net Income Common Stockholders": NaN,
        "Net Income": NaN,
        "Net Income Including Noncontrolling Interests": NaN,
        "Net Income Continuous Operations": NaN,
        "Pretax Income": NaN,
        "Other Income Expense": NaN,
        "Other Non Operating Income Expenses": NaN,
        "Special Income Charges": 600000.0,
        "Other Special Charges": -600000.0,
        "Operating Income": NaN,
        "Operating Expense": NaN,
        "Research And Development": NaN,
        "Selling General And Administration": NaN,
        "General And Administrative Expense": NaN,
        "Other Gand A": NaN,
        "Salaries And Wages": NaN,
        "Gross Profit": NaN,
        "Cost Of Revenue": NaN,
        "Total Revenue": NaN,
        "Operating Revenue": NaN
    },
    "2024-03-31": {
        "Tax Effect Of Unusual Items": NaN,
        "Tax Rate For Calcs": NaN,
        "Normalized EBITDA": NaN,
        "Total Unusual Items": 0.0,
        "Total Unusual Items Excluding Goodwill": 0.0,
        "Net Income From Continuing Operation Net Minority Interest": NaN,
        "Reconciled Depreciation": NaN,
        "Reconciled Cost Of Revenue": NaN,
        "EBITDA": NaN,
        "EBIT": NaN,
        "Normalized Income": NaN,
        "Net Income From Continuing And Discontinued Operation": NaN,
        "Total Expenses": NaN,
        "Total Operating Income As Reported": NaN,
        "Diluted Average Shares": NaN,
        "Basic Average Shares": NaN,
        "Diluted EPS": NaN,
        "Basic EPS": NaN,
        "Diluted NI Availto Com Stockholders": NaN,
        "Net Income Common Stockholders": NaN,
        "Net Income": NaN,
        "Net Income Including Noncontrolling Interests": NaN,
        "Net Income Continuous Operations": NaN,
        "Pretax Income": NaN,
        "Other Income Expense": NaN,
        "Other Non Operating Income Expenses": NaN,
        "Special Income Charges": 0.0,
        "Operating Income": NaN,
        "Operating Expense": NaN,
        "Research And Development": NaN,
        "Selling General And Administration": NaN,
        "General And Administrative Expense": NaN,
        "Other Gand A": NaN,
        "Salaries And Wages": NaN,
        "Gross Profit": NaN,
        "Cost Of Revenue": NaN,
        "Total Revenue": NaN,
        "Operating Revenue": NaN
    },
    "2024-06-30": {
        "Tax Effect Of Unusual Items": NaN,
        "Tax Rate For Calcs": NaN,
        "Normalized EBITDA": NaN,
        "Total Unusual Items": 0.0,
        "Total Unusual Items Excluding Goodwill": 0.0,
        "Net Income From Continuing Operation Net Minority Interest": NaN,
        "Reconciled Depreciation": NaN,
        "Reconciled Cost Of Revenue": NaN,
        "EBITDA": NaN,
        "EBIT": NaN,
        "Normalized Income": NaN,
        "Net Income From Continuing And Discontinued Operation": NaN,
        "Total Expenses": NaN,
        "Total Operating Income As Reported": NaN,
        "Diluted Average Shares": 119362670.0,
        "Basic Average Shares": 119362670.0,
        "Diluted EPS": -0.4,
        "Basic EPS": -0.4,
        "Diluted NI Availto Com Stockholders": NaN,
        "Net Income Common Stockholders": NaN,
        "Net Income": NaN,
        "Net Income Including Noncontrolling Interests": NaN,
        "Net Income Continuous Operations": NaN,
        "Pretax Income": NaN,
        "Other Income Expense": NaN,
        "Other Non Operating Income Expenses": NaN,
        "Special Income Charges": 0.0,
        "Operating Income": NaN,
        "Operating Expense": NaN,
        "Research And Development": NaN,
        "Selling General And Administration": NaN,
        "General And Administrative Expense": NaN,
        "Other Gand A": NaN,
        "Salaries And Wages": NaN,
        "Gross Profit": NaN,
        "Cost Of Revenue": NaN,
        "Total Revenue": NaN,
        "Operating Revenue": NaN
    },
    "2024-09-30": {
        "Tax Effect Of Unusual Items": 0.0,
        "Tax Rate For Calcs": 0.0,
        "Normalized EBITDA": -61752000.0,
        "Total Unusual Items": 0.0,
        "Total Unusual Items Excluding Goodwill": 0.0,
        "Net Income From Continuing Operation Net Minority Interest": -60739000.0,
        "Reconciled Depreciation": 559000.0,
        "Reconciled Cost Of Revenue": 806000.0,
        "EBITDA": -61752000.0,
        "EBIT": -62311000.0,
        "Normalized Income": -60739000.0,
        "Net Income From Continuing And Discontinued Operation": -60739000.0,
        "Total Expenses": 71611000.0,
        "Total Operating Income As Reported": -62311000.0,
        "Diluted Average Shares": 119495284.0,
        "Basic Average Shares": 119495284.0,
        "Diluted EPS": -0.51,
        "Basic EPS": -0.51,
        "Diluted NI Availto Com Stockholders": -60739000.0,
        "Net Income Common Stockholders": -60739000.0,
        "Net Income": -60739000.0,
        "Net Income Including Noncontrolling Interests": -60739000.0,
        "Net Income Continuous Operations": -60739000.0,
        "Pretax Income": -60739000.0,
        "Other Income Expense": 1572000.0,
        "Other Non Operating Income Expenses": 1572000.0,
        "Special Income Charges": 0.0,
        "Operating Income": -62311000.0,
        "Operating Expense": 70805000.0,
        "Research And Development": 57850000.0,
        "Selling General And Administration": 12955000.0,
        "General And Administrative Expense": 12955000.0,
        "Other Gand A": 8023000.0,
        "Salaries And Wages": 4932000.0,
        "Gross Profit": 8494000.0,
        "Cost Of Revenue": 806000.0,
        "Total Revenue": 9300000.0,
        "Operating Revenue": 9300000.0
    },
    "2024-12-31": {
        "Tax Effect Of Unusual Items": 0.0,
        "Tax Rate For Calcs": 0.0,
        "Normalized EBITDA": -17713000.0,
        "Total Unusual Items": 0.0,
        "Total Unusual Items Excluding Goodwill": 0.0,
        "Net Income From Continuing Operation Net Minority Interest": -18443000.0,
        "Reconciled Depreciation": 1516000.0,
        "Reconciled Cost Of Revenue": 724000.0,
        "EBITDA": -17713000.0,
        "EBIT": -19229000.0,
        "Normalized Income": -18443000.0,
        "Net Income From Continuing And Discontinued Operation": -18443000.0,
        "Total Expenses": 33049000.0,
        "Total Operating Income As Reported": -19229000.0,
        "Diluted Average Shares": NaN,
        "Basic Average Shares": NaN,
        "Diluted EPS": NaN,
        "Basic EPS": NaN,
        "Diluted NI Availto Com Stockholders": -18443000.0,
        "Net Income Common Stockholders": -18443000.0,
        "Net Income": -18443000.0,
        "Net Income Including Noncontrolling Interests": -18443000.0,
        "Net Income Continuous Operations": -18443000.0,
        "Pretax Income": -18443000.0,
        "Other Income Expense": 786000.0,
        "Other Non Operating Income Expenses": 786000.0,
        "Special Income Charges": 0.0,
        "Operating Income": -19229000.0,
        "Operating Expense": 32325000.0,
        "Research And Development": 17910000.0,
        "Selling General And Administration": 14415000.0,
        "General And Administrative Expense": 14415000.0,
        "Other Gand A": 9234000.0,
        "Salaries And Wages": 5181000.0,
        "Gross Profit": 13096000.0,
        "Cost Of Revenue": 724000.0,
        "Total Revenue": 13820000.0,
        "Operating Revenue": 13820000.0
    },
    "2025-03-31": {
        "Tax Effect Of Unusual Items": 0.0,
        "Tax Rate For Calcs": 0.0,
        "Normalized EBITDA": -16184000.0,
        "Total Unusual Items": NaN,
        "Total Unusual Items Excluding Goodwill": NaN,
        "Net Income From Continuing Operation Net Minority Interest": -16289000.0,
        "Reconciled Depreciation": 738000.0,
        "Reconciled Cost Of Revenue": 834000.0,
        "EBITDA": -16184000.0,
        "EBIT": -16922000.0,
        "Normalized Income": -16289000.0,
        "Net Income From Continuing And Discontinued Operation": -16289000.0,
        "Total Expenses": 28226000.0,
        "Total Operating Income As Reported": -16922000.0,
        "Diluted Average Shares": 119883479.0,
        "Basic Average Shares": 119883479.0,
        "Diluted EPS": -0.14,
        "Basic EPS": -0.14,
        "Diluted NI Availto Com Stockholders": -16289000.0,
        "Net Income Common Stockholders": -16289000.0,
        "Net Income": -16289000.0,
        "Net Income Including Noncontrolling Interests": -16289000.0,
        "Net Income Continuous Operations": -16289000.0,
        "Pretax Income": -16289000.0,
        "Other Income Expense": 633000.0,
        "Other Non Operating Income Expenses": 633000.0,
        "Special Income Charges": NaN,
        "Operating Income": -16922000.0,
        "Operating Expense": 27392000.0,
        "Research And Development": 10641000.0,
        "Selling General And Administration": 16751000.0,
        "General And Administrative Expense": 16751000.0,
        "Other Gand A": 9266000.0,
        "Salaries And Wages": 7485000.0,
        "Gross Profit": 10470000.0,
        "Cost Of Revenue": 834000.0,
        "Total Revenue": 11304000.0,
        "Operating Revenue": 11304000.0
    },
    "2025-06-30": {
        "Tax Effect Of Unusual Items": 0.0,
        "Tax Rate For Calcs": 0.0,
        "Normalized EBITDA": -14557000.0,
        "Total Unusual Items": NaN,
        "Total Unusual Items Excluding Goodwill": NaN,
        "Net Income From Continuing Operation Net Minority Interest": -14660000.0,
        "Reconciled Depreciation": 503000.0,
        "Reconciled Cost Of Revenue": 685000.0,
        "EBITDA": -14557000.0,
        "EBIT": -15060000.0,
        "Normalized Income": -14660000.0,
        "Net Income From Continuing And Discontinued Operation": -14660000.0,
        "Total Expenses": 26846000.0,
        "Total Operating Income As Reported": -15060000.0,
        "Diluted Average Shares": 120016132.0,
        "Basic Average Shares": 120016132.0,
        "Diluted EPS": -0.12,
        "Basic EPS": -0.12,
        "Diluted NI Availto Com Stockholders": -14660000.0,
        "Net Income Common Stockholders": -14660000.0,
        "Net Income": -14660000.0,
        "Net Income Including Noncontrolling Interests": -14660000.0,
        "Net Income Continuous Operations": -14660000.0,
        "Pretax Income": -14660000.0,
        "Other Income Expense": 400000.0,
        "Other Non Operating Income Expenses": 400000.0,
        "Special Income Charges": NaN,
        "Operating Income": -15060000.0,
        "Operating Expense": 26161000.0,
        "Research And Development": 9573000.0,
        "Selling General And Administration": 16588000.0,
        "General And Administrative Expense": 16588000.0,
        "Other Gand A": 8964000.0,
        "Salaries And Wages": 7624000.0,
        "Gross Profit": 11101000.0,
        "Cost Of Revenue": 685000.0,
        "Total Revenue": 11786000.0,
        "Operating Revenue": 11786000.0
    },
    "2025-09-30": {
        "Tax Effect Of Unusual Items": 0.0,
        "Tax Rate For Calcs": 0.0,
        "Normalized EBITDA": -10592000.0,
        "Total Unusual Items": NaN,
        "Total Unusual Items Excluding Goodwill": NaN,
        "Net Income From Continuing Operation Net Minority Interest": -10470000.0,
        "Reconciled Depreciation": 431000.0,
        "Reconciled Cost Of Revenue": 1088000.0,
        "EBITDA": -10592000.0,
        "EBIT": -11023000.0,
        "Normalized Income": -10470000.0,
        "Net Income From Continuing And Discontinued Operation": -10470000.0,
        "Total Expenses": 24152000.0,
        "Total Operating Income As Reported": -11023000.0,
        "Diluted Average Shares": 170169865.0,
        "Basic Average Shares": 170169865.0,
        "Diluted EPS": -0.06,
        "Basic EPS": -0.06,
        "Diluted NI Availto Com Stockholders": -10470000.0,
        "Net Income Common Stockholders": -10470000.0,
        "Net Income": -10470000.0,
        "Net Income Including Noncontrolling Interests": -10470000.0,
        "Net Income Continuous Operations": -10470000.0,
        "Pretax Income": -10470000.0,
        "Other Income Expense": 553000.0,
        "Other Non Operating Income Expenses": 553000.0,
        "Special Income Charges": NaN,
        "Operating Income": -11023000.0,
        "Operating Expense": 23064000.0,
        "Research And Development": 8046000.0,
        "Selling General And Administration": 15018000.0,
        "General And Administrative Expense": 15018000.0,
        "Other Gand A": 7522000.0,
        "Salaries And Wages": 7496000.0,
        "Gross Profit": 12041000.0,
        "Cost Of Revenue": 1088000.0,
        "Total Revenue": 13129000.0,
        "Operating Revenue": 13129000.0
    }
}