{
    "2023-03-31": {
        "Tax Effect Of Unusual Items": NaN,
        "Tax Rate For Calcs": NaN,
        "Normalized EBITDA": NaN,
        "Total Unusual Items": NaN,
        "Total Unusual Items Excluding Goodwill": NaN,
        "Net Income From Continuing Operation Net Minority Interest": NaN,
        "Reconciled Depreciation": NaN,
        "Reconciled Cost Of Revenue": NaN,
        "EBITDA": NaN,
        "EBIT": NaN,
        "Net Interest Income": NaN,
        "Interest Expense": NaN,
        "Normalized Income": NaN,
        "Net Income From Continuing And Discontinued Operation": NaN,
        "Total Expenses": NaN,
        "Total Operating Income As Reported": NaN,
        "Diluted Average Shares": NaN,
        "Basic Average Shares": NaN,
        "Diluted EPS": NaN,
        "Basic EPS": NaN,
        "Diluted NI Availto Com Stockholders": NaN,
        "Net Income Common Stockholders": NaN,
        "Net Income": NaN,
        "Net Income Including Noncontrolling Interests": NaN,
        "Net Income Continuous Operations": NaN,
        "Tax Provision": NaN,
        "Pretax Income": NaN,
        "Other Income Expense": NaN,
        "Other Non Operating Income Expenses": NaN,
        "Special Income Charges": NaN,
        "Impairment Of Capital Assets": NaN,
        "Gain On Sale Of Security": NaN,
        "Net Non Operating Interest Income Expense": NaN,
        "Interest Expense Non Operating": NaN,
        "Operating Income": NaN,
        "Operating Expense": NaN,
        "Depreciation Amortization Depletion Income Statement": NaN,
        "Depreciation And Amortization In Income Statement": NaN,
        "Selling General And Administration": NaN,
        "Selling And Marketing Expense": NaN,
        "General And Administrative Expense": NaN,
        "Other Gand A": NaN,
        "Salaries And Wages": 229923.0,
        "Gross Profit": NaN,
        "Cost Of Revenue": NaN,
        "Total Revenue": NaN,
        "Operating Revenue": NaN
    },
    "2022-12-31": {
        "Tax Effect Of Unusual Items": 0.0,
        "Tax Rate For Calcs": 0.0,
        "Normalized EBITDA": -495623.0,
        "Total Unusual Items": NaN,
        "Total Unusual Items Excluding Goodwill": NaN,
        "Net Income From Continuing Operation Net Minority Interest": -917133.0,
        "Reconciled Depreciation": 423305.0,
        "Reconciled Cost Of Revenue": 5748623.0,
        "EBITDA": -495623.0,
        "EBIT": -918928.0,
        "Net Interest Income": 1795.0,
        "Interest Expense": -1795.0,
        "Normalized Income": -917133.0,
        "Net Income From Continuing And Discontinued Operation": -917133.0,
        "Total Expenses": 10210524.0,
        "Total Operating Income As Reported": -1408269.0,
        "Diluted Average Shares": 15603482.0,
        "Basic Average Shares": 15603482.0,
        "Diluted EPS": -0.04,
        "Basic EPS": -0.04,
        "Diluted NI Availto Com Stockholders": -917133.0,
        "Net Income Common Stockholders": -917133.0,
        "Net Income": -917133.0,
        "Net Income Including Noncontrolling Interests": -917133.0,
        "Net Income Continuous Operations": -917133.0,
        "Tax Provision": NaN,
        "Pretax Income": -917133.0,
        "Other Income Expense": 489341.0,
        "Other Non Operating Income Expenses": 489341.0,
        "Gain On Sale Of Security": NaN,
        "Net Non Operating Interest Income Expense": 1795.0,
        "Interest Expense Non Operating": -1795.0,
        "Operating Income": -1408269.0,
        "Operating Expense": 4461901.0,
        "Depreciation Amortization Depletion Income Statement": 423305.0,
        "Depreciation And Amortization In Income Statement": 423305.0,
        "Selling General And Administration": 4038596.0,
        "Selling And Marketing Expense": 2211654.0,
        "General And Administrative Expense": 1826942.0,
        "Other Gand A": 1826942.0,
        "Salaries And Wages": NaN,
        "Gross Profit": 3053632.0,
        "Cost Of Revenue": 5748623.0,
        "Total Revenue": 8802255.0,
        "Operating Revenue": 8802255.0
    },
    "2022-09-30": {
        "Tax Effect Of Unusual Items": 0.0,
        "Tax Rate For Calcs": 0.0,
        "Normalized EBITDA": -777883.0,
        "Net Income From Continuing Operation Net Minority Interest": -906232.0,
        "Reconciled Depreciation": 127535.0,
        "Reconciled Cost Of Revenue": 6597430.0,
        "EBITDA": -777883.0,
        "EBIT": -905418.0,
        "Net Interest Income": -814.0,
        "Interest Expense": 814.0,
        "Interest Income": NaN,
        "Normalized Income": -906232.0,
        "Net Income From Continuing And Discontinued Operation": -906232.0,
        "Total Expenses": 12155772.0,
        "Total Operating Income As Reported": -1329437.0,
        "Diluted Average Shares": 15568356.0,
        "Basic Average Shares": 15568356.0,
        "Diluted EPS": -0.06,
        "Basic EPS": -0.06,
        "Diluted NI Availto Com Stockholders": -906232.0,
        "Net Income Common Stockholders": -906232.0,
        "Net Income": -906232.0,
        "Net Income Including Noncontrolling Interests": -906232.0,
        "Net Income Continuous Operations": -906232.0,
        "Pretax Income": -906232.0,
        "Other Income Expense": 424019.0,
        "Other Non Operating Income Expenses": 424019.0,
        "Net Non Operating Interest Income Expense": -814.0,
        "Interest Expense Non Operating": 814.0,
        "Interest Income Non Operating": NaN,
        "Operating Income": -1329437.0,
        "Operating Expense": 5558342.0,
        "Depreciation Amortization Depletion Income Statement": 127535.0,
        "Depreciation And Amortization In Income Statement": 127535.0,
        "Selling General And Administration": 5430807.0,
        "Selling And Marketing Expense": 2502128.0,
        "General And Administrative Expense": 2928679.0,
        "Other Gand A": 2928679.0,
        "Salaries And Wages": NaN,
        "Gross Profit": 4228905.0,
        "Cost Of Revenue": 6597430.0,
        "Total Revenue": 10826335.0,
        "Operating Revenue": 10826335.0
    },
    "2022-06-30": {
        "Tax Effect Of Unusual Items": 0.0,
        "Tax Rate For Calcs": 0.0,
        "Normalized EBITDA": -30583.0,
        "Net Income From Continuing Operation Net Minority Interest": -169890.0,
        "Reconciled Depreciation": 138492.0,
        "Reconciled Cost Of Revenue": 7211922.0,
        "EBITDA": -30583.0,
        "EBIT": -169075.0,
        "Net Interest Income": -815.0,
        "Interest Expense": 815.0,
        "Interest Income": NaN,
        "Normalized Income": -169890.0,
        "Net Income From Continuing And Discontinued Operation": -169890.0,
        "Total Expenses": 13019171.0,
        "Total Operating Income As Reported": -442160.0,
        "Diluted Average Shares": 15551617.0,
        "Basic Average Shares": 15551617.0,
        "Diluted EPS": -0.01,
        "Basic EPS": -0.01,
        "Diluted NI Availto Com Stockholders": -169890.0,
        "Net Income Common Stockholders": -169890.0,
        "Net Income": -169890.0,
        "Net Income Including Noncontrolling Interests": -169890.0,
        "Net Income Continuous Operations": -169890.0,
        "Pretax Income": -169890.0,
        "Other Income Expense": 273085.0,
        "Other Non Operating Income Expenses": 273085.0,
        "Net Non Operating Interest Income Expense": -815.0,
        "Interest Expense Non Operating": 815.0,
        "Interest Income Non Operating": NaN,
        "Operating Income": -442160.0,
        "Operating Expense": 5807249.0,
        "Depreciation Amortization Depletion Income Statement": 138492.0,
        "Depreciation And Amortization In Income Statement": 138492.0,
        "Selling General And Administration": 5668757.0,
        "Selling And Marketing Expense": 2289769.0,
        "General And Administrative Expense": 3378988.0,
        "Other Gand A": 3378988.0,
        "Salaries And Wages": NaN,
        "Gross Profit": 5365089.0,
        "Cost Of Revenue": 7211922.0,
        "Total Revenue": 12577011.0,
        "Operating Revenue": 12577011.0
    },
    "2022-03-31": {
        "Diluted EPS": -0.16,
        "Total Revenue": 9,
        "Gross Profit": 4,
        "Operating Income": -2,
        "EBIT": -2,
        "Net Income": -2
    },
    "2021-12-31": {
        "Diluted EPS": 0.0,
        "Total Revenue": 10,
        "Gross Profit": 6,
        "Operating Income": 0,
        "EBIT": 0,
        "Net Income": 0
    },
    "2021-09-30": {
        "Diluted EPS": -0.08,
        "Total Revenue": 8,
        "Gross Profit": 4,
        "Operating Income": -1,
        "EBIT": -1,
        "Net Income": -1
    },
    "2021-06-30": {
        "Diluted EPS": 0.0,
        "Total Revenue": 6,
        "Gross Profit": 3,
        "Operating Income": -2,
        "EBIT": -2,
        "Net Income": 0
    },
    "2021-03-31": {
        "Diluted EPS": -0.12,
        "Total Revenue": 6,
        "Gross Profit": 3,
        "Operating Income": -2,
        "EBIT": -2,
        "Net Income": -2
    },
    "2020-12-31": {
        "Diluted EPS": 0.04,
        "Total Revenue": 6,
        "Gross Profit": 3,
        "Operating Income": -1,
        "EBIT": -1,
        "Net Income": -1
    },
    "2020-09-30": {
        "Diluted EPS": -0.12,
        "Total Revenue": 4,
        "Gross Profit": 2,
        "Operating Income": -1,
        "EBIT": -1,
        "Net Income": -1
    },
    "2020-06-30": {
        "Diluted EPS": -0.2,
        "Total Revenue": 3,
        "Gross Profit": 2,
        "Operating Income": -2,
        "EBIT": 3,
        "Net Income": -2
    },
    "2020-03-31": {
        "Diluted EPS": -0.72,
        "Total Revenue": 5,
        "Gross Profit": 3,
        "Operating Income": -6,
        "EBIT": -6,
        "Net Income": -6
    },
    "2019-12-31": {
        "Diluted EPS": -0.04,
        "Total Revenue": 6,
        "Gross Profit": 3,
        "Operating Income": -2,
        "EBIT": -2,
        "Net Income": -2
    },
    "2019-09-30": {
        "Diluted EPS": -0.16,
        "Total Revenue": 4,
        "Gross Profit": 3,
        "Operating Income": -1,
        "EBIT": -1,
        "Net Income": -1
    },
    "2019-06-30": {
        "Diluted EPS": -0.36,
        "Total Revenue": 4,
        "Gross Profit": 2,
        "Operating Income": -2,
        "EBIT": -1,
        "Net Income": -2
    },
    "2019-03-31": {
        "Diluted EPS": -0.6,
        "Total Revenue": 5,
        "Gross Profit": 3,
        "Operating Income": -2,
        "EBIT": -1,
        "Net Income": -2
    },
    "2018-12-31": {
        "Diluted EPS": 0.36,
        "Total Revenue": 6,
        "Gross Profit": 4,
        "Operating Income": -1,
        "EBIT": 0,
        "Net Income": -1
    },
    "2018-09-30": {
        "Diluted EPS": -0.52,
        "Total Revenue": 6,
        "Gross Profit": 3,
        "Operating Income": -1,
        "EBIT": -1,
        "Net Income": -1
    },
    "2018-06-30": {
        "Diluted EPS": -1.12,
        "Total Revenue": 4,
        "Gross Profit": 2,
        "Operating Income": -2,
        "EBIT": -2,
        "Net Income": -2
    },
    "2018-03-31": {
        "Diluted EPS": -1.4,
        "Total Revenue": 4,
        "Gross Profit": 2,
        "Operating Income": -2,
        "EBIT": -2,
        "Net Income": -2
    },
    "2017-12-31": {
        "Diluted EPS": -0.48,
        "Total Revenue": 7,
        "Gross Profit": 4,
        "Operating Income": -1,
        "EBIT": 0,
        "Net Income": -1
    },
    "2017-09-30": {
        "Diluted EPS": -0.4,
        "Total Revenue": 7,
        "Gross Profit": 4,
        "Operating Income": -1,
        "EBIT": 0,
        "Net Income": -1
    },
    "2017-06-30": {
        "Diluted EPS": -1.0,
        "Total Revenue": 6,
        "Gross Profit": 3,
        "Operating Income": -1,
        "EBIT": -1,
        "Net Income": -1
    },
    "2017-03-31": {
        "Diluted EPS": -1.96,
        "Total Revenue": 5,
        "Gross Profit": 2,
        "Operating Income": -3,
        "EBIT": -2,
        "Net Income": -3
    },
    "2016-12-31": {
        "Diluted EPS": -1.36,
        "Total Revenue": 1,
        "Gross Profit": 1,
        "Operating Income": -2,
        "EBIT": -1,
        "Net Income": -2
    },
    "2016-09-30": {
        "Diluted EPS": -1.12,
        "Total Revenue": 7,
        "Gross Profit": 4,
        "Operating Income": -1,
        "EBIT": -1,
        "Net Income": -2
    },
    "2016-06-30": {
        "Diluted EPS": -1.2,
        "Total Revenue": 7,
        "Gross Profit": 3,
        "Operating Income": -2,
        "EBIT": -1,
        "Net Income": -2
    },
    "2016-03-31": {
        "Diluted EPS": -1.96,
        "Total Revenue": 5,
        "Gross Profit": 2,
        "Operating Income": -3,
        "EBIT": -2,
        "Net Income": -3
    },
    "2015-12-31": {
        "Diluted EPS": -0.84,
        "Total Revenue": 0,
        "Gross Profit": 1,
        "Operating Income": -2,
        "EBIT": -2,
        "Net Income": -2
    },
    "2015-09-30": {
        "Diluted EPS": -2.6,
        "Total Revenue": 5,
        "Gross Profit": 2,
        "Operating Income": -1,
        "EBIT": -1,
        "Net Income": -3
    },
    "2015-06-30": {
        "Diluted EPS": -2.76,
        "Total Revenue": 5,
        "Gross Profit": 2,
        "Operating Income": -2,
        "EBIT": -2,
        "Net Income": -2
    },
    "2015-03-31": {
        "Diluted EPS": -5.92,
        "Total Revenue": 4,
        "Gross Profit": 2,
        "Operating Income": -2,
        "EBIT": -2,
        "Net Income": -4
    },
    "2014-12-31": {
        "Diluted EPS": 2.4,
        "Total Revenue": 2,
        "Gross Profit": 2,
        "Operating Income": -1,
        "EBIT": -1,
        "Net Income": 1
    },
    "2014-09-30": {
        "Diluted EPS": 0.8,
        "Total Revenue": 2,
        "Gross Profit": 1,
        "Operating Income": -2,
        "EBIT": -1,
        "Net Income": 1
    },
    "2014-06-30": {
        "Diluted EPS": 2.4,
        "Total Revenue": 2,
        "Gross Profit": 1,
        "Operating Income": -1,
        "EBIT": -1,
        "Net Income": 2
    },
    "2014-03-31": {
        "Diluted EPS": -1.6,
        "Total Revenue": 2,
        "Gross Profit": 1,
        "Operating Income": -1,
        "EBIT": -1,
        "Net Income": -1
    },
    "2013-12-31": {
        "Diluted EPS": 4.8,
        "Total Revenue": 2,
        "Gross Profit": 1,
        "Operating Income": -1,
        "EBIT": -1,
        "Net Income": -1
    },
    "2013-09-30": {
        "Diluted EPS": -6.4,
        "Total Revenue": 2,
        "Gross Profit": 1,
        "Operating Income": -1,
        "EBIT": -1,
        "Net Income": -1
    },
    "2013-06-30": {
        "Diluted EPS": -9.6,
        "Total Revenue": 2,
        "Gross Profit": 1,
        "Operating Income": -1,
        "EBIT": -1,
        "Net Income": -1
    },
    "2013-03-31": {
        "Diluted EPS": -10.4,
        "Total Revenue": 1,
        "Gross Profit": 1,
        "Operating Income": -1,
        "EBIT": -1,
        "Net Income": -1
    },
    "2012-12-31": {
        "Diluted EPS": 145.6,
        "Total Revenue": 1,
        "Gross Profit": 1,
        "Operating Income": -1,
        "EBIT": -1,
        "Net Income": -1
    },
    "2012-09-30": {
        "Diluted EPS": -33.6,
        "Total Revenue": 1,
        "Gross Profit": 1,
        "Operating Income": -1,
        "EBIT": -1,
        "Net Income": -1
    },
    "2012-06-30": {
        "Diluted EPS": -115.2,
        "Total Revenue": 1,
        "Gross Profit": 1,
        "Operating Income": -2,
        "EBIT": -2,
        "Net Income": -2
    },
    "2012-03-31": {
        "Diluted EPS": -76.0,
        "Total Revenue": 2,
        "Gross Profit": 1,
        "Operating Income": -1,
        "EBIT": -1,
        "Net Income": -1
    },
    "2011-12-31": {
        "Diluted EPS": -215.2,
        "Total Revenue": 2,
        "Gross Profit": 1,
        "Operating Income": -1,
        "EBIT": -1,
        "Net Income": -1
    },
    "2011-09-30": {
        "Diluted EPS": -132.8,
        "Total Revenue": 1,
        "Gross Profit": 1,
        "Operating Income": -2,
        "EBIT": -2,
        "Net Income": -2
    },
    "2011-06-30": {
        "Diluted EPS": -89.6,
        "Total Revenue": 1,
        "Gross Profit": 0,
        "Operating Income": -1,
        "EBIT": -1,
        "Net Income": -1
    },
    "2011-03-31": {
        "Diluted EPS": -81.6,
        "Total Revenue": 1,
        "Gross Profit": 0,
        "Operating Income": -1,
        "EBIT": -1,
        "Net Income": -1
    },
    "2010-12-31": {
        "Diluted EPS": 0.0,
        "Total Revenue": NaN,
        "Gross Profit": NaN,
        "Operating Income": NaN,
        "EBIT": NaN,
        "Net Income": NaN
    },
    "2010-09-30": {
        "Diluted EPS": -86.4,
        "Total Revenue": 1,
        "Gross Profit": 0,
        "Operating Income": -1,
        "EBIT": -1,
        "Net Income": -1
    },
    "2010-06-30": {
        "Diluted EPS": -80.8,
        "Total Revenue": 1,
        "Gross Profit": 0,
        "Operating Income": -1,
        "EBIT": -1,
        "Net Income": -1
    },
    "2023-06-30": {
        "Tax Effect Of Unusual Items": 0.0,
        "Tax Rate For Calcs": 0.0,
        "Normalized EBITDA": -919839.0,
        "Total Unusual Items": 0.0,
        "Total Unusual Items Excluding Goodwill": 0.0,
        "Net Income From Continuing Operation Net Minority Interest": -1033426.0,
        "Reconciled Depreciation": 110432.0,
        "Reconciled Cost Of Revenue": 6254517.0,
        "EBITDA": -919839.0,
        "EBIT": -1030271.0,
        "Net Interest Income": -3155.0,
        "Interest Expense": 3155.0,
        "Normalized Income": -1033426.0,
        "Net Income From Continuing And Discontinued Operation": -1033426.0,
        "Total Expenses": 12364839.0,
        "Total Operating Income As Reported": -1675780.0,
        "Diluted Average Shares": 15520700.0,
        "Basic Average Shares": 15520700.0,
        "Diluted EPS": -0.07,
        "Basic EPS": -0.07,
        "Diluted NI Availto Com Stockholders": -1033426.0,
        "Net Income Common Stockholders": -1033426.0,
        "Net Income": -1033426.0,
        "Net Income Including Noncontrolling Interests": -1033426.0,
        "Net Income Continuous Operations": -1033426.0,
        "Tax Provision": 0.0,
        "Pretax Income": -1033426.0,
        "Other Income Expense": 645509.0,
        "Other Non Operating Income Expenses": 645509.0,
        "Special Income Charges": 0.0,
        "Impairment Of Capital Assets": 0.0,
        "Gain On Sale Of Security": NaN,
        "Net Non Operating Interest Income Expense": -3155.0,
        "Interest Expense Non Operating": 3155.0,
        "Operating Income": -1675780.0,
        "Operating Expense": 6110322.0,
        "Depreciation Amortization Depletion Income Statement": 110432.0,
        "Depreciation And Amortization In Income Statement": 110432.0,
        "Selling General And Administration": 5999890.0,
        "Selling And Marketing Expense": 2831949.0,
        "General And Administrative Expense": 3167941.0,
        "Other Gand A": 3167941.0,
        "Salaries And Wages": 189792.0,
        "Gross Profit": 4434542.0,
        "Cost Of Revenue": 6254517.0,
        "Total Revenue": 10689059.0,
        "Operating Revenue": 10689059.0
    },
    "2023-09-30": {
        "Tax Effect Of Unusual Items": NaN,
        "Tax Rate For Calcs": NaN,
        "Normalized EBITDA": NaN,
        "Total Unusual Items": 0.0,
        "Total Unusual Items Excluding Goodwill": 0.0,
        "Net Income From Continuing Operation Net Minority Interest": NaN,
        "Reconciled Depreciation": NaN,
        "Reconciled Cost Of Revenue": NaN,
        "EBITDA": NaN,
        "EBIT": NaN,
        "Net Interest Income": NaN,
        "Interest Expense": NaN,
        "Normalized Income": NaN,
        "Net Income From Continuing And Discontinued Operation": NaN,
        "Total Expenses": NaN,
        "Total Operating Income As Reported": NaN,
        "Diluted Average Shares": NaN,
        "Basic Average Shares": NaN,
        "Diluted EPS": NaN,
        "Basic EPS": NaN,
        "Diluted NI Availto Com Stockholders": NaN,
        "Net Income Common Stockholders": NaN,
        "Net Income": NaN,
        "Net Income Including Noncontrolling Interests": NaN,
        "Net Income Continuous Operations": NaN,
        "Tax Provision": NaN,
        "Pretax Income": NaN,
        "Other Income Expense": NaN,
        "Other Non Operating Income Expenses": NaN,
        "Special Income Charges": 0.0,
        "Impairment Of Capital Assets": 0.0,
        "Gain On Sale Of Security": NaN,
        "Net Non Operating Interest Income Expense": NaN,
        "Interest Expense Non Operating": NaN,
        "Operating Income": NaN,
        "Operating Expense": NaN,
        "Depreciation Amortization Depletion Income Statement": NaN,
        "Depreciation And Amortization In Income Statement": NaN,
        "Selling General And Administration": NaN,
        "Selling And Marketing Expense": NaN,
        "General And Administrative Expense": NaN,
        "Other Gand A": NaN,
        "Gross Profit": NaN,
        "Cost Of Revenue": NaN,
        "Total Revenue": NaN,
        "Operating Revenue": NaN
    },
    "2024-03-31": {
        "Tax Effect Of Unusual Items": 607.032489,
        "Tax Rate For Calcs": 0.005718,
        "Normalized EBITDA": -3184604.0,
        "Total Unusual Items": 106159.0,
        "Total Unusual Items Excluding Goodwill": 106159.0,
        "Net Income From Continuing Operation Net Minority Interest": -3265850.0,
        "Reconciled Depreciation": 204186.0,
        "Reconciled Cost Of Revenue": 3967975.0,
        "EBITDA": -3078445.0,
        "EBIT": -3282631.0,
        "Net Interest Income": -2001.0,
        "Interest Expense": 2001.0,
        "Normalized Income": -3371401.967511,
        "Net Income From Continuing And Discontinued Operation": -3265850.0,
        "Total Expenses": 11011538.0,
        "Total Operating Income As Reported": -4058655.0,
        "Diluted Average Shares": 16333415.0,
        "Basic Average Shares": 16333415.0,
        "Diluted EPS": -0.2,
        "Basic EPS": -0.2,
        "Diluted NI Availto Com Stockholders": -3265850.0,
        "Net Income Common Stockholders": -3265850.0,
        "Net Income": -3265850.0,
        "Net Income Including Noncontrolling Interests": -3265850.0,
        "Net Income Continuous Operations": -3265850.0,
        "Tax Provision": -18782.0,
        "Pretax Income": -3284632.0,
        "Other Income Expense": 776024.0,
        "Other Non Operating Income Expenses": 669865.0,
        "Special Income Charges": 106159.0,
        "Impairment Of Capital Assets": -106159.0,
        "Gain On Sale Of Security": 106159.0,
        "Net Non Operating Interest Income Expense": -2001.0,
        "Interest Expense Non Operating": 2001.0,
        "Operating Income": -4058655.0,
        "Operating Expense": 7043563.0,
        "Depreciation Amortization Depletion Income Statement": 204186.0,
        "Depreciation And Amortization In Income Statement": 204186.0,
        "Selling General And Administration": 6839377.0,
        "Selling And Marketing Expense": 3056291.0,
        "General And Administrative Expense": 3783086.0,
        "Other Gand A": 3783086.0,
        "Gross Profit": 2984908.0,
        "Cost Of Revenue": 3967975.0,
        "Total Revenue": 6952883.0,
        "Operating Revenue": 6952883.0
    },
    "2024-06-30": {
        "Tax Effect Of Unusual Items": -1015.677,
        "Tax Rate For Calcs": 0.039,
        "Normalized EBITDA": -2029334.0,
        "Total Unusual Items": -26043.0,
        "Total Unusual Items Excluding Goodwill": -26043.0,
        "Net Income From Continuing Operation Net Minority Interest": -2194828.0,
        "Reconciled Depreciation": 225748.0,
        "Reconciled Cost Of Revenue": 5177600.0,
        "EBITDA": -2055377.0,
        "EBIT": -2281125.0,
        "Net Interest Income": -1999.0,
        "Interest Expense": 1999.0,
        "Normalized Income": -2169800.677,
        "Net Income From Continuing And Discontinued Operation": -2194828.0,
        "Total Expenses": 11983124.0,
        "Total Operating Income As Reported": -2889308.0,
        "Diluted Average Shares": 16437460.0,
        "Basic Average Shares": 16437460.0,
        "Diluted EPS": -0.13,
        "Basic EPS": -0.13,
        "Diluted NI Availto Com Stockholders": -2194828.0,
        "Net Income Common Stockholders": -2194828.0,
        "Net Income": -2194828.0,
        "Net Income Including Noncontrolling Interests": -2194828.0,
        "Net Income Continuous Operations": -2194828.0,
        "Tax Provision": -88296.0,
        "Pretax Income": -2283124.0,
        "Other Income Expense": 608183.0,
        "Other Non Operating Income Expenses": 634226.0,
        "Special Income Charges": -26043.0,
        "Impairment Of Capital Assets": 26043.0,
        "Gain On Sale Of Security": -26043.0,
        "Net Non Operating Interest Income Expense": -1999.0,
        "Interest Expense Non Operating": 1999.0,
        "Operating Income": -2889308.0,
        "Operating Expense": 6805524.0,
        "Depreciation Amortization Depletion Income Statement": 225748.0,
        "Depreciation And Amortization In Income Statement": 225748.0,
        "Selling General And Administration": 6579776.0,
        "Selling And Marketing Expense": 3206979.0,
        "General And Administrative Expense": 3372797.0,
        "Other Gand A": 3372797.0,
        "Gross Profit": 3916216.0,
        "Cost Of Revenue": 5177600.0,
        "Total Revenue": 9093816.0,
        "Operating Revenue": 9093816.0
    },
    "2024-09-30": {
        "Tax Effect Of Unusual Items": -16273.696,
        "Tax Rate For Calcs": 0.004,
        "Normalized EBITDA": -4492013.0,
        "Total Unusual Items": -4068424.0,
        "Total Unusual Items Excluding Goodwill": -4068424.0,
        "Net Income From Continuing Operation Net Minority Interest": -8768319.0,
        "Reconciled Depreciation": 239849.0,
        "Reconciled Cost Of Revenue": 5210104.0,
        "EBITDA": -8560437.0,
        "EBIT": -8800286.0,
        "Net Interest Income": -1654.0,
        "Interest Expense": 1654.0,
        "Normalized Income": -4716168.696,
        "Net Income From Continuing And Discontinued Operation": -8768319.0,
        "Total Expenses": 14169300.0,
        "Total Operating Income As Reported": -9354228.0,
        "Diluted Average Shares": 16956497.0,
        "Basic Average Shares": 16956497.0,
        "Diluted EPS": -0.52,
        "Basic EPS": -0.52,
        "Diluted NI Availto Com Stockholders": -8768319.0,
        "Net Income Common Stockholders": -8768319.0,
        "Net Income": -8768319.0,
        "Net Income Including Noncontrolling Interests": -8768319.0,
        "Net Income Continuous Operations": -8768319.0,
        "Tax Provision": -33621.0,
        "Pretax Income": -8801940.0,
        "Other Income Expense": -3462780.0,
        "Other Non Operating Income Expenses": 605644.0,
        "Special Income Charges": -4016722.0,
        "Impairment Of Capital Assets": 4016722.0,
        "Gain On Sale Of Security": -51702.0,
        "Net Non Operating Interest Income Expense": -1654.0,
        "Interest Expense Non Operating": 1654.0,
        "Operating Income": -5337506.0,
        "Operating Expense": 8959196.0,
        "Depreciation Amortization Depletion Income Statement": 239849.0,
        "Depreciation And Amortization In Income Statement": 239849.0,
        "Selling General And Administration": 8719347.0,
        "Selling And Marketing Expense": 2879320.0,
        "General And Administrative Expense": 5840027.0,
        "Other Gand A": 5840027.0,
        "Gross Profit": 3621690.0,
        "Cost Of Revenue": 5210104.0,
        "Total Revenue": 8831794.0,
        "Operating Revenue": 8831794.0
    },
    "2024-12-31": {
        "Tax Effect Of Unusual Items": -124954.950808,
        "Tax Rate For Calcs": 0.052068,
        "Normalized EBITDA": -1985520.0,
        "Total Unusual Items": -2399838.0,
        "Total Unusual Items Excluding Goodwill": -2399838.0,
        "Net Income From Continuing Operation Net Minority Interest": -4623264.0,
        "Reconciled Depreciation": 489378.0,
        "Reconciled Cost Of Revenue": 6848525.0,
        "EBITDA": -4385358.0,
        "EBIT": -4874736.0,
        "Net Interest Income": -2475.0,
        "Interest Expense": 2475.0,
        "Normalized Income": -2348380.950808,
        "Net Income From Continuing And Discontinued Operation": -4623264.0,
        "Total Expenses": 14067515.0,
        "Total Operating Income As Reported": -3178753.0,
        "Diluted Average Shares": 16965350.0,
        "Basic Average Shares": 16965350.0,
        "Diluted EPS": -0.27,
        "Basic EPS": -0.27,
        "Diluted NI Availto Com Stockholders": -4623264.0,
        "Net Income Common Stockholders": -4623264.0,
        "Net Income": -4623264.0,
        "Net Income Including Noncontrolling Interests": -4623264.0,
        "Net Income Continuous Operations": -4623264.0,
        "Tax Provision": -253947.0,
        "Pretax Income": -4877211.0,
        "Other Income Expense": -1809738.0,
        "Other Non Operating Income Expenses": 590100.0,
        "Special Income Charges": -2399838.0,
        "Impairment Of Capital Assets": 113755.0,
        "Gain On Sale Of Security": 0.0,
        "Net Non Operating Interest Income Expense": -2475.0,
        "Interest Expense Non Operating": 2475.0,
        "Operating Income": -3064998.0,
        "Operating Expense": 7218990.0,
        "Depreciation Amortization Depletion Income Statement": 489378.0,
        "Depreciation And Amortization In Income Statement": 489378.0,
        "Selling General And Administration": 6729612.0,
        "Selling And Marketing Expense": 2982476.0,
        "General And Administrative Expense": 3747136.0,
        "Other Gand A": 3747136.0,
        "Gross Profit": 4153992.0,
        "Cost Of Revenue": 6848525.0,
        "Total Revenue": 11002517.0,
        "Operating Revenue": 11002517.0
    },
    "2023-12-31": {
        "Tax Effect Of Unusual Items": 0.0,
        "Tax Rate For Calcs": 0.0,
        "Normalized EBITDA": -1385907.0,
        "Total Unusual Items": NaN,
        "Total Unusual Items Excluding Goodwill": NaN,
        "Net Income From Continuing Operation Net Minority Interest": -1526657.0,
        "Reconciled Depreciation": 138897.0,
        "Reconciled Cost Of Revenue": 4721329.0,
        "EBITDA": -1385907.0,
        "EBIT": -1524804.0,
        "Net Interest Income": -1853.0,
        "Interest Expense": 1853.0,
        "Normalized Income": -1526657.0,
        "Net Income From Continuing And Discontinued Operation": -1526657.0,
        "Total Expenses": 11075313.0,
        "Total Operating Income As Reported": -2188501.0,
        "Diluted Average Shares": NaN,
        "Basic Average Shares": NaN,
        "Diluted EPS": NaN,
        "Basic EPS": NaN,
        "Diluted NI Availto Com Stockholders": -1526657.0,
        "Net Income Common Stockholders": -1526657.0,
        "Net Income": -1526657.0,
        "Net Income Including Noncontrolling Interests": -1526657.0,
        "Net Income Continuous Operations": -1526657.0,
        "Tax Provision": NaN,
        "Pretax Income": -1526657.0,
        "Other Income Expense": 657593.0,
        "Other Non Operating Income Expenses": 657593.0,
        "Special Income Charges": NaN,
        "Impairment Of Capital Assets": NaN,
        "Gain On Sale Of Security": NaN,
        "Net Non Operating Interest Income Expense": -1853.0,
        "Interest Expense Non Operating": 1853.0,
        "Operating Income": -2182397.0,
        "Operating Expense": 6353984.0,
        "Depreciation Amortization Depletion Income Statement": 138897.0,
        "Depreciation And Amortization In Income Statement": 138897.0,
        "Selling General And Administration": 6221191.0,
        "Selling And Marketing Expense": 2610521.0,
        "General And Administrative Expense": 3610670.0,
        "Other Gand A": 3610670.0,
        "Gross Profit": 4171587.0,
        "Cost Of Revenue": 4721329.0,
        "Total Revenue": 8892916.0,
        "Operating Revenue": 8892916.0
    },
    "2025-03-31": {
        "Tax Effect Of Unusual Items": 0.0,
        "Tax Rate For Calcs": 0.0,
        "Normalized EBITDA": 19206.0,
        "Total Unusual Items": NaN,
        "Total Unusual Items Excluding Goodwill": NaN,
        "Net Income From Continuing Operation Net Minority Interest": -142800.0,
        "Reconciled Depreciation": 160352.0,
        "Reconciled Cost Of Revenue": 4401574.0,
        "EBITDA": 19206.0,
        "EBIT": -141146.0,
        "Net Interest Income": -1654.0,
        "Interest Expense": 1654.0,
        "Normalized Income": -142800.0,
        "Net Income From Continuing And Discontinued Operation": -142800.0,
        "Total Expenses": 8624215.0,
        "Total Operating Income As Reported": -655852.0,
        "Diluted Average Shares": 16927166.0,
        "Basic Average Shares": 16927166.0,
        "Diluted EPS": -0.01,
        "Basic EPS": -0.01,
        "Diluted NI Availto Com Stockholders": -142800.0,
        "Net Income Common Stockholders": -142800.0,
        "Net Income": -142800.0,
        "Net Income Including Noncontrolling Interests": -142800.0,
        "Net Income Continuous Operations": -142800.0,
        "Tax Provision": 0.0,
        "Pretax Income": -142800.0,
        "Other Income Expense": 514706.0,
        "Other Non Operating Income Expenses": 514706.0,
        "Special Income Charges": NaN,
        "Impairment Of Capital Assets": NaN,
        "Gain On Sale Of Security": NaN,
        "Net Non Operating Interest Income Expense": -1654.0,
        "Interest Expense Non Operating": 1654.0,
        "Operating Income": -655852.0,
        "Operating Expense": 4222641.0,
        "Depreciation Amortization Depletion Income Statement": 160352.0,
        "Depreciation And Amortization In Income Statement": 160352.0,
        "Selling General And Administration": 4062289.0,
        "Selling And Marketing Expense": 1121782.0,
        "General And Administrative Expense": 2940507.0,
        "Other Gand A": 2940507.0,
        "Gross Profit": 3566789.0,
        "Cost Of Revenue": 4401574.0,
        "Total Revenue": 7968363.0,
        "Operating Revenue": 7968363.0
    }
}