{
    "2023-03-31": {
        "Tax Effect Of Unusual Items": NaN,
        "Tax Rate For Calcs": NaN,
        "Normalized EBITDA": NaN,
        "Total Unusual Items": NaN,
        "Total Unusual Items Excluding Goodwill": NaN,
        "Net Income From Continuing Operation Net Minority Interest": NaN,
        "Reconciled Depreciation": NaN,
        "Reconciled Cost Of Revenue": NaN,
        "EBITDA": NaN,
        "EBIT": NaN,
        "Net Interest Income": NaN,
        "Interest Expense": 2181000.0,
        "Normalized Income": NaN,
        "Net Income From Continuing And Discontinued Operation": NaN,
        "Total Expenses": NaN,
        "Rent Expense Supplemental": NaN,
        "Total Operating Income As Reported": NaN,
        "Diluted Average Shares": NaN,
        "Basic Average Shares": NaN,
        "Diluted EPS": NaN,
        "Basic EPS": NaN,
        "Diluted NI Availto Com Stockholders": NaN,
        "Net Income Common Stockholders": NaN,
        "Net Income": NaN,
        "Minority Interests": NaN,
        "Net Income Including Noncontrolling Interests": NaN,
        "Net Income Continuous Operations": NaN,
        "Tax Provision": NaN,
        "Pretax Income": NaN,
        "Other Income Expense": NaN,
        "Other Non Operating Income Expenses": NaN,
        "Special Income Charges": NaN,
        "Other Special Charges": NaN,
        "Gain On Sale Of Security": NaN,
        "Net Non Operating Interest Income Expense": NaN,
        "Total Other Finance Cost": NaN,
        "Interest Expense Non Operating": 2181000.0,
        "Operating Income": NaN,
        "Operating Expense": NaN,
        "Research And Development": NaN,
        "Selling General And Administration": NaN,
        "Selling And Marketing Expense": NaN,
        "General And Administrative Expense": NaN,
        "Other Gand A": NaN,
        "Rent And Landing Fees": NaN,
        "Salaries And Wages": NaN,
        "Gross Profit": NaN,
        "Cost Of Revenue": NaN,
        "Total Revenue": NaN,
        "Operating Revenue": NaN
    },
    "2022-12-31": {
        "Tax Effect Of Unusual Items": NaN,
        "Tax Rate For Calcs": NaN,
        "Normalized EBITDA": NaN,
        "Total Unusual Items": NaN,
        "Total Unusual Items Excluding Goodwill": NaN,
        "Net Income From Continuing Operation Net Minority Interest": NaN,
        "Reconciled Depreciation": NaN,
        "Reconciled Cost Of Revenue": NaN,
        "EBITDA": NaN,
        "EBIT": NaN,
        "Net Interest Income": NaN,
        "Interest Expense": 2634000.0,
        "Normalized Income": NaN,
        "Net Income From Continuing And Discontinued Operation": NaN,
        "Total Expenses": NaN,
        "Rent Expense Supplemental": NaN,
        "Total Operating Income As Reported": NaN,
        "Diluted Average Shares": NaN,
        "Basic Average Shares": NaN,
        "Diluted EPS": NaN,
        "Basic EPS": NaN,
        "Diluted NI Availto Com Stockholders": NaN,
        "Net Income Common Stockholders": NaN,
        "Net Income": NaN,
        "Minority Interests": NaN,
        "Net Income Including Noncontrolling Interests": NaN,
        "Net Income Continuous Operations": NaN,
        "Tax Provision": NaN,
        "Pretax Income": NaN,
        "Other Income Expense": NaN,
        "Other Non Operating Income Expenses": NaN,
        "Special Income Charges": NaN,
        "Other Special Charges": 0.0,
        "Gain On Sale Of Security": NaN,
        "Net Non Operating Interest Income Expense": NaN,
        "Total Other Finance Cost": NaN,
        "Interest Expense Non Operating": 2634000.0,
        "Operating Income": NaN,
        "Operating Expense": NaN,
        "Research And Development": NaN,
        "Selling General And Administration": NaN,
        "Selling And Marketing Expense": NaN,
        "General And Administrative Expense": NaN,
        "Other Gand A": NaN,
        "Rent And Landing Fees": NaN,
        "Salaries And Wages": NaN,
        "Gross Profit": NaN,
        "Cost Of Revenue": NaN,
        "Total Revenue": NaN,
        "Operating Revenue": NaN
    },
    "2022-09-30": {
        "Tax Effect Of Unusual Items": NaN,
        "Tax Rate For Calcs": NaN,
        "Normalized EBITDA": NaN,
        "Total Unusual Items": NaN,
        "Total Unusual Items Excluding Goodwill": NaN,
        "Net Income From Continuing Operation Net Minority Interest": NaN,
        "Reconciled Depreciation": NaN,
        "Reconciled Cost Of Revenue": NaN,
        "EBITDA": NaN,
        "EBIT": NaN,
        "Net Interest Income": NaN,
        "Interest Expense": NaN,
        "Normalized Income": NaN,
        "Net Income From Continuing And Discontinued Operation": NaN,
        "Total Expenses": NaN,
        "Rent Expense Supplemental": NaN,
        "Total Operating Income As Reported": NaN,
        "Diluted Average Shares": 1418159.0,
        "Basic Average Shares": 1418159.0,
        "Diluted EPS": -8.83,
        "Basic EPS": -8.83,
        "Diluted NI Availto Com Stockholders": NaN,
        "Net Income Common Stockholders": NaN,
        "Net Income": NaN,
        "Minority Interests": NaN,
        "Net Income Including Noncontrolling Interests": NaN,
        "Net Income Continuous Operations": NaN,
        "Tax Provision": NaN,
        "Pretax Income": NaN,
        "Other Income Expense": NaN,
        "Other Non Operating Income Expenses": NaN,
        "Special Income Charges": NaN,
        "Other Special Charges": NaN,
        "Gain On Sale Of Security": NaN,
        "Net Non Operating Interest Income Expense": NaN,
        "Interest Expense Non Operating": NaN,
        "Operating Income": NaN,
        "Operating Expense": NaN,
        "Research And Development": NaN,
        "Selling General And Administration": NaN,
        "Selling And Marketing Expense": NaN,
        "General And Administrative Expense": NaN,
        "Other Gand A": NaN,
        "Rent And Landing Fees": NaN,
        "Salaries And Wages": NaN,
        "Gross Profit": NaN,
        "Cost Of Revenue": NaN,
        "Total Revenue": NaN,
        "Operating Revenue": NaN
    },
    "2022-06-30": {
        "Tax Effect Of Unusual Items": 0.0,
        "Tax Rate For Calcs": 0.0,
        "Normalized EBITDA": -6915000.0,
        "Total Unusual Items": 709000.0,
        "Total Unusual Items Excluding Goodwill": 709000.0,
        "Net Income From Continuing Operation Net Minority Interest": -9367000.0,
        "Reconciled Depreciation": 648000.0,
        "Reconciled Cost Of Revenue": 456000.0,
        "EBITDA": -6206000.0,
        "EBIT": -6854000.0,
        "Net Interest Income": -2536000.0,
        "Interest Expense": 2536000.0,
        "Normalized Income": -10076000.0,
        "Net Income From Continuing And Discontinued Operation": -9367000.0,
        "Total Expenses": 9400000.0,
        "Rent Expense Supplemental": 181000.0,
        "Total Operating Income As Reported": -6479000.0,
        "Diluted Average Shares": 1068267.0,
        "Basic Average Shares": 1068267.0,
        "Diluted EPS": -8.77,
        "Basic EPS": -8.77,
        "Diluted NI Availto Com Stockholders": -9367000.0,
        "Net Income Common Stockholders": -9367000.0,
        "Net Income": -9367000.0,
        "Minority Interests": 23000.0,
        "Net Income Including Noncontrolling Interests": -9390000.0,
        "Net Income Continuous Operations": -9390000.0,
        "Tax Provision": 0.0,
        "Pretax Income": -9390000.0,
        "Other Income Expense": -375000.0,
        "Other Non Operating Income Expenses": -1084000.0,
        "Special Income Charges": 0.0,
        "Other Special Charges": NaN,
        "Gain On Sale Of Security": 709000.0,
        "Net Non Operating Interest Income Expense": -2536000.0,
        "Interest Expense Non Operating": 2536000.0,
        "Operating Income": -6479000.0,
        "Operating Expense": 8944000.0,
        "Research And Development": 2451000.0,
        "Selling General And Administration": 6493000.0,
        "Selling And Marketing Expense": 1336000.0,
        "General And Administrative Expense": 5157000.0,
        "Other Gand A": 2534000.0,
        "Rent And Landing Fees": 181000.0,
        "Salaries And Wages": 2442000.0,
        "Gross Profit": 2465000.0,
        "Cost Of Revenue": 456000.0,
        "Total Revenue": 2921000.0,
        "Operating Revenue": 3773000.0
    },
    "2022-03-31": {
        "Diluted EPS": -23.1,
        "Total Revenue": 3,
        "Gross Profit": 2,
        "Operating Income": -12,
        "EBIT": -8,
        "Net Income": -18
    },
    "2021-12-31": {
        "Diluted EPS": -23.56,
        "Total Revenue": 2,
        "Gross Profit": 2,
        "Operating Income": -11,
        "EBIT": -9,
        "Net Income": -14
    },
    "2021-09-30": {
        "Diluted EPS": -20.3,
        "Total Revenue": 1,
        "Gross Profit": 0,
        "Operating Income": -10,
        "EBIT": -8,
        "Net Income": -12
    },
    "2021-06-30": {
        "Diluted EPS": -23.31,
        "Total Revenue": 0,
        "Gross Profit": 0,
        "Operating Income": -12,
        "EBIT": -10,
        "Net Income": -14
    },
    "2021-03-31": {
        "Diluted EPS": -21.05,
        "Total Revenue": 1,
        "Gross Profit": 1,
        "Operating Income": -9,
        "EBIT": -7,
        "Net Income": -12
    },
    "2020-12-31": {
        "Diluted EPS": 46.64,
        "Total Revenue": 3,
        "Gross Profit": 2,
        "Operating Income": -5,
        "EBIT": -3,
        "Net Income": -11
    },
    "2020-09-30": {
        "Diluted EPS": -46.62,
        "Total Revenue": 3,
        "Gross Profit": 2,
        "Operating Income": -5,
        "EBIT": -4,
        "Net Income": -8
    },
    "2020-06-30": {
        "Diluted EPS": -99.26,
        "Total Revenue": 3,
        "Gross Profit": 2,
        "Operating Income": -8,
        "EBIT": -8,
        "Net Income": -11
    },
    "2020-03-31": {
        "Diluted EPS": -126.33,
        "Total Revenue": 1,
        "Gross Profit": 0,
        "Operating Income": -8,
        "EBIT": -7,
        "Net Income": -8
    },
    "2019-12-31": {
        "Diluted EPS": NaN,
        "Total Revenue": 2,
        "Gross Profit": 1,
        "Operating Income": -6,
        "EBIT": -6,
        "Net Income": -8
    },
    "2019-09-30": {
        "Diluted EPS": -451.17,
        "Total Revenue": 1,
        "Gross Profit": 0,
        "Operating Income": -7,
        "EBIT": -5,
        "Net Income": -12
    },
    "2019-06-30": {
        "Diluted EPS": NaN,
        "Total Revenue": 2,
        "Gross Profit": 0,
        "Operating Income": -11,
        "EBIT": -6,
        "Net Income": -17
    },
    "2019-03-31": {
        "Diluted EPS": NaN,
        "Total Revenue": 2,
        "Gross Profit": 1,
        "Operating Income": -6,
        "EBIT": -5,
        "Net Income": -8
    },
    "2018-12-31": {
        "Diluted EPS": NaN,
        "Total Revenue": 2,
        "Gross Profit": 1,
        "Operating Income": -12,
        "EBIT": -7,
        "Net Income": -11
    },
    "2018-09-30": {
        "Diluted EPS": NaN,
        "Total Revenue": 1,
        "Gross Profit": 0,
        "Operating Income": -7,
        "EBIT": -6,
        "Net Income": -6
    },
    "2018-06-30": {
        "Diluted EPS": NaN,
        "Total Revenue": 1,
        "Gross Profit": 0,
        "Operating Income": -7,
        "EBIT": -6,
        "Net Income": -9
    },
    "2018-03-31": {
        "Diluted EPS": NaN,
        "Total Revenue": 1,
        "Gross Profit": 0,
        "Operating Income": -5,
        "EBIT": -4,
        "Net Income": -7
    },
    "2017-12-31": {
        "Diluted EPS": NaN,
        "Total Revenue": 2,
        "Gross Profit": 1,
        "Operating Income": -21,
        "EBIT": -7,
        "Net Income": -20
    },
    "2017-09-30": {
        "Diluted EPS": NaN,
        "Total Revenue": 1,
        "Gross Profit": 1,
        "Operating Income": -7,
        "EBIT": -3,
        "Net Income": 5
    },
    "2017-06-30": {
        "Diluted EPS": NaN,
        "Total Revenue": 1,
        "Gross Profit": 1,
        "Operating Income": -2,
        "EBIT": -2,
        "Net Income": -2
    },
    "2017-03-31": {
        "Diluted EPS": -0.33,
        "Total Revenue": 1,
        "Gross Profit": 1,
        "Operating Income": -4,
        "EBIT": -4,
        "Net Income": -5
    },
    "2016-12-31": {
        "Diluted EPS": -0.27,
        "Total Revenue": 0,
        "Gross Profit": 0,
        "Operating Income": -3,
        "EBIT": -3,
        "Net Income": -4
    },
    "2016-09-30": {
        "Diluted EPS": -0.3,
        "Total Revenue": 0,
        "Gross Profit": 0,
        "Operating Income": -3,
        "EBIT": -3,
        "Net Income": -3
    },
    "2016-06-30": {
        "Diluted EPS": -0.35,
        "Total Revenue": 0,
        "Gross Profit": 0,
        "Operating Income": -3,
        "EBIT": -3,
        "Net Income": -4
    },
    "2016-03-31": {
        "Diluted EPS": -0.43,
        "Total Revenue": 0,
        "Gross Profit": 0,
        "Operating Income": -4,
        "EBIT": -4,
        "Net Income": -4
    },
    "2015-12-31": {
        "Diluted EPS": 0.09,
        "Total Revenue": 0,
        "Gross Profit": 0,
        "Operating Income": -4,
        "EBIT": -4,
        "Net Income": -4
    },
    "2015-09-30": {
        "Diluted EPS": -0.36,
        "Total Revenue": 0,
        "Gross Profit": 0,
        "Operating Income": -3,
        "EBIT": -3,
        "Net Income": -3
    },
    "2015-06-30": {
        "Diluted EPS": -1.0,
        "Total Revenue": 0,
        "Gross Profit": 0,
        "Operating Income": -3,
        "EBIT": -2,
        "Net Income": -5
    },
    "2015-03-31": {
        "Diluted EPS": -1.43,
        "Total Revenue": 0,
        "Gross Profit": 0,
        "Operating Income": -3,
        "EBIT": -2,
        "Net Income": -4
    },
    "2014-12-31": {
        "Diluted EPS": -0.75,
        "Total Revenue": NaN,
        "Gross Profit": NaN,
        "Operating Income": -2,
        "EBIT": -2,
        "Net Income": -2
    },
    "2014-09-30": {
        "Diluted EPS": -1.01,
        "Total Revenue": NaN,
        "Gross Profit": NaN,
        "Operating Income": -3,
        "EBIT": -3,
        "Net Income": -3
    },
    "2014-06-30": {
        "Diluted EPS": -0.75,
        "Total Revenue": NaN,
        "Gross Profit": NaN,
        "Operating Income": -2,
        "EBIT": -2,
        "Net Income": -2
    },
    "2014-03-31": {
        "Diluted EPS": -0.73,
        "Total Revenue": NaN,
        "Gross Profit": NaN,
        "Operating Income": -2,
        "EBIT": -2,
        "Net Income": -2
    },
    "2013-12-31": {
        "Diluted EPS": 0.0,
        "Total Revenue": NaN,
        "Gross Profit": NaN,
        "Operating Income": NaN,
        "EBIT": NaN,
        "Net Income": NaN
    },
    "2023-06-30": {
        "Tax Effect Of Unusual Items": 0.0,
        "Tax Rate For Calcs": 0.0,
        "Normalized EBITDA": -6719000.0,
        "Total Unusual Items": -762000.0,
        "Total Unusual Items Excluding Goodwill": -762000.0,
        "Net Income From Continuing Operation Net Minority Interest": -12150000.0,
        "Reconciled Depreciation": 621000.0,
        "Reconciled Cost Of Revenue": 491000.0,
        "EBITDA": -7481000.0,
        "EBIT": -8102000.0,
        "Net Interest Income": -3453000.0,
        "Interest Expense": 3453000.0,
        "Normalized Income": -11388000.0,
        "Net Income From Continuing And Discontinued Operation": -12150000.0,
        "Total Expenses": 10778000.0,
        "Rent Expense Supplemental": 212000.0,
        "Total Operating Income As Reported": -8102000.0,
        "Diluted Average Shares": 293858.0,
        "Basic Average Shares": 293858.0,
        "Diluted EPS": -41.35,
        "Basic EPS": -41.35,
        "Diluted NI Availto Com Stockholders": -12150000.0,
        "Net Income Common Stockholders": -12150000.0,
        "Net Income": -12150000.0,
        "Minority Interests": 141000.0,
        "Net Income Including Noncontrolling Interests": -12291000.0,
        "Net Income Continuous Operations": -12291000.0,
        "Tax Provision": 0.0,
        "Pretax Income": -12291000.0,
        "Other Income Expense": -736000.0,
        "Other Non Operating Income Expenses": 26000.0,
        "Special Income Charges": 0.0,
        "Other Special Charges": NaN,
        "Gain On Sale Of Security": -762000.0,
        "Net Non Operating Interest Income Expense": -3453000.0,
        "Total Other Finance Cost": 3453000.0,
        "Interest Expense Non Operating": 3453000.0,
        "Operating Income": -8102000.0,
        "Operating Expense": 10287000.0,
        "Research And Development": 4277000.0,
        "Selling General And Administration": 6010000.0,
        "Selling And Marketing Expense": 878000.0,
        "General And Administrative Expense": 5132000.0,
        "Other Gand A": 2697000.0,
        "Rent And Landing Fees": 212000.0,
        "Salaries And Wages": 2223000.0,
        "Gross Profit": 2185000.0,
        "Cost Of Revenue": 491000.0,
        "Total Revenue": 2676000.0,
        "Operating Revenue": 3461000.0
    },
    "2023-09-30": {
        "Tax Effect Of Unusual Items": NaN,
        "Tax Rate For Calcs": NaN,
        "Normalized EBITDA": NaN,
        "Total Unusual Items": NaN,
        "Total Unusual Items Excluding Goodwill": NaN,
        "Net Income From Continuing Operation Net Minority Interest": NaN,
        "Reconciled Depreciation": NaN,
        "Reconciled Cost Of Revenue": NaN,
        "EBITDA": NaN,
        "EBIT": NaN,
        "Net Interest Income": NaN,
        "Interest Expense": 500000.0,
        "Interest Income": NaN,
        "Normalized Income": NaN,
        "Net Income From Continuing And Discontinued Operation": NaN,
        "Total Expenses": NaN,
        "Rent Expense Supplemental": NaN,
        "Total Operating Income As Reported": NaN,
        "Diluted Average Shares": 13826.0,
        "Basic Average Shares": 13826.0,
        "Diluted EPS": -562.5,
        "Basic EPS": -562.5,
        "Diluted NI Availto Com Stockholders": NaN,
        "Net Income Common Stockholders": NaN,
        "Net Income": NaN,
        "Minority Interests": NaN,
        "Net Income Including Noncontrolling Interests": NaN,
        "Net Income Continuous Operations": NaN,
        "Tax Provision": NaN,
        "Pretax Income": NaN,
        "Other Income Expense": NaN,
        "Other Non Operating Income Expenses": NaN,
        "Special Income Charges": NaN,
        "Other Special Charges": -3697000.0,
        "Gain On Sale Of Security": NaN,
        "Net Non Operating Interest Income Expense": NaN,
        "Total Other Finance Cost": 500000.0,
        "Interest Expense Non Operating": 500000.0,
        "Interest Income Non Operating": NaN,
        "Operating Income": NaN,
        "Operating Expense": NaN,
        "Research And Development": NaN,
        "Selling General And Administration": NaN,
        "Selling And Marketing Expense": NaN,
        "General And Administrative Expense": NaN,
        "Other Gand A": NaN,
        "Rent And Landing Fees": NaN,
        "Salaries And Wages": NaN,
        "Gross Profit": NaN,
        "Cost Of Revenue": NaN,
        "Total Revenue": NaN,
        "Operating Revenue": NaN
    },
    "2024-03-31": {
        "Tax Effect Of Unusual Items": NaN,
        "Tax Rate For Calcs": NaN,
        "Normalized EBITDA": NaN,
        "Total Unusual Items": NaN,
        "Total Unusual Items Excluding Goodwill": NaN,
        "Net Income From Continuing Operation Net Minority Interest": NaN,
        "Reconciled Depreciation": NaN,
        "Reconciled Cost Of Revenue": NaN,
        "EBITDA": NaN,
        "EBIT": NaN,
        "Net Interest Income": NaN,
        "Interest Expense": 611000.0,
        "Interest Income": NaN,
        "Normalized Income": NaN,
        "Net Income From Continuing And Discontinued Operation": NaN,
        "Total Expenses": NaN,
        "Rent Expense Supplemental": NaN,
        "Total Operating Income As Reported": NaN,
        "Diluted Average Shares": NaN,
        "Basic Average Shares": NaN,
        "Diluted EPS": NaN,
        "Basic EPS": NaN,
        "Diluted NI Availto Com Stockholders": NaN,
        "Net Income Common Stockholders": NaN,
        "Net Income": NaN,
        "Minority Interests": NaN,
        "Net Income Including Noncontrolling Interests": NaN,
        "Net Income Continuous Operations": NaN,
        "Tax Provision": NaN,
        "Pretax Income": NaN,
        "Other Income Expense": NaN,
        "Other Non Operating Income Expenses": NaN,
        "Special Income Charges": NaN,
        "Other Special Charges": -1245000.0,
        "Gain On Sale Of Security": NaN,
        "Net Non Operating Interest Income Expense": NaN,
        "Total Other Finance Cost": NaN,
        "Interest Expense Non Operating": 611000.0,
        "Interest Income Non Operating": NaN,
        "Operating Income": NaN,
        "Operating Expense": NaN,
        "Research And Development": NaN,
        "Selling General And Administration": NaN,
        "Selling And Marketing Expense": NaN,
        "General And Administrative Expense": NaN,
        "Other Gand A": NaN,
        "Rent And Landing Fees": NaN,
        "Salaries And Wages": NaN,
        "Gross Profit": NaN,
        "Cost Of Revenue": NaN,
        "Total Revenue": NaN,
        "Operating Revenue": NaN
    },
    "2024-06-30": {
        "Tax Effect Of Unusual Items": NaN,
        "Tax Rate For Calcs": NaN,
        "Normalized EBITDA": NaN,
        "Total Unusual Items": NaN,
        "Total Unusual Items Excluding Goodwill": NaN,
        "Net Income From Continuing Operation Net Minority Interest": NaN,
        "Reconciled Depreciation": NaN,
        "Reconciled Cost Of Revenue": NaN,
        "EBITDA": NaN,
        "EBIT": NaN,
        "Net Interest Income": NaN,
        "Interest Income": NaN,
        "Normalized Income": NaN,
        "Net Income From Continuing And Discontinued Operation": NaN,
        "Total Expenses": NaN,
        "Rent Expense Supplemental": NaN,
        "Total Operating Income As Reported": NaN,
        "Diluted Average Shares": 142919.0,
        "Basic Average Shares": 142919.0,
        "Diluted EPS": -66.5,
        "Basic EPS": -66.5,
        "Diluted NI Availto Com Stockholders": NaN,
        "Net Income Common Stockholders": NaN,
        "Net Income": NaN,
        "Minority Interests": NaN,
        "Net Income Including Noncontrolling Interests": NaN,
        "Net Income Continuous Operations": NaN,
        "Tax Provision": NaN,
        "Pretax Income": NaN,
        "Other Income Expense": NaN,
        "Other Non Operating Income Expenses": NaN,
        "Special Income Charges": NaN,
        "Other Special Charges": NaN,
        "Gain On Sale Of Security": NaN,
        "Net Non Operating Interest Income Expense": NaN,
        "Total Other Finance Cost": -108000.0,
        "Interest Income Non Operating": NaN,
        "Operating Income": NaN,
        "Operating Expense": NaN,
        "Research And Development": NaN,
        "Selling General And Administration": NaN,
        "Selling And Marketing Expense": NaN,
        "General And Administrative Expense": NaN,
        "Other Gand A": NaN,
        "Rent And Landing Fees": NaN,
        "Salaries And Wages": NaN,
        "Gross Profit": NaN,
        "Cost Of Revenue": NaN,
        "Total Revenue": NaN,
        "Operating Revenue": NaN
    },
    "2024-09-30": {
        "Tax Effect Of Unusual Items": 0.0,
        "Tax Rate For Calcs": 0.0,
        "Normalized EBITDA": -3577000.0,
        "Total Unusual Items": -3089000.0,
        "Total Unusual Items Excluding Goodwill": -3089000.0,
        "Net Income From Continuing Operation Net Minority Interest": -9854000.0,
        "Reconciled Depreciation": 596000.0,
        "Reconciled Cost Of Revenue": 541000.0,
        "EBITDA": -6666000.0,
        "EBIT": -7262000.0,
        "Net Interest Income": 162000.0,
        "Interest Income": NaN,
        "Normalized Income": -6765000.0,
        "Net Income From Continuing And Discontinued Operation": -9854000.0,
        "Total Expenses": 10370000.0,
        "Rent Expense Supplemental": 296000.0,
        "Total Operating Income As Reported": -7262000.0,
        "Diluted Average Shares": 374805.0,
        "Basic Average Shares": 374805.0,
        "Diluted EPS": -26.29,
        "Basic EPS": -26.29,
        "Diluted NI Availto Com Stockholders": -9854000.0,
        "Net Income Common Stockholders": -9854000.0,
        "Net Income": -9854000.0,
        "Minority Interests": 167000.0,
        "Net Income Including Noncontrolling Interests": -10021000.0,
        "Net Income Continuous Operations": -10021000.0,
        "Tax Provision": 0.0,
        "Pretax Income": -10021000.0,
        "Other Income Expense": -2921000.0,
        "Other Non Operating Income Expenses": 168000.0,
        "Special Income Charges": 0.0,
        "Other Special Charges": NaN,
        "Gain On Sale Of Security": -3089000.0,
        "Net Non Operating Interest Income Expense": 162000.0,
        "Total Other Finance Cost": -162000.0,
        "Interest Income Non Operating": NaN,
        "Operating Income": -7262000.0,
        "Operating Expense": 9829000.0,
        "Research And Development": 4043000.0,
        "Selling General And Administration": 5786000.0,
        "Selling And Marketing Expense": 837000.0,
        "General And Administrative Expense": 4949000.0,
        "Other Gand A": 2564000.0,
        "Rent And Landing Fees": 296000.0,
        "Salaries And Wages": 2089000.0,
        "Gross Profit": 2567000.0,
        "Cost Of Revenue": 541000.0,
        "Total Revenue": 3108000.0,
        "Operating Revenue": 4023000.0
    },
    "2024-12-31": {
        "Tax Effect Of Unusual Items": 0.0,
        "Tax Rate For Calcs": 0.0,
        "Normalized EBITDA": -13188000.0,
        "Total Unusual Items": -2565000.0,
        "Total Unusual Items Excluding Goodwill": -2565000.0,
        "Net Income From Continuing Operation Net Minority Interest": -9920000.0,
        "Reconciled Depreciation": 593000.0,
        "Reconciled Cost Of Revenue": 557000.0,
        "EBITDA": -15753000.0,
        "EBIT": -16346000.0,
        "Net Interest Income": 110000.0,
        "Interest Income": NaN,
        "Normalized Income": -7355000.0,
        "Net Income From Continuing And Discontinued Operation": -9920000.0,
        "Total Expenses": 11666000.0,
        "Rent Expense Supplemental": 169000.0,
        "Total Operating Income As Reported": -8157000.0,
        "Diluted Average Shares": NaN,
        "Basic Average Shares": NaN,
        "Diluted EPS": NaN,
        "Basic EPS": NaN,
        "Diluted NI Availto Com Stockholders": -9920000.0,
        "Net Income Common Stockholders": -9920000.0,
        "Net Income": -9920000.0,
        "Minority Interests": 314000.0,
        "Net Income Including Noncontrolling Interests": -10234000.0,
        "Net Income Continuous Operations": -10234000.0,
        "Tax Provision": 0.0,
        "Pretax Income": -10234000.0,
        "Other Income Expense": -2187000.0,
        "Other Non Operating Income Expenses": 378000.0,
        "Special Income Charges": 0.0,
        "Other Special Charges": 0.0,
        "Gain On Sale Of Security": -2565000.0,
        "Net Non Operating Interest Income Expense": 110000.0,
        "Total Other Finance Cost": NaN,
        "Interest Income Non Operating": NaN,
        "Operating Income": -8157000.0,
        "Operating Expense": 11109000.0,
        "Research And Development": 4534000.0,
        "Selling General And Administration": 6575000.0,
        "Selling And Marketing Expense": 1542000.0,
        "General And Administrative Expense": 5033000.0,
        "Other Gand A": 2095000.0,
        "Rent And Landing Fees": 169000.0,
        "Salaries And Wages": 2769000.0,
        "Gross Profit": 2952000.0,
        "Cost Of Revenue": 557000.0,
        "Total Revenue": 3509000.0,
        "Operating Revenue": 4516000.0
    },
    "2023-12-31": {
        "Tax Effect Of Unusual Items": NaN,
        "Tax Rate For Calcs": NaN,
        "Normalized EBITDA": NaN,
        "Total Unusual Items": NaN,
        "Total Unusual Items Excluding Goodwill": NaN,
        "Net Income From Continuing Operation Net Minority Interest": NaN,
        "Reconciled Depreciation": NaN,
        "Reconciled Cost Of Revenue": NaN,
        "EBITDA": NaN,
        "EBIT": NaN,
        "Net Interest Income": NaN,
        "Interest Expense": 248000.0,
        "Interest Income": NaN,
        "Normalized Income": NaN,
        "Net Income From Continuing And Discontinued Operation": NaN,
        "Total Expenses": NaN,
        "Rent Expense Supplemental": NaN,
        "Total Operating Income As Reported": NaN,
        "Diluted Average Shares": NaN,
        "Basic Average Shares": NaN,
        "Diluted EPS": NaN,
        "Basic EPS": NaN,
        "Diluted NI Availto Com Stockholders": NaN,
        "Net Income Common Stockholders": NaN,
        "Net Income": NaN,
        "Minority Interests": NaN,
        "Net Income Including Noncontrolling Interests": NaN,
        "Net Income Continuous Operations": NaN,
        "Tax Provision": NaN,
        "Pretax Income": NaN,
        "Other Income Expense": NaN,
        "Other Non Operating Income Expenses": NaN,
        "Special Income Charges": NaN,
        "Other Special Charges": 0.0,
        "Gain On Sale Of Security": NaN,
        "Net Non Operating Interest Income Expense": NaN,
        "Total Other Finance Cost": NaN,
        "Interest Expense Non Operating": 248000.0,
        "Interest Income Non Operating": NaN,
        "Operating Income": NaN,
        "Operating Expense": NaN,
        "Research And Development": NaN,
        "Selling General And Administration": NaN,
        "Selling And Marketing Expense": NaN,
        "General And Administrative Expense": NaN,
        "Other Gand A": NaN,
        "Rent And Landing Fees": NaN,
        "Salaries And Wages": NaN,
        "Gross Profit": NaN,
        "Cost Of Revenue": NaN,
        "Total Revenue": NaN,
        "Operating Revenue": NaN
    },
    "2025-03-31": {
        "Tax Effect Of Unusual Items": 0.0,
        "Tax Rate For Calcs": 0.0,
        "Normalized EBITDA": -7532000.0,
        "Total Unusual Items": -1343000.0,
        "Total Unusual Items Excluding Goodwill": -1343000.0,
        "Net Income From Continuing Operation Net Minority Interest": -10464000.0,
        "Reconciled Depreciation": 546000.0,
        "Reconciled Cost Of Revenue": 515000.0,
        "EBITDA": -8875000.0,
        "EBIT": -9421000.0,
        "Net Interest Income": 56000.0,
        "Interest Income": 56000.0,
        "Normalized Income": -9121000.0,
        "Net Income From Continuing And Discontinued Operation": -10464000.0,
        "Total Expenses": 11635000.0,
        "Rent Expense Supplemental": 132000.0,
        "Total Operating Income As Reported": -9421000.0,
        "Diluted Average Shares": 626644.0,
        "Basic Average Shares": 626644.0,
        "Diluted EPS": -16.7,
        "Basic EPS": -16.7,
        "Diluted NI Availto Com Stockholders": -10464000.0,
        "Net Income Common Stockholders": -10464000.0,
        "Net Income": -10464000.0,
        "Minority Interests": 132000.0,
        "Net Income Including Noncontrolling Interests": -10596000.0,
        "Net Income Continuous Operations": -10596000.0,
        "Tax Provision": 0.0,
        "Pretax Income": -10596000.0,
        "Other Income Expense": -1231000.0,
        "Other Non Operating Income Expenses": 112000.0,
        "Special Income Charges": 0.0,
        "Other Special Charges": NaN,
        "Gain On Sale Of Security": -1343000.0,
        "Net Non Operating Interest Income Expense": 56000.0,
        "Total Other Finance Cost": NaN,
        "Interest Income Non Operating": 56000.0,
        "Operating Income": -9421000.0,
        "Operating Expense": 11120000.0,
        "Research And Development": 3730000.0,
        "Selling General And Administration": 7390000.0,
        "Selling And Marketing Expense": 1240000.0,
        "General And Administrative Expense": 6150000.0,
        "Other Gand A": 3476000.0,
        "Rent And Landing Fees": 132000.0,
        "Salaries And Wages": 2542000.0,
        "Gross Profit": 1699000.0,
        "Cost Of Revenue": 515000.0,
        "Total Revenue": 2214000.0,
        "Operating Revenue": 3226000.0
    },
    "2025-06-30": {
        "Tax Effect Of Unusual Items": 0.0,
        "Tax Rate For Calcs": 0.0,
        "Normalized EBITDA": -4561000.0,
        "Total Unusual Items": -2890000.0,
        "Total Unusual Items Excluding Goodwill": -2890000.0,
        "Net Income From Continuing Operation Net Minority Interest": -10407000.0,
        "Reconciled Depreciation": 556000.0,
        "Reconciled Cost Of Revenue": 527000.0,
        "EBITDA": -7451000.0,
        "EBIT": -8007000.0,
        "Net Interest Income": 15000.0,
        "Interest Income": NaN,
        "Normalized Income": -7517000.0,
        "Net Income From Continuing And Discontinued Operation": -10407000.0,
        "Total Expenses": 10986000.0,
        "Rent Expense Supplemental": 131000.0,
        "Total Operating Income As Reported": -8007000.0,
        "Diluted Average Shares": 1014783.0,
        "Basic Average Shares": 1014783.0,
        "Diluted EPS": -10.26,
        "Basic EPS": -10.26,
        "Diluted NI Availto Com Stockholders": -10407000.0,
        "Net Income Common Stockholders": -10407000.0,
        "Net Income": -10407000.0,
        "Minority Interests": 153000.0,
        "Net Income Including Noncontrolling Interests": -10560000.0,
        "Net Income Continuous Operations": -10560000.0,
        "Tax Provision": 0.0,
        "Pretax Income": -10560000.0,
        "Other Income Expense": -2568000.0,
        "Other Non Operating Income Expenses": 322000.0,
        "Special Income Charges": -1822000.0,
        "Other Special Charges": 1822000.0,
        "Gain On Sale Of Security": -1068000.0,
        "Net Non Operating Interest Income Expense": 15000.0,
        "Total Other Finance Cost": -15000.0,
        "Interest Income Non Operating": NaN,
        "Operating Income": -8007000.0,
        "Operating Expense": 10459000.0,
        "Research And Development": 3265000.0,
        "Selling General And Administration": 7194000.0,
        "Selling And Marketing Expense": 1034000.0,
        "General And Administrative Expense": 6160000.0,
        "Other Gand A": 3364000.0,
        "Rent And Landing Fees": 131000.0,
        "Salaries And Wages": 2665000.0,
        "Gross Profit": 2452000.0,
        "Cost Of Revenue": 527000.0,
        "Total Revenue": 2979000.0,
        "Operating Revenue": 3945000.0
    },
    "2025-09-30": {
        "Tax Effect Of Unusual Items": 0.0,
        "Tax Rate For Calcs": 0.0,
        "Normalized EBITDA": -4371000.0,
        "Total Unusual Items": -2310000.0,
        "Total Unusual Items Excluding Goodwill": -2310000.0,
        "Net Income From Continuing Operation Net Minority Interest": -9502000.0,
        "Reconciled Depreciation": 557000.0,
        "Reconciled Cost Of Revenue": 532000.0,
        "EBITDA": -6681000.0,
        "EBIT": -7238000.0,
        "Net Interest Income": -6000.0,
        "Interest Income": NaN,
        "Normalized Income": -7192000.0,
        "Net Income From Continuing And Discontinued Operation": -9502000.0,
        "Total Expenses": 10321000.0,
        "Rent Expense Supplemental": 170000.0,
        "Total Operating Income As Reported": -7238000.0,
        "Diluted Average Shares": 1513178.0,
        "Basic Average Shares": 1513178.0,
        "Diluted EPS": -6.28,
        "Basic EPS": -6.28,
        "Diluted NI Availto Com Stockholders": -9502000.0,
        "Net Income Common Stockholders": -9502000.0,
        "Net Income": -9502000.0,
        "Minority Interests": 146000.0,
        "Net Income Including Noncontrolling Interests": -9648000.0,
        "Net Income Continuous Operations": -9648000.0,
        "Tax Provision": 0.0,
        "Pretax Income": -9648000.0,
        "Other Income Expense": -2404000.0,
        "Other Non Operating Income Expenses": -94000.0,
        "Special Income Charges": 0.0,
        "Other Special Charges": NaN,
        "Gain On Sale Of Security": -2310000.0,
        "Net Non Operating Interest Income Expense": -6000.0,
        "Total Other Finance Cost": 6000.0,
        "Interest Income Non Operating": NaN,
        "Operating Income": -7238000.0,
        "Operating Expense": 9789000.0,
        "Research And Development": 3658000.0,
        "Selling General And Administration": 6131000.0,
        "Selling And Marketing Expense": 737000.0,
        "General And Administrative Expense": 5394000.0,
        "Other Gand A": 2855000.0,
        "Rent And Landing Fees": 170000.0,
        "Salaries And Wages": 2369000.0,
        "Gross Profit": 2551000.0,
        "Cost Of Revenue": 532000.0,
        "Total Revenue": 3083000.0,
        "Operating Revenue": 4072000.0
    }
}