{
    "2023-06-30": {
        "Tax Effect Of Unusual Items": 0.0,
        "Tax Rate For Calcs": 0.26,
        "Normalized EBITDA": 450684000.0,
        "Net Income From Continuing Operation Net Minority Interest": 189552000.0,
        "Reconciled Depreciation": 179972000.0,
        "Reconciled Cost Of Revenue": 2578280000.0,
        "EBITDA": 450684000.0,
        "EBIT": 270712000.0,
        "Net Interest Income": -14604000.0,
        "Interest Expense": 14604000.0,
        "Normalized Income": 189552000.0,
        "Net Income From Continuing And Discontinued Operation": 189552000.0,
        "Total Expenses": 2861911000.0,
        "Rent Expense Supplemental": 1404586000.0,
        "Total Operating Income As Reported": 270712000.0,
        "Diluted Average Shares": 104566000.0,
        "Basic Average Shares": 103344606.0,
        "Diluted EPS": 1.81,
        "Basic EPS": 1.834174,
        "Diluted NI Availto Com Stockholders": 189552000.0,
        "Net Income Common Stockholders": 189552000.0,
        "Net Income": 189552000.0,
        "Net Income Including Noncontrolling Interests": 189552000.0,
        "Net Income Continuous Operations": 189552000.0,
        "Tax Provision": 66556000.0,
        "Pretax Income": 256108000.0,
        "Net Non Operating Interest Income Expense": -14604000.0,
        "Interest Expense Non Operating": 14604000.0,
        "Operating Income": 270712000.0,
        "Operating Expense": 283631000.0,
        "Other Operating Expenses": 128949000.0,
        "Other Taxes": 18951000.0,
        "Selling General And Administration": 135731000.0,
        "General And Administrative Expense": 135731000.0,
        "Other Gand A": 71838000.0,
        "Insurance And Claims": 63893000.0,
        "Gross Profit": 554343000.0,
        "Cost Of Revenue": 2578280000.0,
        "Total Revenue": 3132623000.0,
        "Operating Revenue": 3132623000.0
    },
    "2023-03-31": {
        "Tax Effect Of Unusual Items": 0.0,
        "Tax Rate For Calcs": 0.247,
        "Normalized EBITDA": 453301000.0,
        "Net Income From Continuing Operation Net Minority Interest": 197768000.0,
        "Reconciled Depreciation": 175812000.0,
        "Reconciled Cost Of Revenue": 2664443000.0,
        "EBITDA": 453301000.0,
        "EBIT": 277489000.0,
        "Net Interest Income": -14789000.0,
        "Interest Expense": 14789000.0,
        "Normalized Income": 197768000.0,
        "Net Income From Continuing And Discontinued Operation": 197768000.0,
        "Total Expenses": 2952099000.0,
        "Rent Expense Supplemental": 1467798000.0,
        "Total Operating Income As Reported": 277489000.0,
        "Diluted Average Shares": 104729000.0,
        "Basic Average Shares": 103648000.0,
        "Diluted EPS": 1.89,
        "Basic EPS": 1.908073,
        "Diluted NI Availto Com Stockholders": 197768000.0,
        "Net Income Common Stockholders": 197768000.0,
        "Net Income": 197768000.0,
        "Net Income Including Noncontrolling Interests": 197768000.0,
        "Net Income Continuous Operations": 197768000.0,
        "Tax Provision": 64932000.0,
        "Pretax Income": 262700000.0,
        "Net Non Operating Interest Income Expense": -14789000.0,
        "Interest Expense Non Operating": 14789000.0,
        "Operating Income": 277489000.0,
        "Operating Expense": 287656000.0,
        "Other Operating Expenses": 128360000.0,
        "Other Taxes": 18108000.0,
        "Selling General And Administration": 141188000.0,
        "General And Administrative Expense": 141188000.0,
        "Other Gand A": 70860000.0,
        "Insurance And Claims": 70328000.0,
        "Gross Profit": 565145000.0,
        "Cost Of Revenue": 2664443000.0,
        "Total Revenue": 3229588000.0,
        "Operating Revenue": 3229588000.0
    },
    "2022-12-31": {
        "Tax Effect Of Unusual Items": 0.0,
        "Tax Rate For Calcs": 0.256523,
        "Normalized EBITDA": 454623000.0,
        "Net Income From Continuing Operation Net Minority Interest": 201303000.0,
        "Reconciled Depreciation": 171606000.0,
        "Reconciled Cost Of Revenue": 3027927000.0,
        "EBITDA": 454623000.0,
        "EBIT": 283017000.0,
        "Net Interest Income": -11189000.0,
        "Interest Expense": 12258000.0,
        "Normalized Income": 201303000.0,
        "Net Income From Continuing And Discontinued Operation": 201303000.0,
        "Total Expenses": 3367674000.0,
        "Rent Expense Supplemental": 1742168000.0,
        "Total Operating Income As Reported": 281948000.0,
        "Diluted Average Shares": 104737000.0,
        "Basic Average Shares": 103743382.0,
        "Diluted EPS": 1.92,
        "Basic EPS": 1.940394,
        "Diluted NI Availto Com Stockholders": 201303000.0,
        "Net Income Common Stockholders": 201303000.0,
        "Net Income": 201303000.0,
        "Net Income Including Noncontrolling Interests": 201303000.0,
        "Net Income Continuous Operations": 201303000.0,
        "Tax Provision": 69456000.0,
        "Pretax Income": 270759000.0,
        "Net Non Operating Interest Income Expense": -11189000.0,
        "Interest Expense Non Operating": 12258000.0,
        "Operating Income": 281948000.0,
        "Operating Expense": 339747000.0,
        "Other Operating Expenses": 130885000.0,
        "Other Taxes": 19076000.0,
        "Selling General And Administration": 189786000.0,
        "General And Administrative Expense": 189786000.0,
        "Other Gand A": 65240000.0,
        "Insurance And Claims": 124546000.0,
        "Gross Profit": 621695000.0,
        "Cost Of Revenue": 3027927000.0,
        "Total Revenue": 3649622000.0,
        "Operating Revenue": 3649622000.0
    },
    "2022-09-30": {
        "Tax Effect Of Unusual Items": 0.0,
        "Tax Rate For Calcs": 0.227,
        "Normalized EBITDA": 362228000.0,
        "Net Income From Continuing Operation Net Minority Interest": 269382000.0,
        "Reconciled Depreciation": 166580000.0,
        "Reconciled Cost Of Revenue": 3188530000.0,
        "EBITDA": 362228000.0,
        "EBIT": 362228000.0,
        "Net Interest Income": -13562000.0,
        "Interest Expense": 13562000.0,
        "Normalized Income": 269382000.0,
        "Net Income From Continuing And Discontinued Operation": 269382000.0,
        "Total Expenses": 3476029000.0,
        "Rent Expense Supplemental": 1891848000.0,
        "Total Operating Income As Reported": 362228000.0,
        "Diluted Average Shares": 104924000.0,
        "Basic Average Shares": 103537423.0,
        "Diluted EPS": 2.57,
        "Basic EPS": 2.601784,
        "Diluted NI Availto Com Stockholders": 269382000.0,
        "Net Income Common Stockholders": 269382000.0,
        "Net Income": 269382000.0,
        "Net Income Including Noncontrolling Interests": 269382000.0,
        "Net Income Continuous Operations": 269382000.0,
        "Tax Provision": 79284000.0,
        "Pretax Income": 348666000.0,
        "Net Non Operating Interest Income Expense": -13562000.0,
        "Interest Expense Non Operating": 13562000.0,
        "Operating Income": 362228000.0,
        "Operating Expense": 287499000.0,
        "Other Operating Expenses": 138346000.0,
        "Other Taxes": 17082000.0,
        "Selling General And Administration": 132071000.0,
        "General And Administrative Expense": 132071000.0,
        "Other Gand A": 71882000.0,
        "Insurance And Claims": 60189000.0,
        "Gross Profit": 649727000.0,
        "Cost Of Revenue": 3188530000.0,
        "Total Revenue": 3838257000.0,
        "Operating Revenue": 3838257000.0
    },
    "2022-06-30": {
        "Tax Effect Of Unusual Items": 0.0,
        "Tax Rate For Calcs": 0.25,
        "Normalized EBITDA": 353083000.0,
        "Net Income From Continuing Operation Net Minority Interest": 255341000.0,
        "Reconciled Depreciation": 157571000.0,
        "Reconciled Cost Of Revenue": 3185855000.0,
        "EBITDA": 353083000.0,
        "EBIT": 353083000.0,
        "Net Interest Income": -12842000.0,
        "Interest Expense": 12842000.0,
        "Normalized Income": 255341000.0,
        "Net Income From Continuing And Discontinued Operation": 255341000.0,
        "Total Expenses": 3484449000.0,
        "Rent Expense Supplemental": 1920823000.0,
        "Total Operating Income As Reported": 353083000.0,
        "Diluted Average Shares": 105387000.0,
        "Basic Average Shares": 103813143.0,
        "Diluted EPS": 2.42,
        "Basic EPS": 2.459621,
        "Diluted NI Availto Com Stockholders": 255341000.0,
        "Net Income Common Stockholders": 255341000.0,
        "Net Income": 255341000.0,
        "Net Income Including Noncontrolling Interests": 255341000.0,
        "Net Income Continuous Operations": 255341000.0,
        "Tax Provision": 84900000.0,
        "Pretax Income": 340241000.0,
        "Net Non Operating Interest Income Expense": -12842000.0,
        "Interest Expense Non Operating": 12842000.0,
        "Operating Income": 353083000.0,
        "Operating Expense": 298594000.0,
        "Other Operating Expenses": 126383000.0,
        "Other Taxes": 16323000.0,
        "Selling General And Administration": 155888000.0,
        "General And Administrative Expense": 155888000.0,
        "Other Gand A": 68630000.0,
        "Insurance And Claims": 87258000.0,
        "Gross Profit": 651677000.0,
        "Cost Of Revenue": 3185855000.0,
        "Total Revenue": 3837532000.0,
        "Operating Revenue": 3837532000.0
    },
    "2022-03-31": {
        "Diluted EPS": 2.29,
        "Total Revenue": NaN,
        "Gross Profit": NaN,
        "Operating Income": 334,
        "EBIT": 483,
        "Net Income": 243
    },
    "2021-12-31": {
        "Diluted EPS": 2.28,
        "Total Revenue": NaN,
        "Gross Profit": NaN,
        "Operating Income": 323,
        "EBIT": 464,
        "Net Income": 242
    },
    "2021-09-30": {
        "Diluted EPS": 1.88,
        "Total Revenue": NaN,
        "Gross Profit": NaN,
        "Operating Income": 274,
        "EBIT": 413,
        "Net Income": 200
    },
    "2021-06-30": {
        "Diluted EPS": 1.61,
        "Total Revenue": NaN,
        "Gross Profit": NaN,
        "Operating Income": 242,
        "EBIT": 381,
        "Net Income": 172
    },
    "2021-03-31": {
        "Diluted EPS": 1.37,
        "Total Revenue": NaN,
        "Gross Profit": NaN,
        "Operating Income": 208,
        "EBIT": 345,
        "Net Income": 147
    },
    "2020-12-31": {
        "Diluted EPS": 1.44,
        "Total Revenue": NaN,
        "Gross Profit": NaN,
        "Operating Income": 208,
        "EBIT": 342,
        "Net Income": 154
    },
    "2020-09-30": {
        "Diluted EPS": 1.18,
        "Total Revenue": NaN,
        "Gross Profit": NaN,
        "Operating Income": 176,
        "EBIT": 308,
        "Net Income": 125
    },
    "2020-06-30": {
        "Diluted EPS": 1.14,
        "Total Revenue": NaN,
        "Gross Profit": 957,
        "Operating Income": 175,
        "EBIT": 305,
        "Net Income": 122
    },
    "2020-03-31": {
        "Diluted EPS": 0.98,
        "Total Revenue": NaN,
        "Gross Profit": 958,
        "Operating Income": 155,
        "EBIT": 285,
        "Net Income": 105
    },
    "2019-12-31": {
        "Diluted EPS": 1.35,
        "Total Revenue": NaN,
        "Gross Profit": NaN,
        "Operating Income": 205,
        "EBIT": 333,
        "Net Income": 145
    },
    "2019-09-30": {
        "Diluted EPS": 1.1,
        "Total Revenue": NaN,
        "Gross Profit": 965,
        "Operating Income": 168,
        "EBIT": 295,
        "Net Income": 118
    },
    "2019-06-30": {
        "Diluted EPS": 1.23,
        "Total Revenue": NaN,
        "Gross Profit": 973,
        "Operating Income": 193,
        "EBIT": 317,
        "Net Income": 134
    },
    "2019-03-31": {
        "Diluted EPS": 1.09,
        "Total Revenue": NaN,
        "Gross Profit": 899,
        "Operating Income": 168,
        "EBIT": 288,
        "Net Income": 120
    },
    "2018-12-31": {
        "Diluted EPS": 0.8,
        "Total Revenue": NaN,
        "Gross Profit": 852,
        "Operating Income": 123,
        "EBIT": 237,
        "Net Income": 89
    },
    "2018-09-30": {
        "Diluted EPS": 1.19,
        "Total Revenue": NaN,
        "Gross Profit": 887,
        "Operating Income": 175,
        "EBIT": 283,
        "Net Income": 131
    },
    "2018-06-30": {
        "Diluted EPS": 1.37,
        "Total Revenue": NaN,
        "Gross Profit": 874,
        "Operating Income": 215,
        "EBIT": 322,
        "Net Income": 152
    },
    "2018-03-31": {
        "Diluted EPS": 1.07,
        "Total Revenue": NaN,
        "Gross Profit": 805,
        "Operating Income": 169,
        "EBIT": 274,
        "Net Income": 118
    },
    "2017-12-31": {
        "Diluted EPS": 3.47,
        "Total Revenue": NaN,
        "Gross Profit": 796,
        "Operating Income": 146,
        "EBIT": 248,
        "Net Income": 385
    },
    "2017-09-30": {
        "Diluted EPS": 0.91,
        "Total Revenue": NaN,
        "Gross Profit": 742,
        "Operating Income": 165,
        "EBIT": 261,
        "Net Income": 100
    },
    "2017-06-30": {
        "Diluted EPS": 0.88,
        "Total Revenue": NaN,
        "Gross Profit": 712,
        "Operating Income": 164,
        "EBIT": 257,
        "Net Income": 98
    },
    "2017-03-31": {
        "Diluted EPS": 0.92,
        "Total Revenue": NaN,
        "Gross Profit": 684,
        "Operating Income": 149,
        "EBIT": 242,
        "Net Income": 103
    },
    "2016-12-31": {
        "Diluted EPS": 1.04,
        "Total Revenue": NaN,
        "Gross Profit": 709,
        "Operating Income": 194,
        "EBIT": 286,
        "Net Income": 118
    },
    "2016-09-30": {
        "Diluted EPS": 0.97,
        "Total Revenue": NaN,
        "Gross Profit": 708,
        "Operating Income": 183,
        "EBIT": 274,
        "Net Income": 109
    },
    "2016-06-30": {
        "Diluted EPS": 0.92,
        "Total Revenue": NaN,
        "Gross Profit": 692,
        "Operating Income": 176,
        "EBIT": 266,
        "Net Income": 105
    },
    "2016-03-31": {
        "Diluted EPS": 0.88,
        "Total Revenue": NaN,
        "Gross Profit": 674,
        "Operating Income": 168,
        "EBIT": 256,
        "Net Income": 100
    },
    "2015-12-31": {
        "Diluted EPS": 1.01,
        "Total Revenue": NaN,
        "Gross Profit": 695,
        "Operating Income": 193,
        "EBIT": 281,
        "Net Income": 117
    },
    "2015-09-30": {
        "Diluted EPS": 0.99,
        "Total Revenue": NaN,
        "Gross Profit": 682,
        "Operating Income": 194,
        "EBIT": 280,
        "Net Income": 115
    },
    "2015-06-30": {
        "Diluted EPS": 0.88,
        "Total Revenue": NaN,
        "Gross Profit": 667,
        "Operating Income": 174,
        "EBIT": 257,
        "Net Income": 103
    },
    "2015-03-31": {
        "Diluted EPS": 0.78,
        "Total Revenue": NaN,
        "Gross Profit": 614,
        "Operating Income": 155,
        "EBIT": 237,
        "Net Income": 92
    },
    "2014-12-31": {
        "Diluted EPS": 0.92,
        "Total Revenue": NaN,
        "Gross Profit": 653,
        "Operating Income": 183,
        "EBIT": 261,
        "Net Income": 110
    },
    "2014-09-30": {
        "Diluted EPS": 0.87,
        "Total Revenue": NaN,
        "Gross Profit": 627,
        "Operating Income": 172,
        "EBIT": 248,
        "Net Income": 102
    },
    "2014-06-30": {
        "Diluted EPS": 0.79,
        "Total Revenue": NaN,
        "Gross Profit": 597,
        "Operating Income": 159,
        "EBIT": 231,
        "Net Income": 93
    },
    "2014-03-31": {
        "Diluted EPS": 0.58,
        "Total Revenue": NaN,
        "Gross Profit": 531,
        "Operating Income": 117,
        "EBIT": 186,
        "Net Income": 69
    },
    "2013-12-31": {
        "Diluted EPS": 0.78,
        "Total Revenue": NaN,
        "Gross Profit": 564,
        "Operating Income": 154,
        "EBIT": 220,
        "Net Income": 92
    },
    "2013-09-30": {
        "Diluted EPS": 0.75,
        "Total Revenue": NaN,
        "Gross Profit": 542,
        "Operating Income": 151,
        "EBIT": 215,
        "Net Income": 89
    },
    "2013-06-30": {
        "Diluted EPS": 0.73,
        "Total Revenue": NaN,
        "Gross Profit": 529,
        "Operating Income": 147,
        "EBIT": 210,
        "Net Income": 88
    },
    "2013-03-31": {
        "Diluted EPS": 0.61,
        "Total Revenue": NaN,
        "Gross Profit": 486,
        "Operating Income": 125,
        "EBIT": 186,
        "Net Income": 73
    },
    "2012-12-31": {
        "Diluted EPS": 0.7,
        "Total Revenue": NaN,
        "Gross Profit": 509,
        "Operating Income": 143,
        "EBIT": 202,
        "Net Income": 84
    },
    "2012-09-30": {
        "Diluted EPS": 0.65,
        "Total Revenue": NaN,
        "Gross Profit": 487,
        "Operating Income": 133,
        "EBIT": 191,
        "Net Income": 78
    },
    "2012-06-30": {
        "Diluted EPS": 0.67,
        "Total Revenue": NaN,
        "Gross Profit": 480,
        "Operating Income": 137,
        "EBIT": 193,
        "Net Income": 80
    },
    "2012-03-31": {
        "Diluted EPS": 0.57,
        "Total Revenue": NaN,
        "Gross Profit": 449,
        "Operating Income": 117,
        "EBIT": 173,
        "Net Income": 68
    },
    "2011-12-31": {
        "Diluted EPS": 0.61,
        "Total Revenue": NaN,
        "Gross Profit": 469,
        "Operating Income": 122,
        "EBIT": 178,
        "Net Income": 73
    },
    "2011-09-30": {
        "Diluted EPS": 0.57,
        "Total Revenue": NaN,
        "Gross Profit": 458,
        "Operating Income": 119,
        "EBIT": 173,
        "Net Income": 69
    },
    "2011-06-30": {
        "Diluted EPS": 0.53,
        "Total Revenue": NaN,
        "Gross Profit": 452,
        "Operating Income": 113,
        "EBIT": 166,
        "Net Income": 66
    },
    "2011-03-31": {
        "Diluted EPS": 0.4,
        "Total Revenue": NaN,
        "Gross Profit": 401,
        "Operating Income": 90,
        "EBIT": 141,
        "Net Income": 50
    },
    "2010-12-31": {
        "Diluted EPS": 0.46,
        "Total Revenue": NaN,
        "Gross Profit": 418,
        "Operating Income": 97,
        "EBIT": 147,
        "Net Income": 58
    },
    "2010-09-30": {
        "Diluted EPS": 0.41,
        "Total Revenue": 986,
        "Gross Profit": 415,
        "Operating Income": 91,
        "EBIT": 141,
        "Net Income": 52
    },
    "2010-06-30": {
        "Diluted EPS": 0.4,
        "Total Revenue": 943,
        "Gross Profit": 400,
        "Operating Income": 91,
        "EBIT": 140,
        "Net Income": 52
    },
    "2010-03-31": {
        "Diluted EPS": 0.29,
        "Total Revenue": 845,
        "Gross Profit": 353,
        "Operating Income": 67,
        "EBIT": 115,
        "Net Income": 37
    },
    "2009-12-31": {
        "Diluted EPS": 0.31,
        "Total Revenue": 877,
        "Gross Profit": 364,
        "Operating Income": 73,
        "EBIT": 120,
        "Net Income": 42
    },
    "2009-09-30": {
        "Diluted EPS": 0.31,
        "Total Revenue": 834,
        "Gross Profit": 356,
        "Operating Income": 71,
        "EBIT": 118,
        "Net Income": 40
    },
    "2009-06-30": {
        "Diluted EPS": 0.19,
        "Total Revenue": 770,
        "Gross Profit": 332,
        "Operating Income": 47,
        "EBIT": 94,
        "Net Income": 24
    },
    "2009-03-31": {
        "Diluted EPS": 0.24,
        "Total Revenue": 723,
        "Gross Profit": 329,
        "Operating Income": 57,
        "EBIT": 104,
        "Net Income": 31
    },
    "2023-09-30": {
        "Tax Effect Of Unusual Items": NaN,
        "Tax Rate For Calcs": NaN,
        "Normalized EBITDA": NaN,
        "Net Income From Continuing Operation Net Minority Interest": NaN,
        "Reconciled Depreciation": NaN,
        "Reconciled Cost Of Revenue": NaN,
        "EBITDA": NaN,
        "EBIT": NaN,
        "Net Interest Income": NaN,
        "Interest Expense": NaN,
        "Normalized Income": NaN,
        "Net Income From Continuing And Discontinued Operation": NaN,
        "Total Expenses": NaN,
        "Rent Expense Supplemental": NaN,
        "Total Operating Income As Reported": NaN,
        "Diluted Average Shares": 104394000.0,
        "Basic Average Shares": 103142805.0,
        "Diluted EPS": 1.8,
        "Basic EPS": 1.817199,
        "Diluted NI Availto Com Stockholders": NaN,
        "Net Income Common Stockholders": NaN,
        "Net Income": NaN,
        "Net Income Including Noncontrolling Interests": NaN,
        "Net Income Continuous Operations": NaN,
        "Tax Provision": NaN,
        "Pretax Income": NaN,
        "Net Non Operating Interest Income Expense": NaN,
        "Interest Expense Non Operating": NaN,
        "Operating Income": NaN,
        "Operating Expense": NaN,
        "Other Operating Expenses": NaN,
        "Other Taxes": NaN,
        "Selling General And Administration": NaN,
        "General And Administrative Expense": NaN,
        "Other Gand A": NaN,
        "Insurance And Claims": NaN,
        "Gross Profit": NaN,
        "Cost Of Revenue": NaN,
        "Total Revenue": NaN,
        "Operating Revenue": NaN
    },
    "2023-12-31": {
        "Tax Effect Of Unusual Items": 0.0,
        "Tax Rate For Calcs": 0.178733,
        "Normalized EBITDA": 405358000.0,
        "Net Income From Continuing Operation Net Minority Interest": 153535000.0,
        "Reconciled Depreciation": 194456000.0,
        "Reconciled Cost Of Revenue": 2746743000.0,
        "EBITDA": 405358000.0,
        "EBIT": 210902000.0,
        "Net Interest Income": -16329000.0,
        "Interest Expense": 23953000.0,
        "Normalized Income": 153535000.0,
        "Net Income From Continuing And Discontinued Operation": 153535000.0,
        "Total Expenses": 3100422000.0,
        "Rent Expense Supplemental": 1557010000.0,
        "Total Operating Income As Reported": 203278000.0,
        "Diluted Average Shares": 104122000.0,
        "Basic Average Shares": 103220027.0,
        "Diluted EPS": 1.47,
        "Basic EPS": 1.487454,
        "Diluted NI Availto Com Stockholders": 153535000.0,
        "Net Income Common Stockholders": 153535000.0,
        "Net Income": 153535000.0,
        "Net Income Including Noncontrolling Interests": 153535000.0,
        "Net Income Continuous Operations": 153535000.0,
        "Tax Provision": 33414000.0,
        "Pretax Income": 186949000.0,
        "Net Non Operating Interest Income Expense": -16329000.0,
        "Interest Expense Non Operating": 23953000.0,
        "Operating Income": 203278000.0,
        "Operating Expense": 353679000.0,
        "Other Operating Expenses": 121141000.0,
        "Other Taxes": 19199000.0,
        "Selling General And Administration": 213339000.0,
        "General And Administrative Expense": 213339000.0,
        "Other Gand A": 94557000.0,
        "Insurance And Claims": 118782000.0,
        "Gross Profit": 556957000.0,
        "Cost Of Revenue": 2746743000.0,
        "Total Revenue": 3303700000.0,
        "Operating Revenue": 3303700000.0
    },
    "2024-03-31": {
        "Tax Effect Of Unusual Items": 0.0,
        "Tax Rate For Calcs": 0.287,
        "Normalized EBITDA": 377365000.0,
        "Net Income From Continuing Operation Net Minority Interest": 127493000.0,
        "Reconciled Depreciation": 182996000.0,
        "Reconciled Cost Of Revenue": 2445394000.0,
        "EBITDA": 377365000.0,
        "EBIT": 194369000.0,
        "Net Interest Income": -15649000.0,
        "Interest Expense": 15649000.0,
        "Normalized Income": 127493000.0,
        "Net Income From Continuing And Discontinued Operation": 127493000.0,
        "Total Expenses": 2749632000.0,
        "Rent Expense Supplemental": 1280987000.0,
        "Total Operating Income As Reported": 194369000.0,
        "Diluted Average Shares": 104107000.0,
        "Basic Average Shares": 103196573.0,
        "Diluted EPS": 1.22,
        "Basic EPS": 1.235438,
        "Diluted NI Availto Com Stockholders": 127493000.0,
        "Net Income Common Stockholders": 127493000.0,
        "Net Income": 127493000.0,
        "Net Income Including Noncontrolling Interests": 127493000.0,
        "Net Income Continuous Operations": 127493000.0,
        "Tax Provision": 51227000.0,
        "Pretax Income": 178720000.0,
        "Net Non Operating Interest Income Expense": -15649000.0,
        "Interest Expense Non Operating": 15649000.0,
        "Operating Income": 194369000.0,
        "Operating Expense": 304238000.0,
        "Other Operating Expenses": 122991000.0,
        "Other Taxes": 17535000.0,
        "Selling General And Administration": 163712000.0,
        "General And Administrative Expense": 163712000.0,
        "Other Gand A": 88026000.0,
        "Insurance And Claims": 75686000.0,
        "Gross Profit": 498607000.0,
        "Cost Of Revenue": 2445394000.0,
        "Total Revenue": 2944001000.0,
        "Operating Revenue": 2944001000.0
    },
    "2024-06-30": {
        "Tax Effect Of Unusual Items": 0.0,
        "Tax Rate For Calcs": 0.268,
        "Normalized EBITDA": 390368000.0,
        "Net Income From Continuing Operation Net Minority Interest": 135873000.0,
        "Reconciled Depreciation": 184659000.0,
        "Reconciled Cost Of Revenue": 2426007000.0,
        "EBITDA": 390368000.0,
        "EBIT": 205709000.0,
        "Net Interest Income": -20198000.0,
        "Interest Expense": 20198000.0,
        "Normalized Income": 135873000.0,
        "Net Income From Continuing And Discontinued Operation": 135873000.0,
        "Total Expenses": 2722976000.0,
        "Rent Expense Supplemental": 1274011000.0,
        "Total Operating Income As Reported": 205709000.0,
        "Diluted Average Shares": 103146000.0,
        "Basic Average Shares": 101986531.0,
        "Diluted EPS": 1.32,
        "Basic EPS": 1.332264,
        "Diluted NI Availto Com Stockholders": 135873000.0,
        "Net Income Common Stockholders": 135873000.0,
        "Net Income": 135873000.0,
        "Net Income Including Noncontrolling Interests": 135873000.0,
        "Net Income Continuous Operations": 135873000.0,
        "Tax Provision": 49638000.0,
        "Pretax Income": 185511000.0,
        "Net Non Operating Interest Income Expense": -20198000.0,
        "Interest Expense Non Operating": 20198000.0,
        "Operating Income": 205709000.0,
        "Operating Expense": 296969000.0,
        "Other Operating Expenses": 120425000.0,
        "Other Taxes": 17575000.0,
        "Selling General And Administration": 158969000.0,
        "General And Administrative Expense": 158969000.0,
        "Other Gand A": 85747000.0,
        "Insurance And Claims": 73222000.0,
        "Gross Profit": 502678000.0,
        "Cost Of Revenue": 2426007000.0,
        "Total Revenue": 2928685000.0,
        "Operating Revenue": 2928685000.0
    },
    "2024-09-30": {
        "Tax Effect Of Unusual Items": 0.0,
        "Tax Rate For Calcs": 0.252,
        "Normalized EBITDA": 412090000.0,
        "Net Income From Continuing Operation Net Minority Interest": 152066000.0,
        "Reconciled Depreciation": 187982000.0,
        "Reconciled Cost Of Revenue": 2536648000.0,
        "EBITDA": 412090000.0,
        "EBIT": 224108000.0,
        "Net Interest Income": -20751000.0,
        "Interest Expense": 20751000.0,
        "Normalized Income": 152066000.0,
        "Net Income From Continuing And Discontinued Operation": 152066000.0,
        "Total Expenses": 2844063000.0,
        "Rent Expense Supplemental": 1380380000.0,
        "Total Operating Income As Reported": 224108000.0,
        "Diluted Average Shares": 102135000.0,
        "Basic Average Shares": 100829954.0,
        "Diluted EPS": 1.49,
        "Basic EPS": 1.508143,
        "Diluted NI Availto Com Stockholders": 152066000.0,
        "Net Income Common Stockholders": 152066000.0,
        "Net Income": 152066000.0,
        "Net Income Including Noncontrolling Interests": 152066000.0,
        "Net Income Continuous Operations": 152066000.0,
        "Tax Provision": 51291000.0,
        "Pretax Income": 203357000.0,
        "Net Non Operating Interest Income Expense": -20751000.0,
        "Interest Expense Non Operating": 20751000.0,
        "Operating Income": 224108000.0,
        "Operating Expense": 307415000.0,
        "Other Operating Expenses": 127889000.0,
        "Other Taxes": 17705000.0,
        "Selling General And Administration": 161821000.0,
        "General And Administrative Expense": 161821000.0,
        "Other Gand A": 83380000.0,
        "Insurance And Claims": 78441000.0,
        "Gross Profit": 531523000.0,
        "Cost Of Revenue": 2536648000.0,
        "Total Revenue": 3068171000.0,
        "Operating Revenue": 3068171000.0
    },
    "2024-12-31": {
        "Tax Effect Of Unusual Items": 0.0,
        "Tax Rate For Calcs": 0.19004,
        "Normalized EBITDA": 419854000.0,
        "Net Income From Continuing Operation Net Minority Interest": 155454000.0,
        "Reconciled Depreciation": 205504000.0,
        "Reconciled Cost Of Revenue": 2615995000.0,
        "EBITDA": 419854000.0,
        "EBIT": 214350000.0,
        "Net Interest Income": -15111000.0,
        "Interest Expense": 22422000.0,
        "Normalized Income": 155454000.0,
        "Net Income From Continuing And Discontinued Operation": 155454000.0,
        "Total Expenses": 2939309000.0,
        "Rent Expense Supplemental": 1442957000.0,
        "Total Operating Income As Reported": 207039000.0,
        "Diluted Average Shares": 101647000.0,
        "Basic Average Shares": 100555126.0,
        "Diluted EPS": 1.53,
        "Basic EPS": 1.545958,
        "Diluted NI Availto Com Stockholders": 155454000.0,
        "Net Income Common Stockholders": 155454000.0,
        "Net Income": 155454000.0,
        "Net Income Including Noncontrolling Interests": 155454000.0,
        "Net Income Continuous Operations": 155454000.0,
        "Tax Provision": 36474000.0,
        "Pretax Income": 191928000.0,
        "Net Non Operating Interest Income Expense": -15111000.0,
        "Interest Expense Non Operating": 22422000.0,
        "Operating Income": 207039000.0,
        "Operating Expense": 323314000.0,
        "Other Operating Expenses": 124070000.0,
        "Other Taxes": 19732000.0,
        "Selling General And Administration": 179512000.0,
        "General And Administrative Expense": 179512000.0,
        "Other Gand A": 93196000.0,
        "Insurance And Claims": 86316000.0,
        "Gross Profit": 530353000.0,
        "Cost Of Revenue": 2615995000.0,
        "Total Revenue": 3146348000.0,
        "Operating Revenue": 3146348000.0
    },
    "2025-03-31": {
        "Tax Effect Of Unusual Items": 0.0,
        "Tax Rate For Calcs": 0.265,
        "Normalized EBITDA": 358156000.0,
        "Net Income From Continuing Operation Net Minority Interest": 117740000.0,
        "Reconciled Depreciation": 179476000.0,
        "Reconciled Cost Of Revenue": 2432385000.0,
        "EBITDA": 358156000.0,
        "EBIT": 178680000.0,
        "Net Interest Income": -18597000.0,
        "Interest Expense": 18597000.0,
        "Normalized Income": 117740000.0,
        "Net Income From Continuing And Discontinued Operation": 117740000.0,
        "Total Expenses": 2742712000.0,
        "Rent Expense Supplemental": 1293328000.0,
        "Total Operating Income As Reported": 178680000.0,
        "Diluted Average Shares": 100489000.0,
        "Basic Average Shares": 99194591.0,
        "Diluted EPS": 1.17,
        "Basic EPS": 1.18696,
        "Diluted NI Availto Com Stockholders": 117740000.0,
        "Net Income Common Stockholders": 117740000.0,
        "Net Income": 117740000.0,
        "Net Income Including Noncontrolling Interests": 117740000.0,
        "Net Income Continuous Operations": 117740000.0,
        "Tax Provision": 42343000.0,
        "Pretax Income": 160083000.0,
        "Net Non Operating Interest Income Expense": -18597000.0,
        "Interest Expense Non Operating": 18597000.0,
        "Operating Income": 178680000.0,
        "Operating Expense": 310327000.0,
        "Other Operating Expenses": 123452000.0,
        "Other Taxes": 17480000.0,
        "Selling General And Administration": 169395000.0,
        "General And Administrative Expense": 169395000.0,
        "Other Gand A": 84378000.0,
        "Insurance And Claims": 85017000.0,
        "Gross Profit": 489007000.0,
        "Cost Of Revenue": 2432385000.0,
        "Total Revenue": 2921392000.0,
        "Operating Revenue": 2921392000.0
    }
}