{
    "2023-03-31": {
        "Tax Effect Of Unusual Items": NaN,
        "Tax Rate For Calcs": NaN,
        "Normalized EBITDA": NaN,
        "Total Unusual Items": NaN,
        "Total Unusual Items Excluding Goodwill": NaN,
        "Net Income From Continuing Operation Net Minority Interest": NaN,
        "Reconciled Depreciation": NaN,
        "Reconciled Cost Of Revenue": NaN,
        "EBITDA": NaN,
        "EBIT": NaN,
        "Net Interest Income": NaN,
        "Interest Expense": NaN,
        "Interest Income": NaN,
        "Normalized Income": NaN,
        "Net Income From Continuing And Discontinued Operation": NaN,
        "Total Expenses": NaN,
        "Rent Expense Supplemental": NaN,
        "Total Operating Income As Reported": NaN,
        "Diluted Average Shares": NaN,
        "Basic Average Shares": NaN,
        "Diluted EPS": NaN,
        "Basic EPS": NaN,
        "Diluted NI Availto Com Stockholders": NaN,
        "Net Income Common Stockholders": NaN,
        "Net Income": NaN,
        "Net Income Including Noncontrolling Interests": NaN,
        "Net Income Continuous Operations": NaN,
        "Tax Provision": NaN,
        "Pretax Income": NaN,
        "Other Income Expense": NaN,
        "Other Non Operating Income Expenses": NaN,
        "Special Income Charges": NaN,
        "Other Special Charges": 95000000.0,
        "Impairment Of Capital Assets": NaN,
        "Restructuring And Mergern Acquisition": NaN,
        "Gain On Sale Of Security": NaN,
        "Net Non Operating Interest Income Expense": NaN,
        "Interest Expense Non Operating": NaN,
        "Interest Income Non Operating": NaN,
        "Operating Income": NaN,
        "Operating Expense": NaN,
        "Other Operating Expenses": NaN,
        "Selling General And Administration": NaN,
        "Selling And Marketing Expense": NaN,
        "Gross Profit": NaN,
        "Cost Of Revenue": NaN,
        "Total Revenue": NaN,
        "Operating Revenue": NaN
    },
    "2022-12-31": {
        "Tax Effect Of Unusual Items": NaN,
        "Tax Rate For Calcs": NaN,
        "Normalized EBITDA": NaN,
        "Total Unusual Items": NaN,
        "Total Unusual Items Excluding Goodwill": NaN,
        "Net Income From Continuing Operation Net Minority Interest": NaN,
        "Reconciled Depreciation": NaN,
        "Reconciled Cost Of Revenue": NaN,
        "EBITDA": NaN,
        "EBIT": NaN,
        "Net Interest Income": NaN,
        "Interest Expense": NaN,
        "Interest Income": NaN,
        "Normalized Income": NaN,
        "Net Income From Continuing And Discontinued Operation": NaN,
        "Total Expenses": NaN,
        "Rent Expense Supplemental": NaN,
        "Total Operating Income As Reported": NaN,
        "Diluted Average Shares": NaN,
        "Basic Average Shares": NaN,
        "Diluted EPS": NaN,
        "Basic EPS": NaN,
        "Diluted NI Availto Com Stockholders": NaN,
        "Net Income Common Stockholders": NaN,
        "Net Income": NaN,
        "Net Income Including Noncontrolling Interests": NaN,
        "Net Income Continuous Operations": NaN,
        "Tax Provision": NaN,
        "Pretax Income": NaN,
        "Other Income Expense": NaN,
        "Other Non Operating Income Expenses": NaN,
        "Special Income Charges": NaN,
        "Other Special Charges": NaN,
        "Impairment Of Capital Assets": NaN,
        "Restructuring And Mergern Acquisition": 8000000.0,
        "Gain On Sale Of Security": NaN,
        "Net Non Operating Interest Income Expense": NaN,
        "Interest Expense Non Operating": NaN,
        "Interest Income Non Operating": NaN,
        "Operating Income": NaN,
        "Operating Expense": NaN,
        "Other Operating Expenses": NaN,
        "Selling General And Administration": NaN,
        "Selling And Marketing Expense": NaN,
        "Gross Profit": NaN,
        "Cost Of Revenue": NaN,
        "Total Revenue": NaN,
        "Operating Revenue": NaN
    },
    "2022-09-30": {
        "Tax Effect Of Unusual Items": NaN,
        "Tax Rate For Calcs": NaN,
        "Normalized EBITDA": NaN,
        "Total Unusual Items": NaN,
        "Total Unusual Items Excluding Goodwill": NaN,
        "Net Income From Continuing Operation Net Minority Interest": NaN,
        "Reconciled Depreciation": NaN,
        "Reconciled Cost Of Revenue": NaN,
        "EBITDA": NaN,
        "EBIT": NaN,
        "Net Interest Income": NaN,
        "Interest Expense": NaN,
        "Interest Income": NaN,
        "Normalized Income": NaN,
        "Net Income From Continuing And Discontinued Operation": NaN,
        "Total Expenses": NaN,
        "Rent Expense Supplemental": NaN,
        "Total Operating Income As Reported": NaN,
        "Diluted Average Shares": NaN,
        "Basic Average Shares": NaN,
        "Diluted EPS": NaN,
        "Basic EPS": NaN,
        "Diluted NI Availto Com Stockholders": NaN,
        "Net Income Common Stockholders": NaN,
        "Net Income": NaN,
        "Net Income Including Noncontrolling Interests": NaN,
        "Net Income Continuous Operations": NaN,
        "Tax Provision": NaN,
        "Pretax Income": NaN,
        "Other Income Expense": NaN,
        "Other Non Operating Income Expenses": NaN,
        "Special Income Charges": NaN,
        "Other Special Charges": NaN,
        "Impairment Of Capital Assets": 2000000.0,
        "Restructuring And Mergern Acquisition": NaN,
        "Gain On Sale Of Security": NaN,
        "Net Non Operating Interest Income Expense": NaN,
        "Interest Expense Non Operating": NaN,
        "Interest Income Non Operating": NaN,
        "Operating Income": NaN,
        "Operating Expense": NaN,
        "Other Operating Expenses": NaN,
        "Selling General And Administration": NaN,
        "Selling And Marketing Expense": NaN,
        "Gross Profit": NaN,
        "Cost Of Revenue": NaN,
        "Total Revenue": NaN,
        "Operating Revenue": NaN
    },
    "2022-06-30": {
        "Tax Effect Of Unusual Items": -19600000.0,
        "Tax Rate For Calcs": 0.4,
        "Normalized EBITDA": -62000000.0,
        "Total Unusual Items": -49000000.0,
        "Total Unusual Items Excluding Goodwill": -49000000.0,
        "Net Income From Continuing Operation Net Minority Interest": -188000000.0,
        "Reconciled Depreciation": 145000000.0,
        "Reconciled Cost Of Revenue": 2088000000.0,
        "EBITDA": -111000000.0,
        "EBIT": -111000000.0,
        "Net Interest Income": -32000000.0,
        "Interest Expense": 40000000.0,
        "Interest Income": 8000000.0,
        "Normalized Income": -158600000.0,
        "Net Income From Continuing And Discontinued Operation": -188000000.0,
        "Total Expenses": 2514000000.0,
        "Rent Expense Supplemental": 176000000.0,
        "Total Operating Income As Reported": -113000000.0,
        "Diluted Average Shares": 323100000.0,
        "Basic Average Shares": 323100000.0,
        "Diluted EPS": -0.58,
        "Basic EPS": -0.58,
        "Diluted NI Availto Com Stockholders": -188000000.0,
        "Net Income Common Stockholders": -188000000.0,
        "Net Income": -188000000.0,
        "Net Income Including Noncontrolling Interests": -188000000.0,
        "Net Income Continuous Operations": -188000000.0,
        "Tax Provision": 37000000.0,
        "Pretax Income": -151000000.0,
        "Other Income Expense": -50000000.0,
        "Other Non Operating Income Expenses": -1000000.0,
        "Special Income Charges": -44000000.0,
        "Other Special Charges": 44000000.0,
        "Impairment Of Capital Assets": 5000000.0,
        "Restructuring And Mergern Acquisition": 7000000.0,
        "Gain On Sale Of Security": -5000000.0,
        "Net Non Operating Interest Income Expense": -32000000.0,
        "Interest Expense Non Operating": 40000000.0,
        "Interest Income Non Operating": 8000000.0,
        "Operating Income": -69000000.0,
        "Operating Expense": 426000000.0,
        "Other Operating Expenses": 348000000.0,
        "Selling General And Administration": 78000000.0,
        "Selling And Marketing Expense": 78000000.0,
        "Gross Profit": 357000000.0,
        "Cost Of Revenue": 2088000000.0,
        "Total Revenue": 2445000000.0,
        "Operating Revenue": 2302000000.0
    },
    "2023-06-30": {
        "Tax Effect Of Unusual Items": NaN,
        "Tax Rate For Calcs": NaN,
        "Normalized EBITDA": NaN,
        "Total Unusual Items": NaN,
        "Total Unusual Items Excluding Goodwill": NaN,
        "Net Income From Continuing Operation Net Minority Interest": NaN,
        "Reconciled Depreciation": NaN,
        "Reconciled Cost Of Revenue": NaN,
        "EBITDA": NaN,
        "EBIT": NaN,
        "Net Interest Income": NaN,
        "Interest Expense": NaN,
        "Interest Income": NaN,
        "Normalized Income": NaN,
        "Net Income From Continuing And Discontinued Operation": NaN,
        "Total Expenses": NaN,
        "Rent Expense Supplemental": NaN,
        "Total Operating Income As Reported": NaN,
        "Diluted Average Shares": NaN,
        "Basic Average Shares": NaN,
        "Diluted EPS": NaN,
        "Basic EPS": NaN,
        "Diluted NI Availto Com Stockholders": NaN,
        "Net Income Common Stockholders": NaN,
        "Net Income": NaN,
        "Net Income Including Noncontrolling Interests": NaN,
        "Net Income Continuous Operations": NaN,
        "Tax Provision": NaN,
        "Pretax Income": NaN,
        "Other Income Expense": NaN,
        "Other Non Operating Income Expenses": NaN,
        "Special Income Charges": NaN,
        "Other Special Charges": NaN,
        "Impairment Of Capital Assets": 0.0,
        "Restructuring And Mergern Acquisition": NaN,
        "Gain On Sale Of Security": NaN,
        "Net Non Operating Interest Income Expense": NaN,
        "Interest Expense Non Operating": NaN,
        "Interest Income Non Operating": NaN,
        "Operating Income": NaN,
        "Operating Expense": NaN,
        "Other Operating Expenses": NaN,
        "Selling General And Administration": NaN,
        "Selling And Marketing Expense": NaN,
        "Gross Profit": NaN,
        "Cost Of Revenue": NaN,
        "Total Revenue": NaN,
        "Operating Revenue": NaN
    },
    "2022-03-31": {
        "Diluted EPS": -0.79,
        "Total Revenue": NaN,
        "Gross Profit": 855,
        "Operating Income": -367,
        "EBIT": -224,
        "Net Income": -255
    },
    "2021-12-31": {
        "Diluted EPS": -0.39,
        "Total Revenue": NaN,
        "Gross Profit": NaN,
        "Operating Income": -119,
        "EBIT": 23,
        "Net Income": -129
    },
    "2021-09-30": {
        "Diluted EPS": 0.4,
        "Total Revenue": NaN,
        "Gross Profit": NaN,
        "Operating Income": 186,
        "EBIT": 326,
        "Net Income": 130
    },
    "2021-06-30": {
        "Diluted EPS": 0.2,
        "Total Revenue": NaN,
        "Gross Profit": 799,
        "Operating Income": 147,
        "EBIT": 280,
        "Net Income": 64
    },
    "2021-03-31": {
        "Diluted EPS": -0.78,
        "Total Revenue": 733,
        "Gross Profit": 296,
        "Operating Income": -294,
        "EBIT": -169,
        "Net Income": -247
    },
    "2020-12-31": {
        "Diluted EPS": -1.29,
        "Total Revenue": 662,
        "Gross Profit": 305,
        "Operating Income": -454,
        "EBIT": -326,
        "Net Income": -373
    },
    "2020-09-30": {
        "Diluted EPS": -1.44,
        "Total Revenue": 492,
        "Gross Profit": 172,
        "Operating Income": -516,
        "EBIT": -388,
        "Net Income": -393
    },
    "2020-06-30": {
        "Diluted EPS": -1.18,
        "Total Revenue": 215,
        "Gross Profit": 35,
        "Operating Income": -410,
        "EBIT": -270,
        "Net Income": -320
    },
    "2020-03-31": {
        "Diluted EPS": -0.97,
        "Total Revenue": NaN,
        "Gross Profit": 930,
        "Operating Income": -334,
        "EBIT": -195,
        "Net Income": -268
    },
    "2019-12-31": {
        "Diluted EPS": 0.55,
        "Total Revenue": NaN,
        "Gross Profit": NaN,
        "Operating Income": 227,
        "EBIT": 367,
        "Net Income": 161
    },
    "2019-09-30": {
        "Diluted EPS": 0.63,
        "Total Revenue": NaN,
        "Gross Profit": NaN,
        "Operating Income": 247,
        "EBIT": 381,
        "Net Income": 187
    },
    "2019-06-30": {
        "Diluted EPS": 0.59,
        "Total Revenue": NaN,
        "Gross Profit": NaN,
        "Operating Income": 250,
        "EBIT": 377,
        "Net Income": 179
    },
    "2019-03-31": {
        "Diluted EPS": 0.14,
        "Total Revenue": NaN,
        "Gross Profit": NaN,
        "Operating Income": 76,
        "EBIT": 200,
        "Net Income": 42
    },
    "2018-12-31": {
        "Diluted EPS": 0.55,
        "Total Revenue": NaN,
        "Gross Profit": NaN,
        "Operating Income": 215,
        "EBIT": 340,
        "Net Income": 170
    },
    "2018-09-30": {
        "Diluted EPS": 0.16,
        "Total Revenue": NaN,
        "Gross Profit": NaN,
        "Operating Income": 78,
        "EBIT": 196,
        "Net Income": 50
    },
    "2018-06-30": {
        "Diluted EPS": -0.39,
        "Total Revenue": NaN,
        "Gross Profit": NaN,
        "Operating Income": -152,
        "EBIT": -37,
        "Net Income": -121
    },
    "2018-03-31": {
        "Diluted EPS": 0.28,
        "Total Revenue": NaN,
        "Gross Profit": NaN,
        "Operating Income": 125,
        "EBIT": 236,
        "Net Income": 90
    },
    "2017-12-31": {
        "Diluted EPS": 2.04,
        "Total Revenue": NaN,
        "Gross Profit": NaN,
        "Operating Income": 170,
        "EBIT": 266,
        "Net Income": 670
    },
    "2017-09-30": {
        "Diluted EPS": 0.55,
        "Total Revenue": NaN,
        "Gross Profit": NaN,
        "Operating Income": 314,
        "EBIT": 428,
        "Net Income": 181
    },
    "2017-06-30": {
        "Diluted EPS": 0.62,
        "Total Revenue": NaN,
        "Gross Profit": NaN,
        "Operating Income": 347,
        "EBIT": 456,
        "Net Income": 207
    },
    "2017-03-31": {
        "Diluted EPS": 0.24,
        "Total Revenue": NaN,
        "Gross Profit": NaN,
        "Operating Income": 142,
        "EBIT": 247,
        "Net Income": 82
    },
    "2016-12-31": {
        "Diluted EPS": 0.41,
        "Total Revenue": NaN,
        "Gross Profit": NaN,
        "Operating Income": 244,
        "EBIT": 348,
        "Net Income": 140
    },
    "2016-09-30": {
        "Diluted EPS": 0.58,
        "Total Revenue": NaN,
        "Gross Profit": NaN,
        "Operating Income": 354,
        "EBIT": 455,
        "Net Income": 199
    },
    "2016-06-30": {
        "Diluted EPS": 0.53,
        "Total Revenue": NaN,
        "Gross Profit": NaN,
        "Operating Income": 313,
        "EBIT": 410,
        "Net Income": 181
    },
    "2016-03-31": {
        "Diluted EPS": 0.61,
        "Total Revenue": NaN,
        "Gross Profit": NaN,
        "Operating Income": 349,
        "EBIT": 440,
        "Net Income": 207
    },
    "2015-12-31": {
        "Diluted EPS": 0.56,
        "Total Revenue": NaN,
        "Gross Profit": NaN,
        "Operating Income": 330,
        "EBIT": 423,
        "Net Income": 190
    },
    "2015-09-30": {
        "Diluted EPS": 0.58,
        "Total Revenue": NaN,
        "Gross Profit": NaN,
        "Operating Income": 351,
        "EBIT": 435,
        "Net Income": 198
    },
    "2015-06-30": {
        "Diluted EPS": 0.44,
        "Total Revenue": NaN,
        "Gross Profit": 994,
        "Operating Income": 282,
        "EBIT": 363,
        "Net Income": 152
    },
    "2015-03-31": {
        "Diluted EPS": 0.4,
        "Total Revenue": NaN,
        "Gross Profit": 961,
        "Operating Income": 253,
        "EBIT": 340,
        "Net Income": 137
    },
    "2014-12-31": {
        "Diluted EPS": 0.26,
        "Total Revenue": NaN,
        "Gross Profit": 793,
        "Operating Income": 169,
        "EBIT": 254,
        "Net Income": 88
    },
    "2014-09-30": {
        "Diluted EPS": 0.24,
        "Total Revenue": NaN,
        "Gross Profit": 786,
        "Operating Income": 164,
        "EBIT": 243,
        "Net Income": 79
    },
    "2014-06-30": {
        "Diluted EPS": 0.68,
        "Total Revenue": NaN,
        "Gross Profit": 780,
        "Operating Income": 141,
        "EBIT": 220,
        "Net Income": 230
    },
    "2014-03-31": {
        "Diluted EPS": 0.01,
        "Total Revenue": NaN,
        "Gross Profit": 683,
        "Operating Income": 41,
        "EBIT": 123,
        "Net Income": 4
    },
    "2013-12-31": {
        "Diluted EPS": 0.15,
        "Total Revenue": NaN,
        "Gross Profit": 696,
        "Operating Income": 115,
        "EBIT": 198,
        "Net Income": 47
    },
    "2013-09-30": {
        "Diluted EPS": 0.21,
        "Total Revenue": NaN,
        "Gross Profit": 719,
        "Operating Income": 152,
        "EBIT": 229,
        "Net Income": 71
    },
    "2013-06-30": {
        "Diluted EPS": 0.11,
        "Total Revenue": NaN,
        "Gross Profit": 646,
        "Operating Income": 102,
        "EBIT": 176,
        "Net Income": 36
    },
    "2013-03-31": {
        "Diluted EPS": 0.05,
        "Total Revenue": NaN,
        "Gross Profit": 616,
        "Operating Income": 59,
        "EBIT": 131,
        "Net Income": 14
    },
    "2012-12-31": {
        "Diluted EPS": 0.01,
        "Total Revenue": NaN,
        "Gross Profit": 574,
        "Operating Income": 44,
        "EBIT": 115,
        "Net Income": 1
    },
    "2012-09-30": {
        "Diluted EPS": 0.14,
        "Total Revenue": NaN,
        "Gross Profit": 637,
        "Operating Income": 113,
        "EBIT": 181,
        "Net Income": 45
    },
    "2012-06-30": {
        "Diluted EPS": 0.16,
        "Total Revenue": NaN,
        "Gross Profit": 637,
        "Operating Income": 130,
        "EBIT": 196,
        "Net Income": 52
    },
    "2012-03-31": {
        "Diluted EPS": 0.09,
        "Total Revenue": NaN,
        "Gross Profit": 583,
        "Operating Income": 89,
        "EBIT": 153,
        "Net Income": 30
    },
    "2011-12-31": {
        "Diluted EPS": 0.08,
        "Total Revenue": NaN,
        "Gross Profit": 573,
        "Operating Income": 83,
        "EBIT": 149,
        "Net Income": 23
    },
    "2011-09-30": {
        "Diluted EPS": 0.11,
        "Total Revenue": NaN,
        "Gross Profit": 585,
        "Operating Income": 108,
        "EBIT": 168,
        "Net Income": 35
    },
    "2011-06-30": {
        "Diluted EPS": 0.08,
        "Total Revenue": NaN,
        "Gross Profit": 559,
        "Operating Income": 86,
        "EBIT": 148,
        "Net Income": 25
    },
    "2011-03-31": {
        "Diluted EPS": 0.01,
        "Total Revenue": NaN,
        "Gross Profit": 516,
        "Operating Income": 45,
        "EBIT": 104,
        "Net Income": 3
    },
    "2010-12-31": {
        "Diluted EPS": 0.03,
        "Total Revenue": 938,
        "Gross Profit": 512,
        "Operating Income": 55,
        "EBIT": 112,
        "Net Income": 8
    },
    "2010-09-30": {
        "Diluted EPS": 0.18,
        "Total Revenue": NaN,
        "Gross Profit": 602,
        "Operating Income": 140,
        "EBIT": 197,
        "Net Income": 59
    },
    "2010-06-30": {
        "Diluted EPS": 0.1,
        "Total Revenue": 940,
        "Gross Profit": 531,
        "Operating Income": 95,
        "EBIT": 152,
        "Net Income": 31
    },
    "2010-03-31": {
        "Diluted EPS": 0.0,
        "Total Revenue": 871,
        "Gross Profit": 493,
        "Operating Income": 43,
        "EBIT": 102,
        "Net Income": -1
    },
    "2009-12-31": {
        "Diluted EPS": 0.04,
        "Total Revenue": 838,
        "Gross Profit": 484,
        "Operating Income": 70,
        "EBIT": 130,
        "Net Income": 14
    },
    "2009-09-30": {
        "Diluted EPS": 0.05,
        "Total Revenue": 854,
        "Gross Profit": 472,
        "Operating Income": 66,
        "EBIT": 126,
        "Net Income": 15
    },
    "2009-06-30": {
        "Diluted EPS": 0.07,
        "Total Revenue": 807,
        "Gross Profit": 451,
        "Operating Income": 76,
        "EBIT": 134,
        "Net Income": 20
    },
    "2009-03-31": {
        "Diluted EPS": 0.05,
        "Total Revenue": 793,
        "Gross Profit": 452,
        "Operating Income": 73,
        "EBIT": 129,
        "Net Income": 12
    },
    "2023-09-30": {
        "Tax Effect Of Unusual Items": NaN,
        "Tax Rate For Calcs": NaN,
        "Normalized EBITDA": NaN,
        "Total Unusual Items": NaN,
        "Total Unusual Items Excluding Goodwill": NaN,
        "Net Income From Continuing Operation Net Minority Interest": NaN,
        "Reconciled Depreciation": NaN,
        "Reconciled Cost Of Revenue": NaN,
        "EBITDA": NaN,
        "EBIT": NaN,
        "Net Interest Income": NaN,
        "Interest Expense": NaN,
        "Interest Income": NaN,
        "Normalized Income": NaN,
        "Net Income From Continuing And Discontinued Operation": NaN,
        "Total Expenses": NaN,
        "Rent Expense Supplemental": NaN,
        "Total Operating Income As Reported": NaN,
        "Diluted Average Shares": NaN,
        "Basic Average Shares": NaN,
        "Diluted EPS": NaN,
        "Basic EPS": NaN,
        "Diluted NI Availto Com Stockholders": NaN,
        "Net Income Common Stockholders": NaN,
        "Net Income": NaN,
        "Net Income Including Noncontrolling Interests": NaN,
        "Net Income Continuous Operations": NaN,
        "Tax Provision": NaN,
        "Pretax Income": NaN,
        "Other Income Expense": NaN,
        "Other Non Operating Income Expenses": NaN,
        "Special Income Charges": NaN,
        "Other Special Charges": 33000000.0,
        "Impairment Of Capital Assets": 0.0,
        "Restructuring And Mergern Acquisition": 0.0,
        "Gain On Sale Of Security": NaN,
        "Net Non Operating Interest Income Expense": NaN,
        "Interest Expense Non Operating": NaN,
        "Interest Income Non Operating": NaN,
        "Operating Income": NaN,
        "Operating Expense": NaN,
        "Other Operating Expenses": NaN,
        "Selling General And Administration": NaN,
        "Selling And Marketing Expense": NaN,
        "Gross Profit": NaN,
        "Cost Of Revenue": NaN,
        "Total Revenue": NaN,
        "Operating Revenue": NaN
    },
    "2023-12-31": {
        "Tax Effect Of Unusual Items": NaN,
        "Tax Rate For Calcs": NaN,
        "Normalized EBITDA": NaN,
        "Total Unusual Items": NaN,
        "Total Unusual Items Excluding Goodwill": NaN,
        "Net Income From Continuing Operation Net Minority Interest": NaN,
        "Reconciled Depreciation": NaN,
        "Reconciled Cost Of Revenue": NaN,
        "EBITDA": NaN,
        "EBIT": NaN,
        "Net Interest Income": NaN,
        "Interest Expense": NaN,
        "Interest Income": NaN,
        "Normalized Income": NaN,
        "Net Income From Continuing And Discontinued Operation": NaN,
        "Total Expenses": NaN,
        "Rent Expense Supplemental": NaN,
        "Total Operating Income As Reported": NaN,
        "Diluted Average Shares": NaN,
        "Basic Average Shares": NaN,
        "Diluted EPS": NaN,
        "Basic EPS": NaN,
        "Diluted NI Availto Com Stockholders": NaN,
        "Net Income Common Stockholders": NaN,
        "Net Income": NaN,
        "Net Income Including Noncontrolling Interests": NaN,
        "Net Income Continuous Operations": NaN,
        "Tax Provision": NaN,
        "Pretax Income": NaN,
        "Other Income Expense": NaN,
        "Other Non Operating Income Expenses": NaN,
        "Special Income Charges": NaN,
        "Other Special Charges": 93000000.0,
        "Impairment Of Capital Assets": 0.0,
        "Restructuring And Mergern Acquisition": NaN,
        "Gain On Sale Of Security": NaN,
        "Net Non Operating Interest Income Expense": NaN,
        "Interest Expense Non Operating": NaN,
        "Interest Income Non Operating": NaN,
        "Operating Income": NaN,
        "Operating Expense": NaN,
        "Other Operating Expenses": NaN,
        "Selling General And Administration": NaN,
        "Selling And Marketing Expense": NaN,
        "Gross Profit": NaN,
        "Cost Of Revenue": NaN,
        "Total Revenue": NaN,
        "Operating Revenue": NaN
    },
    "2024-03-31": {
        "Tax Effect Of Unusual Items": NaN,
        "Tax Rate For Calcs": NaN,
        "Normalized EBITDA": NaN,
        "Total Unusual Items": NaN,
        "Total Unusual Items Excluding Goodwill": NaN,
        "Net Income From Continuing Operation Net Minority Interest": NaN,
        "Reconciled Depreciation": NaN,
        "Reconciled Cost Of Revenue": NaN,
        "EBITDA": NaN,
        "EBIT": NaN,
        "Net Interest Income": NaN,
        "Interest Expense": NaN,
        "Interest Income": NaN,
        "Normalized Income": NaN,
        "Net Income From Continuing And Discontinued Operation": NaN,
        "Total Expenses": NaN,
        "Rent Expense Supplemental": NaN,
        "Total Operating Income As Reported": NaN,
        "Diluted Average Shares": NaN,
        "Basic Average Shares": NaN,
        "Diluted EPS": NaN,
        "Basic EPS": NaN,
        "Diluted NI Availto Com Stockholders": NaN,
        "Net Income Common Stockholders": NaN,
        "Net Income": NaN,
        "Net Income Including Noncontrolling Interests": NaN,
        "Net Income Continuous Operations": NaN,
        "Tax Provision": NaN,
        "Pretax Income": NaN,
        "Other Income Expense": -580000000.0,
        "Other Non Operating Income Expenses": NaN,
        "Special Income Charges": NaN,
        "Other Special Charges": 15000000.0,
        "Impairment Of Capital Assets": NaN,
        "Restructuring And Mergern Acquisition": 547000000.0,
        "Gain On Sale Of Security": NaN,
        "Net Non Operating Interest Income Expense": NaN,
        "Interest Expense Non Operating": NaN,
        "Interest Income Non Operating": NaN,
        "Operating Income": NaN,
        "Operating Expense": NaN,
        "Other Operating Expenses": NaN,
        "Selling General And Administration": NaN,
        "Selling And Marketing Expense": NaN,
        "Gross Profit": NaN,
        "Cost Of Revenue": NaN,
        "Total Revenue": NaN,
        "Operating Revenue": NaN
    },
    "2024-06-30": {
        "Tax Effect Of Unusual Items": -580645.16129,
        "Tax Rate For Calcs": 0.193548,
        "Normalized EBITDA": 257000000.0,
        "Total Unusual Items": -3000000.0,
        "Total Unusual Items Excluding Goodwill": -3000000.0,
        "Net Income From Continuing Operation Net Minority Interest": 25000000.0,
        "Reconciled Depreciation": 164000000.0,
        "Reconciled Cost Of Revenue": 1925000000.0,
        "EBITDA": 254000000.0,
        "EBIT": 90000000.0,
        "Net Interest Income": -41000000.0,
        "Interest Expense": 59000000.0,
        "Interest Income": 18000000.0,
        "Normalized Income": 27419354.83871,
        "Net Income From Continuing And Discontinued Operation": 25000000.0,
        "Total Expenses": 2370000000.0,
        "Rent Expense Supplemental": 202000000.0,
        "Total Operating Income As Reported": 57000000.0,
        "Diluted Average Shares": 348900000.0,
        "Basic Average Shares": 345100000.0,
        "Diluted EPS": 0.07,
        "Basic EPS": 0.07,
        "Diluted NI Availto Com Stockholders": 25000000.0,
        "Net Income Common Stockholders": 25000000.0,
        "Net Income": 25000000.0,
        "Net Income Including Noncontrolling Interests": 25000000.0,
        "Net Income Continuous Operations": 25000000.0,
        "Tax Provision": 6000000.0,
        "Pretax Income": 31000000.0,
        "Other Income Expense": 14000000.0,
        "Other Non Operating Income Expenses": 17000000.0,
        "Special Income Charges": -1000000.0,
        "Other Special Charges": NaN,
        "Impairment Of Capital Assets": NaN,
        "Restructuring And Mergern Acquisition": 1000000.0,
        "Gain On Sale Of Security": -2000000.0,
        "Net Non Operating Interest Income Expense": -41000000.0,
        "Interest Expense Non Operating": 59000000.0,
        "Interest Income Non Operating": 18000000.0,
        "Operating Income": 58000000.0,
        "Operating Expense": 445000000.0,
        "Other Operating Expenses": 358000000.0,
        "Selling General And Administration": 87000000.0,
        "Selling And Marketing Expense": 87000000.0,
        "Gross Profit": 503000000.0,
        "Cost Of Revenue": 1925000000.0,
        "Total Revenue": 2428000000.0,
        "Operating Revenue": 2265000000.0
    },
    "2024-09-30": {
        "Tax Effect Of Unusual Items": -1615384.615385,
        "Tax Rate For Calcs": 0.230769,
        "Normalized EBITDA": 191000000.0,
        "Total Unusual Items": -7000000.0,
        "Total Unusual Items Excluding Goodwill": -7000000.0,
        "Net Income From Continuing Operation Net Minority Interest": -60000000.0,
        "Reconciled Depreciation": 165000000.0,
        "Reconciled Cost Of Revenue": 1933000000.0,
        "EBITDA": 184000000.0,
        "EBIT": 19000000.0,
        "Net Interest Income": -67000000.0,
        "Interest Expense": 97000000.0,
        "Interest Income": 30000000.0,
        "Normalized Income": -54615384.615385,
        "Net Income From Continuing And Discontinued Operation": -60000000.0,
        "Total Expenses": 2376000000.0,
        "Rent Expense Supplemental": 197000000.0,
        "Total Operating Income As Reported": -38000000.0,
        "Diluted Average Shares": 346900000.0,
        "Basic Average Shares": 346900000.0,
        "Diluted EPS": -0.17,
        "Basic EPS": -0.17,
        "Diluted NI Availto Com Stockholders": -60000000.0,
        "Net Income Common Stockholders": -60000000.0,
        "Net Income": -60000000.0,
        "Net Income Including Noncontrolling Interests": -60000000.0,
        "Net Income Continuous Operations": -60000000.0,
        "Tax Provision": -18000000.0,
        "Pretax Income": -78000000.0,
        "Other Income Expense": NaN,
        "Other Non Operating Income Expenses": 7000000.0,
        "Special Income Charges": -5000000.0,
        "Other Special Charges": 4000000.0,
        "Impairment Of Capital Assets": NaN,
        "Restructuring And Mergern Acquisition": 1000000.0,
        "Gain On Sale Of Security": -2000000.0,
        "Net Non Operating Interest Income Expense": -67000000.0,
        "Interest Expense Non Operating": 97000000.0,
        "Interest Income Non Operating": 30000000.0,
        "Operating Income": -11000000.0,
        "Operating Expense": 443000000.0,
        "Other Operating Expenses": 362000000.0,
        "Selling General And Administration": 81000000.0,
        "Selling And Marketing Expense": 81000000.0,
        "Gross Profit": 432000000.0,
        "Cost Of Revenue": 1933000000.0,
        "Total Revenue": 2365000000.0,
        "Operating Revenue": 2198000000.0
    },
    "2024-12-31": {
        "Tax Effect Of Unusual Items": -630000.0,
        "Tax Rate For Calcs": 0.21,
        "Normalized EBITDA": 235000000.0,
        "Total Unusual Items": -3000000.0,
        "Total Unusual Items Excluding Goodwill": -3000000.0,
        "Net Income From Continuing Operation Net Minority Interest": -44000000.0,
        "Reconciled Depreciation": 168000000.0,
        "Reconciled Cost Of Revenue": 1851000000.0,
        "EBITDA": 232000000.0,
        "EBIT": 64000000.0,
        "Net Interest Income": -102000000.0,
        "Interest Expense": 147000000.0,
        "Interest Income": 45000000.0,
        "Normalized Income": -41630000.0,
        "Net Income From Continuing And Discontinued Operation": -44000000.0,
        "Total Expenses": 2260000000.0,
        "Rent Expense Supplemental": 160000000.0,
        "Total Operating Income As Reported": 16000000.0,
        "Diluted Average Shares": 351400000.0,
        "Basic Average Shares": 351400000.0,
        "Diluted EPS": -0.13,
        "Basic EPS": -0.13,
        "Diluted NI Availto Com Stockholders": -44000000.0,
        "Net Income Common Stockholders": -44000000.0,
        "Net Income": -44000000.0,
        "Net Income Including Noncontrolling Interests": -44000000.0,
        "Net Income Continuous Operations": -44000000.0,
        "Tax Provision": -39000000.0,
        "Pretax Income": -83000000.0,
        "Other Income Expense": 2000000.0,
        "Other Non Operating Income Expenses": 5000000.0,
        "Special Income Charges": -1000000.0,
        "Other Special Charges": -14000000.0,
        "Impairment Of Capital Assets": NaN,
        "Restructuring And Mergern Acquisition": 0.0,
        "Gain On Sale Of Security": -2000000.0,
        "Net Non Operating Interest Income Expense": -102000000.0,
        "Interest Expense Non Operating": 147000000.0,
        "Interest Income Non Operating": 45000000.0,
        "Operating Income": 17000000.0,
        "Operating Expense": 409000000.0,
        "Other Operating Expenses": 326000000.0,
        "Selling General And Administration": 83000000.0,
        "Selling And Marketing Expense": 83000000.0,
        "Gross Profit": 426000000.0,
        "Cost Of Revenue": 1851000000.0,
        "Total Revenue": 2277000000.0,
        "Operating Revenue": 2099000000.0
    },
    "2025-03-31": {
        "Tax Effect Of Unusual Items": 232472.324723,
        "Tax Rate For Calcs": 0.232472,
        "Normalized EBITDA": 41000000.0,
        "Total Unusual Items": 1000000.0,
        "Total Unusual Items Excluding Goodwill": 1000000.0,
        "Net Income From Continuing Operation Net Minority Interest": -208000000.0,
        "Reconciled Depreciation": 168000000.0,
        "Reconciled Cost Of Revenue": 1911000000.0,
        "EBITDA": 42000000.0,
        "EBIT": -126000000.0,
        "Net Interest Income": -107000000.0,
        "Interest Expense": 145000000.0,
        "Interest Income": 38000000.0,
        "Normalized Income": -208767527.675277,
        "Net Income From Continuing And Discontinued Operation": -208000000.0,
        "Total Expenses": 2314000000.0,
        "Rent Expense Supplemental": 178000000.0,
        "Total Operating Income As Reported": -174000000.0,
        "Diluted Average Shares": 353700000.0,
        "Basic Average Shares": 353700000.0,
        "Diluted EPS": -0.59,
        "Basic EPS": -0.59,
        "Diluted NI Availto Com Stockholders": -208000000.0,
        "Net Income Common Stockholders": -208000000.0,
        "Net Income": -208000000.0,
        "Net Income Including Noncontrolling Interests": -208000000.0,
        "Net Income Continuous Operations": -208000000.0,
        "Tax Provision": -63000000.0,
        "Pretax Income": -271000000.0,
        "Other Income Expense": 10000000.0,
        "Other Non Operating Income Expenses": 9000000.0,
        "Special Income Charges": 0.0,
        "Other Special Charges": NaN,
        "Impairment Of Capital Assets": NaN,
        "Restructuring And Mergern Acquisition": NaN,
        "Gain On Sale Of Security": 1000000.0,
        "Net Non Operating Interest Income Expense": -107000000.0,
        "Interest Expense Non Operating": 145000000.0,
        "Interest Income Non Operating": 38000000.0,
        "Operating Income": -174000000.0,
        "Operating Expense": 403000000.0,
        "Other Operating Expenses": 333000000.0,
        "Selling General And Administration": 70000000.0,
        "Selling And Marketing Expense": 70000000.0,
        "Gross Profit": 229000000.0,
        "Cost Of Revenue": 1911000000.0,
        "Total Revenue": 2140000000.0,
        "Operating Revenue": 1969000000.0
    },
    "2025-06-30": {
        "Tax Effect Of Unusual Items": -4468085.106383,
        "Tax Rate For Calcs": 0.212766,
        "Normalized EBITDA": 242000000.0,
        "Total Unusual Items": -21000000.0,
        "Total Unusual Items Excluding Goodwill": -21000000.0,
        "Net Income From Continuing Operation Net Minority Interest": -74000000.0,
        "Reconciled Depreciation": 171000000.0,
        "Reconciled Cost Of Revenue": 1916000000.0,
        "EBITDA": 221000000.0,
        "EBIT": 50000000.0,
        "Net Interest Income": -111000000.0,
        "Interest Expense": 144000000.0,
        "Interest Income": 33000000.0,
        "Normalized Income": -57468085.106383,
        "Net Income From Continuing And Discontinued Operation": -74000000.0,
        "Total Expenses": 2326000000.0,
        "Rent Expense Supplemental": 191000000.0,
        "Total Operating Income As Reported": 6000000.0,
        "Diluted Average Shares": 361300000.0,
        "Basic Average Shares": 361300000.0,
        "Diluted EPS": -0.21,
        "Basic EPS": -0.21,
        "Diluted NI Availto Com Stockholders": -74000000.0,
        "Net Income Common Stockholders": -74000000.0,
        "Net Income": -74000000.0,
        "Net Income Including Noncontrolling Interests": -74000000.0,
        "Net Income Continuous Operations": -74000000.0,
        "Tax Provision": -20000000.0,
        "Pretax Income": -94000000.0,
        "Other Income Expense": -13000000.0,
        "Other Non Operating Income Expenses": 8000000.0,
        "Special Income Charges": -24000000.0,
        "Other Special Charges": NaN,
        "Impairment Of Capital Assets": NaN,
        "Restructuring And Mergern Acquisition": 24000000.0,
        "Gain On Sale Of Security": 3000000.0,
        "Net Non Operating Interest Income Expense": -111000000.0,
        "Interest Expense Non Operating": 144000000.0,
        "Interest Income Non Operating": 33000000.0,
        "Operating Income": 30000000.0,
        "Operating Expense": 410000000.0,
        "Other Operating Expenses": 334000000.0,
        "Selling General And Administration": 76000000.0,
        "Selling And Marketing Expense": 76000000.0,
        "Gross Profit": 440000000.0,
        "Cost Of Revenue": 1916000000.0,
        "Total Revenue": 2356000000.0,
        "Operating Revenue": 2179000000.0
    }
}