{
    "2024-09-30": {
        "Tax Effect Of Unusual Items": 40000.0,
        "Tax Rate For Calcs": 0.2,
        "Normalized EBITDA": 73700000.0,
        "Total Unusual Items": 200000.0,
        "Total Unusual Items Excluding Goodwill": 200000.0,
        "Net Income From Continuing Operation Net Minority Interest": 38100000.0,
        "Reconciled Depreciation": 22200000.0,
        "Reconciled Cost Of Revenue": 290200000.0,
        "EBITDA": 73900000.0,
        "EBIT": 51700000.0,
        "Net Interest Income": 1800000.0,
        "Interest Expense": 4100000.0,
        "Interest Income": 5900000.0,
        "Normalized Income": 37940000.0,
        "Net Income From Continuing And Discontinued Operation": 38900000.0,
        "Total Expenses": 407200000.0,
        "Total Operating Income As Reported": 46800000.0,
        "Diluted Average Shares": 32200000.0,
        "Basic Average Shares": 32000000.0,
        "Diluted EPS": 1.21,
        "Basic EPS": 1.22,
        "Diluted NI Availto Com Stockholders": 38900000.0,
        "Net Income Common Stockholders": 38900000.0,
        "Net Income": 38900000.0,
        "Net Income Including Noncontrolling Interests": 38900000.0,
        "Net Income Discontinuous Operations": 800000.0,
        "Net Income Continuous Operations": 38100000.0,
        "Earnings From Equity Interest Net Of Tax": 0.0,
        "Tax Provision": 9500000.0,
        "Pretax Income": 47600000.0,
        "Other Income Expense": -800000.0,
        "Other Non Operating Income Expenses": -1000000.0,
        "Special Income Charges": 200000.0,
        "Restructuring And Mergern Acquisition": -200000.0,
        "Net Non Operating Interest Income Expense": 1800000.0,
        "Interest Expense Non Operating": 4100000.0,
        "Interest Income Non Operating": 5900000.0,
        "Operating Income": 46600000.0,
        "Operating Expense": 117000000.0,
        "Research And Development": NaN,
        "Selling General And Administration": 117000000.0,
        "General And Administrative Expense": 117000000.0,
        "Other Gand A": 117000000.0,
        "Salaries And Wages": NaN,
        "Gross Profit": 163600000.0,
        "Cost Of Revenue": 290200000.0,
        "Total Revenue": 453800000.0,
        "Operating Revenue": 453800000.0
    },
    "2024-06-30": {
        "Tax Effect Of Unusual Items": -42000.0,
        "Tax Rate For Calcs": 0.21,
        "Normalized EBITDA": 53900000.0,
        "Total Unusual Items": -200000.0,
        "Total Unusual Items Excluding Goodwill": -200000.0,
        "Net Income From Continuing Operation Net Minority Interest": 30700000.0,
        "Reconciled Depreciation": 22200000.0,
        "Reconciled Cost Of Revenue": 259100000.0,
        "EBITDA": 53700000.0,
        "EBIT": 31500000.0,
        "Net Interest Income": 1600000.0,
        "Interest Expense": 4100000.0,
        "Interest Income": 5700000.0,
        "Normalized Income": 30858000.0,
        "Net Income From Continuing And Discontinued Operation": 30700000.0,
        "Total Expenses": 375300000.0,
        "Total Operating Income As Reported": 26800000.0,
        "Diluted Average Shares": 32200000.0,
        "Basic Average Shares": 32000000.0,
        "Diluted EPS": 0.95,
        "Basic EPS": 0.96,
        "Diluted NI Availto Com Stockholders": 30700000.0,
        "Net Income Common Stockholders": 30700000.0,
        "Net Income": 30700000.0,
        "Net Income Including Noncontrolling Interests": 30700000.0,
        "Net Income Discontinuous Operations": 0.0,
        "Net Income Continuous Operations": 30700000.0,
        "Earnings From Equity Interest Net Of Tax": 0.0,
        "Tax Provision": -3300000.0,
        "Pretax Income": 27400000.0,
        "Other Income Expense": -1200000.0,
        "Other Non Operating Income Expenses": -1000000.0,
        "Special Income Charges": -200000.0,
        "Restructuring And Mergern Acquisition": 200000.0,
        "Net Non Operating Interest Income Expense": 1600000.0,
        "Interest Expense Non Operating": 4100000.0,
        "Interest Income Non Operating": 5700000.0,
        "Operating Income": 27000000.0,
        "Operating Expense": 116200000.0,
        "Research And Development": 5800000.0,
        "Selling General And Administration": 110400000.0,
        "General And Administrative Expense": 116200000.0,
        "Other Gand A": 116200000.0,
        "Salaries And Wages": 1000000.0,
        "Gross Profit": 143200000.0,
        "Cost Of Revenue": 259100000.0,
        "Total Revenue": 402300000.0,
        "Operating Revenue": 402300000.0
    },
    "2024-03-31": {
        "Tax Effect Of Unusual Items": NaN,
        "Tax Rate For Calcs": NaN,
        "Normalized EBITDA": NaN,
        "Total Unusual Items": NaN,
        "Total Unusual Items Excluding Goodwill": NaN,
        "Net Income From Continuing Operation Net Minority Interest": NaN,
        "Reconciled Depreciation": NaN,
        "Reconciled Cost Of Revenue": NaN,
        "EBITDA": NaN,
        "EBIT": NaN,
        "Net Interest Income": NaN,
        "Interest Expense": NaN,
        "Interest Income": NaN,
        "Normalized Income": NaN,
        "Net Income From Continuing And Discontinued Operation": NaN,
        "Total Expenses": NaN,
        "Total Operating Income As Reported": NaN,
        "Diluted Average Shares": NaN,
        "Basic Average Shares": NaN,
        "Diluted EPS": NaN,
        "Basic EPS": NaN,
        "Diluted NI Availto Com Stockholders": NaN,
        "Net Income Common Stockholders": NaN,
        "Net Income": NaN,
        "Net Income Including Noncontrolling Interests": NaN,
        "Net Income Discontinuous Operations": NaN,
        "Net Income Continuous Operations": NaN,
        "Earnings From Equity Interest Net Of Tax": NaN,
        "Tax Provision": NaN,
        "Pretax Income": NaN,
        "Other Income Expense": NaN,
        "Other Non Operating Income Expenses": NaN,
        "Special Income Charges": NaN,
        "Restructuring And Mergern Acquisition": NaN,
        "Net Non Operating Interest Income Expense": NaN,
        "Interest Expense Non Operating": NaN,
        "Interest Income Non Operating": NaN,
        "Operating Income": NaN,
        "Operating Expense": NaN,
        "Research And Development": 6400000.0,
        "Selling General And Administration": NaN,
        "General And Administrative Expense": 110100000.0,
        "Other Gand A": 110100000.0,
        "Salaries And Wages": 1000000.0,
        "Gross Profit": NaN,
        "Cost Of Revenue": NaN,
        "Total Revenue": NaN,
        "Operating Revenue": NaN
    },
    "2023-12-31": {
        "Tax Effect Of Unusual Items": NaN,
        "Tax Rate For Calcs": NaN,
        "Normalized EBITDA": NaN,
        "Total Unusual Items": NaN,
        "Total Unusual Items Excluding Goodwill": NaN,
        "Net Income From Continuing Operation Net Minority Interest": NaN,
        "Reconciled Depreciation": NaN,
        "Reconciled Cost Of Revenue": NaN,
        "EBITDA": NaN,
        "EBIT": NaN,
        "Net Interest Income": NaN,
        "Interest Expense": NaN,
        "Interest Income": NaN,
        "Normalized Income": NaN,
        "Net Income From Continuing And Discontinued Operation": NaN,
        "Total Expenses": NaN,
        "Total Operating Income As Reported": NaN,
        "Diluted Average Shares": NaN,
        "Basic Average Shares": NaN,
        "Diluted EPS": NaN,
        "Basic EPS": NaN,
        "Diluted NI Availto Com Stockholders": NaN,
        "Net Income Common Stockholders": NaN,
        "Net Income": NaN,
        "Net Income Including Noncontrolling Interests": NaN,
        "Net Income Discontinuous Operations": NaN,
        "Net Income Continuous Operations": NaN,
        "Earnings From Equity Interest Net Of Tax": NaN,
        "Tax Provision": NaN,
        "Pretax Income": NaN,
        "Other Income Expense": NaN,
        "Other Non Operating Income Expenses": NaN,
        "Special Income Charges": NaN,
        "Restructuring And Mergern Acquisition": NaN,
        "Net Non Operating Interest Income Expense": NaN,
        "Interest Expense Non Operating": NaN,
        "Interest Income Non Operating": NaN,
        "Operating Income": NaN,
        "Operating Expense": NaN,
        "Research And Development": NaN,
        "Selling General And Administration": NaN,
        "General And Administrative Expense": 104000000.0,
        "Other Gand A": 104000000.0,
        "Salaries And Wages": 100000.0,
        "Gross Profit": NaN,
        "Cost Of Revenue": NaN,
        "Total Revenue": NaN,
        "Operating Revenue": NaN
    },
    "2023-09-30": {
        "Tax Effect Of Unusual Items": NaN,
        "Tax Rate For Calcs": NaN,
        "Normalized EBITDA": NaN,
        "Total Unusual Items": NaN,
        "Total Unusual Items Excluding Goodwill": NaN,
        "Net Income From Continuing Operation Net Minority Interest": NaN,
        "Reconciled Depreciation": NaN,
        "Reconciled Cost Of Revenue": NaN,
        "EBITDA": NaN,
        "EBIT": NaN,
        "Net Interest Income": NaN,
        "Interest Expense": NaN,
        "Interest Income": NaN,
        "Normalized Income": NaN,
        "Net Income From Continuing And Discontinued Operation": NaN,
        "Total Expenses": NaN,
        "Total Operating Income As Reported": NaN,
        "Diluted Average Shares": NaN,
        "Basic Average Shares": NaN,
        "Diluted EPS": NaN,
        "Basic EPS": NaN,
        "Diluted NI Availto Com Stockholders": NaN,
        "Net Income Common Stockholders": NaN,
        "Net Income": NaN,
        "Net Income Including Noncontrolling Interests": NaN,
        "Net Income Discontinuous Operations": NaN,
        "Net Income Continuous Operations": NaN,
        "Earnings From Equity Interest Net Of Tax": NaN,
        "Tax Provision": NaN,
        "Pretax Income": NaN,
        "Other Income Expense": NaN,
        "Other Non Operating Income Expenses": NaN,
        "Special Income Charges": NaN,
        "Restructuring And Mergern Acquisition": NaN,
        "Net Non Operating Interest Income Expense": NaN,
        "Interest Expense Non Operating": NaN,
        "Interest Income Non Operating": NaN,
        "Operating Income": NaN,
        "Operating Expense": NaN,
        "Research And Development": NaN,
        "Selling General And Administration": NaN,
        "General And Administrative Expense": 101500000.0,
        "Other Gand A": 101500000.0,
        "Salaries And Wages": 200000.0,
        "Gross Profit": NaN,
        "Cost Of Revenue": NaN,
        "Total Revenue": NaN,
        "Operating Revenue": NaN
    },
    "2023-06-30": {
        "Tax Effect Of Unusual Items": NaN,
        "Tax Rate For Calcs": NaN,
        "Normalized EBITDA": NaN,
        "Total Unusual Items": NaN,
        "Total Unusual Items Excluding Goodwill": NaN,
        "Net Income From Continuing Operation Net Minority Interest": NaN,
        "Reconciled Depreciation": NaN,
        "Reconciled Cost Of Revenue": NaN,
        "EBITDA": NaN,
        "EBIT": NaN,
        "Net Interest Income": NaN,
        "Interest Expense": NaN,
        "Interest Income": NaN,
        "Normalized Income": NaN,
        "Net Income From Continuing And Discontinued Operation": NaN,
        "Total Expenses": NaN,
        "Total Operating Income As Reported": NaN,
        "Diluted Average Shares": NaN,
        "Basic Average Shares": NaN,
        "Diluted EPS": NaN,
        "Basic EPS": NaN,
        "Diluted NI Availto Com Stockholders": NaN,
        "Net Income Common Stockholders": NaN,
        "Net Income": NaN,
        "Net Income Including Noncontrolling Interests": NaN,
        "Net Income Discontinuous Operations": NaN,
        "Net Income Continuous Operations": NaN,
        "Earnings From Equity Interest Net Of Tax": NaN,
        "Tax Provision": NaN,
        "Pretax Income": NaN,
        "Other Income Expense": NaN,
        "Other Non Operating Income Expenses": NaN,
        "Special Income Charges": NaN,
        "Restructuring And Mergern Acquisition": NaN,
        "Net Non Operating Interest Income Expense": NaN,
        "Interest Expense Non Operating": NaN,
        "Interest Income Non Operating": NaN,
        "Operating Income": NaN,
        "Operating Expense": NaN,
        "Selling General And Administration": NaN,
        "General And Administrative Expense": NaN,
        "Other Gand A": NaN,
        "Salaries And Wages": 200000.0,
        "Gross Profit": NaN,
        "Cost Of Revenue": NaN,
        "Total Revenue": NaN,
        "Operating Revenue": NaN
    },
    "2024-12-31": {
        "Tax Effect Of Unusual Items": -102857.142857,
        "Tax Rate For Calcs": 0.342857,
        "Normalized EBITDA": 21000000.0,
        "Total Unusual Items": -300000.0,
        "Total Unusual Items Excluding Goodwill": -300000.0,
        "Net Income From Continuing Operation Net Minority Interest": -6900000.0,
        "Reconciled Depreciation": 22900000.0,
        "Reconciled Cost Of Revenue": 288200000.0,
        "EBITDA": 20700000.0,
        "EBIT": -2200000.0,
        "Net Interest Income": -1900000.0,
        "Interest Expense": 8300000.0,
        "Interest Income": 6400000.0,
        "Normalized Income": -6702857.142857,
        "Net Income From Continuing And Discontinued Operation": -7000000.0,
        "Total Expenses": 451600000.0,
        "Total Operating Income As Reported": 15700000.0,
        "Diluted Average Shares": 32200000.0,
        "Basic Average Shares": 32000000.0,
        "Diluted EPS": -0.22,
        "Basic EPS": -0.22,
        "Diluted NI Availto Com Stockholders": -7000000.0,
        "Net Income Common Stockholders": -7000000.0,
        "Net Income": -7000000.0,
        "Net Income Including Noncontrolling Interests": -7000000.0,
        "Net Income Discontinuous Operations": -100000.0,
        "Net Income Continuous Operations": -6900000.0,
        "Earnings From Equity Interest Net Of Tax": 0.0,
        "Tax Provision": -3600000.0,
        "Pretax Income": -10500000.0,
        "Other Income Expense": -24600000.0,
        "Other Non Operating Income Expenses": -24300000.0,
        "Special Income Charges": -300000.0,
        "Restructuring And Mergern Acquisition": 300000.0,
        "Net Non Operating Interest Income Expense": -1900000.0,
        "Interest Expense Non Operating": 8300000.0,
        "Interest Income Non Operating": 6400000.0,
        "Operating Income": 16000000.0,
        "Operating Expense": 163400000.0,
        "Research And Development": NaN,
        "Selling General And Administration": 163400000.0,
        "General And Administrative Expense": NaN,
        "Other Gand A": NaN,
        "Salaries And Wages": NaN,
        "Gross Profit": 179400000.0,
        "Cost Of Revenue": 288200000.0,
        "Total Revenue": 467600000.0,
        "Operating Revenue": 467600000.0
    },
    "2025-03-31": {
        "Tax Effect Of Unusual Items": -2236600.0,
        "Tax Rate For Calcs": 0.211,
        "Normalized EBITDA": -105600000.0,
        "Total Unusual Items": -10600000.0,
        "Total Unusual Items Excluding Goodwill": -10600000.0,
        "Net Income From Continuing Operation Net Minority Interest": -173000000.0,
        "Reconciled Depreciation": 60600000.0,
        "Reconciled Cost Of Revenue": 561600000.0,
        "EBITDA": -116200000.0,
        "EBIT": -176800000.0,
        "Net Interest Income": -41000000.0,
        "Interest Expense": 42400000.0,
        "Interest Income": 1400000.0,
        "Normalized Income": -164636600.0,
        "Net Income From Continuing And Discontinued Operation": -173000000.0,
        "Total Expenses": 876900000.0,
        "Total Operating Income As Reported": -33400000.0,
        "Diluted Average Shares": 51700000.0,
        "Basic Average Shares": 51700000.0,
        "Diluted EPS": -3.35,
        "Basic EPS": -3.35,
        "Diluted NI Availto Com Stockholders": -173000000.0,
        "Net Income Common Stockholders": -173000000.0,
        "Net Income": -173000000.0,
        "Net Income Including Noncontrolling Interests": -173000000.0,
        "Net Income Discontinuous Operations": 0.0,
        "Net Income Continuous Operations": -173000000.0,
        "Earnings From Equity Interest Net Of Tax": 0.0,
        "Tax Provision": -46200000.0,
        "Pretax Income": -219200000.0,
        "Other Income Expense": -155400000.0,
        "Other Non Operating Income Expenses": -144800000.0,
        "Special Income Charges": -10600000.0,
        "Restructuring And Mergern Acquisition": 10600000.0,
        "Net Non Operating Interest Income Expense": -41000000.0,
        "Interest Expense Non Operating": 42400000.0,
        "Interest Income Non Operating": 1400000.0,
        "Operating Income": -22800000.0,
        "Operating Expense": 315300000.0,
        "Research And Development": 33600000.0,
        "Selling General And Administration": 281700000.0,
        "General And Administrative Expense": NaN,
        "Other Gand A": NaN,
        "Salaries And Wages": NaN,
        "Gross Profit": 292500000.0,
        "Cost Of Revenue": 561600000.0,
        "Total Revenue": 854100000.0,
        "Operating Revenue": 854100000.0
    },
    "2025-06-30": {
        "Tax Effect Of Unusual Items": -3171000.0,
        "Tax Rate For Calcs": 0.21,
        "Normalized EBITDA": 141000000.0,
        "Total Unusual Items": -15100000.0,
        "Total Unusual Items Excluding Goodwill": -15100000.0,
        "Net Income From Continuing Operation Net Minority Interest": 3400000.0,
        "Reconciled Depreciation": 82500000.0,
        "Reconciled Cost Of Revenue": 600600000.0,
        "EBITDA": 125900000.0,
        "EBIT": 43400000.0,
        "Net Interest Income": -29000000.0,
        "Interest Expense": 31800000.0,
        "Interest Income": 2800000.0,
        "Normalized Income": 15329000.0,
        "Net Income From Continuing And Discontinued Operation": 3400000.0,
        "Total Expenses": 881900000.0,
        "Total Operating Income As Reported": 48400000.0,
        "Diluted Average Shares": 52200000.0,
        "Basic Average Shares": 52100000.0,
        "Diluted EPS": 0.07,
        "Basic EPS": 0.07,
        "Diluted NI Availto Com Stockholders": 3400000.0,
        "Net Income Common Stockholders": 3400000.0,
        "Net Income": 3400000.0,
        "Net Income Including Noncontrolling Interests": 3400000.0,
        "Net Income Discontinuous Operations": 0.0,
        "Net Income Continuous Operations": 3400000.0,
        "Earnings From Equity Interest Net Of Tax": -300000.0,
        "Tax Provision": 7900000.0,
        "Pretax Income": 11600000.0,
        "Other Income Expense": -12300000.0,
        "Other Non Operating Income Expenses": 2800000.0,
        "Special Income Charges": -15100000.0,
        "Restructuring And Mergern Acquisition": 15100000.0,
        "Net Non Operating Interest Income Expense": -29000000.0,
        "Interest Expense Non Operating": 31800000.0,
        "Interest Income Non Operating": 2800000.0,
        "Operating Income": 52900000.0,
        "Operating Expense": 281300000.0,
        "Research And Development": 30900000.0,
        "Selling General And Administration": 250400000.0,
        "General And Administrative Expense": NaN,
        "Other Gand A": NaN,
        "Salaries And Wages": NaN,
        "Gross Profit": 334200000.0,
        "Cost Of Revenue": 600600000.0,
        "Total Revenue": 934800000.0,
        "Operating Revenue": 934800000.0
    }
}