{
    "2023-03-31": {
        "Tax Effect Of Unusual Items": NaN,
        "Tax Rate For Calcs": NaN,
        "Normalized EBITDA": NaN,
        "Total Unusual Items": NaN,
        "Total Unusual Items Excluding Goodwill": NaN,
        "Net Income From Continuing Operation Net Minority Interest": NaN,
        "Reconciled Cost Of Revenue": NaN,
        "EBITDA": NaN,
        "EBIT": NaN,
        "Net Interest Income": NaN,
        "Interest Expense": NaN,
        "Interest Income": NaN,
        "Normalized Income": NaN,
        "Net Income From Continuing And Discontinued Operation": NaN,
        "Total Expenses": NaN,
        "Total Operating Income As Reported": NaN,
        "Diluted Average Shares": NaN,
        "Basic Average Shares": NaN,
        "Diluted EPS": NaN,
        "Basic EPS": NaN,
        "Diluted NI Availto Com Stockholders": NaN,
        "Net Income Common Stockholders": NaN,
        "Net Income": NaN,
        "Minority Interests": NaN,
        "Net Income Including Noncontrolling Interests": NaN,
        "Net Income Continuous Operations": NaN,
        "Tax Provision": NaN,
        "Pretax Income": NaN,
        "Other Income Expense": NaN,
        "Other Non Operating Income Expenses": NaN,
        "Earnings From Equity Interest": 0.0,
        "Gain On Sale Of Security": NaN,
        "Net Non Operating Interest Income Expense": NaN,
        "Interest Expense Non Operating": NaN,
        "Interest Income Non Operating": NaN,
        "Operating Income": NaN,
        "Operating Expense": NaN,
        "Other Operating Expenses": NaN,
        "Research And Development": NaN,
        "Selling General And Administration": NaN,
        "Selling And Marketing Expense": NaN,
        "General And Administrative Expense": NaN,
        "Other Gand A": NaN,
        "Gross Profit": NaN,
        "Cost Of Revenue": NaN,
        "Total Revenue": NaN,
        "Operating Revenue": NaN
    },
    "2022-12-31": {
        "Tax Effect Of Unusual Items": NaN,
        "Tax Rate For Calcs": NaN,
        "Normalized EBITDA": NaN,
        "Total Unusual Items": 928000.0,
        "Total Unusual Items Excluding Goodwill": 928000.0,
        "Net Income From Continuing Operation Net Minority Interest": NaN,
        "Reconciled Cost Of Revenue": NaN,
        "EBITDA": NaN,
        "EBIT": NaN,
        "Net Interest Income": NaN,
        "Interest Expense": NaN,
        "Interest Income": NaN,
        "Normalized Income": NaN,
        "Net Income From Continuing And Discontinued Operation": NaN,
        "Total Expenses": NaN,
        "Total Operating Income As Reported": NaN,
        "Diluted Average Shares": NaN,
        "Basic Average Shares": NaN,
        "Diluted EPS": NaN,
        "Basic EPS": NaN,
        "Diluted NI Availto Com Stockholders": NaN,
        "Net Income Common Stockholders": NaN,
        "Net Income": NaN,
        "Minority Interests": NaN,
        "Net Income Including Noncontrolling Interests": NaN,
        "Net Income Continuous Operations": NaN,
        "Tax Provision": NaN,
        "Pretax Income": NaN,
        "Other Income Expense": NaN,
        "Other Non Operating Income Expenses": NaN,
        "Earnings From Equity Interest": NaN,
        "Gain On Sale Of Security": 928000.0,
        "Net Non Operating Interest Income Expense": NaN,
        "Interest Expense Non Operating": NaN,
        "Interest Income Non Operating": NaN,
        "Operating Income": NaN,
        "Operating Expense": NaN,
        "Other Operating Expenses": NaN,
        "Research And Development": NaN,
        "Selling General And Administration": NaN,
        "Selling And Marketing Expense": NaN,
        "General And Administrative Expense": NaN,
        "Other Gand A": NaN,
        "Gross Profit": NaN,
        "Cost Of Revenue": NaN,
        "Total Revenue": NaN,
        "Operating Revenue": NaN
    },
    "2022-09-30": {
        "Tax Effect Of Unusual Items": -2112.033793,
        "Tax Rate For Calcs": 0.00528,
        "Normalized EBITDA": -20239000.0,
        "Total Unusual Items": -400000.0,
        "Total Unusual Items Excluding Goodwill": -400000.0,
        "Net Income From Continuing Operation Net Minority Interest": -20427000.0,
        "Reconciled Cost Of Revenue": 26403000.0,
        "EBITDA": -20639000.0,
        "EBIT": -20639000.0,
        "Net Interest Income": 82000.0,
        "Interest Expense": 194000.0,
        "Interest Income": 276000.0,
        "Normalized Income": -20029112.033793,
        "Net Income From Continuing And Discontinued Operation": -20427000.0,
        "Total Expenses": 106425000.0,
        "Total Operating Income As Reported": -25994000.0,
        "Diluted Average Shares": 118959907.0,
        "Basic Average Shares": 118959907.0,
        "Diluted EPS": -0.173333,
        "Basic EPS": -0.173333,
        "Diluted NI Availto Com Stockholders": -20427000.0,
        "Net Income Common Stockholders": -20427000.0,
        "Net Income": -20427000.0,
        "Minority Interests": 296000.0,
        "Net Income Including Noncontrolling Interests": -20723000.0,
        "Net Income Continuous Operations": -20723000.0,
        "Tax Provision": -110000.0,
        "Pretax Income": -20833000.0,
        "Other Income Expense": 5079000.0,
        "Other Non Operating Income Expenses": 5479000.0,
        "Gain On Sale Of Security": -400000.0,
        "Net Non Operating Interest Income Expense": 82000.0,
        "Interest Expense Non Operating": 194000.0,
        "Interest Income Non Operating": 276000.0,
        "Operating Income": -25994000.0,
        "Operating Expense": 80022000.0,
        "Research And Development": 38275000.0,
        "Selling General And Administration": 41747000.0,
        "Selling And Marketing Expense": 24178000.0,
        "General And Administrative Expense": 17569000.0,
        "Other Gand A": 17569000.0,
        "Gross Profit": 54028000.0,
        "Cost Of Revenue": 26403000.0,
        "Total Revenue": 80431000.0,
        "Operating Revenue": 80431000.0
    },
    "2022-06-30": {
        "Tax Effect Of Unusual Items": -1336400.0,
        "Tax Rate For Calcs": 0.4,
        "Normalized EBITDA": -20133000.0,
        "Total Unusual Items": -3341000.0,
        "Total Unusual Items Excluding Goodwill": -3341000.0,
        "Net Income From Continuing Operation Net Minority Interest": -23416000.0,
        "Reconciled Cost Of Revenue": 22673000.0,
        "EBITDA": -23474000.0,
        "EBIT": -23474000.0,
        "Net Interest Income": -387000.0,
        "Interest Expense": 775000.0,
        "Interest Income": 388000.0,
        "Normalized Income": -21411400.0,
        "Net Income From Continuing And Discontinued Operation": -23416000.0,
        "Total Expenses": 110394000.0,
        "Total Operating Income As Reported": -34247000.0,
        "Diluted Average Shares": 118708251.0,
        "Basic Average Shares": 118708251.0,
        "Diluted EPS": -0.2,
        "Basic EPS": -0.2,
        "Diluted NI Availto Com Stockholders": -23416000.0,
        "Net Income Common Stockholders": -23416000.0,
        "Net Income": -23416000.0,
        "Minority Interests": 972000.0,
        "Net Income Including Noncontrolling Interests": -24388000.0,
        "Net Income Continuous Operations": -24388000.0,
        "Tax Provision": 139000.0,
        "Pretax Income": -24249000.0,
        "Other Income Expense": 10385000.0,
        "Other Non Operating Income Expenses": 13726000.0,
        "Gain On Sale Of Security": -3341000.0,
        "Net Non Operating Interest Income Expense": -387000.0,
        "Interest Expense Non Operating": 775000.0,
        "Interest Income Non Operating": 388000.0,
        "Operating Income": -34247000.0,
        "Operating Expense": 87721000.0,
        "Research And Development": 40794000.0,
        "Selling General And Administration": 46927000.0,
        "Selling And Marketing Expense": 23326000.0,
        "General And Administrative Expense": 23601000.0,
        "Other Gand A": 23601000.0,
        "Gross Profit": 53474000.0,
        "Cost Of Revenue": 22673000.0,
        "Total Revenue": 76147000.0,
        "Operating Revenue": 76147000.0
    },
    "2023-06-30": {
        "Tax Effect Of Unusual Items": NaN,
        "Tax Rate For Calcs": NaN,
        "Normalized EBITDA": NaN,
        "Total Unusual Items": -118000.0,
        "Total Unusual Items Excluding Goodwill": -118000.0,
        "Net Income From Continuing Operation Net Minority Interest": NaN,
        "Reconciled Cost Of Revenue": NaN,
        "EBITDA": NaN,
        "EBIT": NaN,
        "Net Interest Income": NaN,
        "Interest Expense": NaN,
        "Interest Income": NaN,
        "Normalized Income": NaN,
        "Net Income From Continuing And Discontinued Operation": NaN,
        "Total Expenses": NaN,
        "Total Operating Income As Reported": NaN,
        "Diluted Average Shares": NaN,
        "Basic Average Shares": NaN,
        "Diluted EPS": NaN,
        "Basic EPS": NaN,
        "Diluted NI Availto Com Stockholders": NaN,
        "Net Income Common Stockholders": NaN,
        "Net Income": NaN,
        "Minority Interests": NaN,
        "Net Income Including Noncontrolling Interests": NaN,
        "Net Income Continuous Operations": NaN,
        "Tax Provision": NaN,
        "Pretax Income": NaN,
        "Other Income Expense": NaN,
        "Other Non Operating Income Expenses": NaN,
        "Earnings From Equity Interest": NaN,
        "Gain On Sale Of Security": -118000.0,
        "Net Non Operating Interest Income Expense": NaN,
        "Interest Expense Non Operating": NaN,
        "Interest Income Non Operating": NaN,
        "Operating Income": NaN,
        "Operating Expense": NaN,
        "Other Operating Expenses": NaN,
        "Research And Development": NaN,
        "Selling General And Administration": NaN,
        "Selling And Marketing Expense": NaN,
        "General And Administrative Expense": NaN,
        "Other Gand A": NaN,
        "Gross Profit": NaN,
        "Cost Of Revenue": NaN,
        "Total Revenue": NaN,
        "Operating Revenue": NaN
    },
    "2023-09-30": {
        "Tax Effect Of Unusual Items": NaN,
        "Tax Rate For Calcs": NaN,
        "Normalized EBITDA": NaN,
        "Total Unusual Items": 37000.0,
        "Total Unusual Items Excluding Goodwill": NaN,
        "Net Income From Continuing Operation Net Minority Interest": NaN,
        "Reconciled Cost Of Revenue": NaN,
        "EBITDA": NaN,
        "EBIT": NaN,
        "Net Interest Income": NaN,
        "Interest Expense": NaN,
        "Interest Income": NaN,
        "Normalized Income": NaN,
        "Net Income From Continuing And Discontinued Operation": NaN,
        "Total Expenses": NaN,
        "Total Operating Income As Reported": NaN,
        "Diluted Average Shares": 5979878.0,
        "Basic Average Shares": 5979878.0,
        "Diluted EPS": -1.066664,
        "Basic EPS": NaN,
        "Diluted NI Availto Com Stockholders": NaN,
        "Net Income Common Stockholders": NaN,
        "Net Income": NaN,
        "Minority Interests": NaN,
        "Net Income Including Noncontrolling Interests": NaN,
        "Net Income Continuous Operations": NaN,
        "Tax Provision": NaN,
        "Pretax Income": NaN,
        "Other Income Expense": NaN,
        "Other Non Operating Income Expenses": NaN,
        "Earnings From Equity Interest": NaN,
        "Gain On Sale Of Security": 37000.0,
        "Net Non Operating Interest Income Expense": NaN,
        "Interest Expense Non Operating": NaN,
        "Interest Income Non Operating": NaN,
        "Operating Income": NaN,
        "Operating Expense": NaN,
        "Other Operating Expenses": NaN,
        "Research And Development": NaN,
        "Selling General And Administration": NaN,
        "Selling And Marketing Expense": NaN,
        "General And Administrative Expense": NaN,
        "Other Gand A": NaN,
        "Gross Profit": NaN,
        "Cost Of Revenue": NaN,
        "Total Revenue": NaN,
        "Operating Revenue": NaN
    },
    "2023-12-31": {
        "Tax Effect Of Unusual Items": NaN,
        "Tax Rate For Calcs": NaN,
        "Normalized EBITDA": NaN,
        "Total Unusual Items": NaN,
        "Total Unusual Items Excluding Goodwill": NaN,
        "Net Income From Continuing Operation Net Minority Interest": NaN,
        "Reconciled Cost Of Revenue": NaN,
        "EBITDA": NaN,
        "EBIT": NaN,
        "Net Interest Income": NaN,
        "Interest Expense": NaN,
        "Interest Income": NaN,
        "Normalized Income": NaN,
        "Net Income From Continuing And Discontinued Operation": NaN,
        "Total Expenses": NaN,
        "Total Operating Income As Reported": NaN,
        "Diluted Average Shares": NaN,
        "Basic Average Shares": NaN,
        "Diluted EPS": NaN,
        "Basic EPS": NaN,
        "Diluted NI Availto Com Stockholders": NaN,
        "Net Income Common Stockholders": NaN,
        "Net Income": NaN,
        "Minority Interests": NaN,
        "Net Income Including Noncontrolling Interests": NaN,
        "Net Income Continuous Operations": NaN,
        "Tax Provision": NaN,
        "Pretax Income": NaN,
        "Other Income Expense": NaN,
        "Other Non Operating Income Expenses": NaN,
        "Earnings From Equity Interest": -450000.0,
        "Gain On Sale Of Security": NaN,
        "Net Non Operating Interest Income Expense": NaN,
        "Interest Expense Non Operating": NaN,
        "Interest Income Non Operating": NaN,
        "Operating Income": NaN,
        "Operating Expense": NaN,
        "Other Operating Expenses": NaN,
        "Research And Development": NaN,
        "Selling General And Administration": NaN,
        "Selling And Marketing Expense": NaN,
        "General And Administrative Expense": NaN,
        "Other Gand A": NaN,
        "Gross Profit": NaN,
        "Cost Of Revenue": NaN,
        "Total Revenue": NaN,
        "Operating Revenue": NaN
    },
    "2024-03-31": {
        "Tax Effect Of Unusual Items": NaN,
        "Tax Rate For Calcs": NaN,
        "Normalized EBITDA": NaN,
        "Total Unusual Items": NaN,
        "Total Unusual Items Excluding Goodwill": NaN,
        "Net Income From Continuing Operation Net Minority Interest": NaN,
        "Reconciled Cost Of Revenue": NaN,
        "EBITDA": NaN,
        "EBIT": NaN,
        "Net Interest Income": NaN,
        "Interest Expense": NaN,
        "Interest Income": NaN,
        "Normalized Income": NaN,
        "Net Income From Continuing And Discontinued Operation": NaN,
        "Total Expenses": NaN,
        "Total Operating Income As Reported": NaN,
        "Diluted Average Shares": NaN,
        "Basic Average Shares": NaN,
        "Diluted EPS": NaN,
        "Basic EPS": NaN,
        "Diluted NI Availto Com Stockholders": NaN,
        "Net Income Common Stockholders": NaN,
        "Net Income": NaN,
        "Minority Interests": NaN,
        "Net Income Including Noncontrolling Interests": NaN,
        "Net Income Continuous Operations": NaN,
        "Tax Provision": NaN,
        "Pretax Income": NaN,
        "Other Income Expense": NaN,
        "Other Non Operating Income Expenses": 15000.0,
        "Earnings From Equity Interest": 0.0,
        "Gain On Sale Of Security": NaN,
        "Net Non Operating Interest Income Expense": NaN,
        "Interest Expense Non Operating": NaN,
        "Interest Income Non Operating": NaN,
        "Operating Income": NaN,
        "Operating Expense": NaN,
        "Other Operating Expenses": NaN,
        "Research And Development": NaN,
        "Selling General And Administration": NaN,
        "Selling And Marketing Expense": NaN,
        "General And Administrative Expense": NaN,
        "Other Gand A": NaN,
        "Gross Profit": NaN,
        "Cost Of Revenue": NaN,
        "Total Revenue": NaN,
        "Operating Revenue": NaN
    },
    "2024-06-30": {
        "Tax Effect Of Unusual Items": NaN,
        "Tax Rate For Calcs": NaN,
        "Normalized EBITDA": NaN,
        "Total Unusual Items": NaN,
        "Total Unusual Items Excluding Goodwill": NaN,
        "Net Income From Continuing Operation Net Minority Interest": NaN,
        "Reconciled Cost Of Revenue": NaN,
        "EBITDA": NaN,
        "EBIT": NaN,
        "Net Interest Income": NaN,
        "Interest Expense": NaN,
        "Interest Income": NaN,
        "Normalized Income": NaN,
        "Net Income From Continuing And Discontinued Operation": NaN,
        "Total Expenses": NaN,
        "Total Operating Income As Reported": NaN,
        "Diluted Average Shares": NaN,
        "Basic Average Shares": NaN,
        "Diluted EPS": NaN,
        "Basic EPS": NaN,
        "Diluted NI Availto Com Stockholders": NaN,
        "Net Income Common Stockholders": NaN,
        "Net Income": NaN,
        "Minority Interests": NaN,
        "Net Income Including Noncontrolling Interests": NaN,
        "Net Income Continuous Operations": NaN,
        "Tax Provision": NaN,
        "Pretax Income": NaN,
        "Other Income Expense": NaN,
        "Other Non Operating Income Expenses": -20000.0,
        "Earnings From Equity Interest": NaN,
        "Gain On Sale Of Security": NaN,
        "Net Non Operating Interest Income Expense": NaN,
        "Interest Expense Non Operating": NaN,
        "Interest Income Non Operating": NaN,
        "Operating Income": NaN,
        "Operating Expense": NaN,
        "Other Operating Expenses": NaN,
        "Research And Development": NaN,
        "Selling General And Administration": NaN,
        "Selling And Marketing Expense": NaN,
        "General And Administrative Expense": NaN,
        "Other Gand A": NaN,
        "Gross Profit": NaN,
        "Cost Of Revenue": NaN,
        "Total Revenue": NaN,
        "Operating Revenue": NaN
    },
    "2024-09-30": {
        "Tax Effect Of Unusual Items": 2694.775435,
        "Tax Rate For Calcs": 0.010999,
        "Normalized EBITDA": -2385000.0,
        "Total Unusual Items": 245000.0,
        "Total Unusual Items Excluding Goodwill": 245000.0,
        "Net Income From Continuing Operation Net Minority Interest": -2581000.0,
        "Reconciled Cost Of Revenue": 25846000.0,
        "EBITDA": -2140000.0,
        "EBIT": -2140000.0,
        "Net Interest Income": 169000.0,
        "Interest Expense": 42000.0,
        "Interest Income": 211000.0,
        "Normalized Income": -2823305.224565,
        "Net Income From Continuing And Discontinued Operation": -2581000.0,
        "Total Expenses": 82696000.0,
        "Total Operating Income As Reported": -3644000.0,
        "Diluted Average Shares": 5978810.0,
        "Basic Average Shares": 5978810.0,
        "Diluted EPS": -0.399999,
        "Basic EPS": -0.399999,
        "Diluted NI Availto Com Stockholders": -2581000.0,
        "Net Income Common Stockholders": -2581000.0,
        "Net Income": -2581000.0,
        "Minority Interests": -423000.0,
        "Net Income Including Noncontrolling Interests": -2158000.0,
        "Net Income Continuous Operations": -2158000.0,
        "Tax Provision": -24000.0,
        "Pretax Income": -2182000.0,
        "Other Income Expense": 1293000.0,
        "Other Non Operating Income Expenses": 1048000.0,
        "Earnings From Equity Interest": NaN,
        "Gain On Sale Of Security": 245000.0,
        "Net Non Operating Interest Income Expense": 169000.0,
        "Interest Expense Non Operating": 42000.0,
        "Interest Income Non Operating": 211000.0,
        "Operating Income": -3644000.0,
        "Operating Expense": 56850000.0,
        "Other Operating Expenses": -202000.0,
        "Research And Development": 24157000.0,
        "Selling General And Administration": 32895000.0,
        "Selling And Marketing Expense": 22448000.0,
        "General And Administrative Expense": 10447000.0,
        "Other Gand A": 10447000.0,
        "Gross Profit": 53206000.0,
        "Cost Of Revenue": 25846000.0,
        "Total Revenue": 79052000.0,
        "Operating Revenue": 79052000.0
    },
    "2024-12-31": {
        "Tax Effect Of Unusual Items": -2234.042553,
        "Tax Rate For Calcs": 0.131414,
        "Normalized EBITDA": -740000.0,
        "Total Unusual Items": -17000.0,
        "Total Unusual Items Excluding Goodwill": -17000.0,
        "Net Income From Continuing Operation Net Minority Interest": -1066000.0,
        "Reconciled Cost Of Revenue": 36468000.0,
        "EBITDA": -757000.0,
        "EBIT": -757000.0,
        "Net Interest Income": 246000.0,
        "Interest Expense": 42000.0,
        "Interest Income": 288000.0,
        "Normalized Income": -1051234.042553,
        "Net Income From Continuing And Discontinued Operation": -1066000.0,
        "Total Expenses": 93376000.0,
        "Total Operating Income As Reported": -223000.0,
        "Diluted Average Shares": 6015037.0,
        "Basic Average Shares": 6015037.0,
        "Diluted EPS": -0.133333,
        "Basic EPS": -0.133333,
        "Diluted NI Availto Com Stockholders": -1066000.0,
        "Net Income Common Stockholders": -1066000.0,
        "Net Income": -1066000.0,
        "Minority Interests": -372000.0,
        "Net Income Including Noncontrolling Interests": -694000.0,
        "Net Income Continuous Operations": -694000.0,
        "Tax Provision": -105000.0,
        "Pretax Income": -799000.0,
        "Other Income Expense": -822000.0,
        "Other Non Operating Income Expenses": -805000.0,
        "Earnings From Equity Interest": NaN,
        "Gain On Sale Of Security": -17000.0,
        "Net Non Operating Interest Income Expense": 246000.0,
        "Interest Expense Non Operating": 42000.0,
        "Interest Income Non Operating": 288000.0,
        "Operating Income": -223000.0,
        "Operating Expense": 56908000.0,
        "Other Operating Expenses": -3393000.0,
        "Research And Development": 24326000.0,
        "Selling General And Administration": 35975000.0,
        "Selling And Marketing Expense": 24583000.0,
        "General And Administrative Expense": 11392000.0,
        "Other Gand A": 11392000.0,
        "Gross Profit": 56685000.0,
        "Cost Of Revenue": 36468000.0,
        "Total Revenue": 93153000.0,
        "Operating Revenue": 93153000.0
    },
    "2025-03-31": {
        "Tax Effect Of Unusual Items": 19000.0,
        "Tax Rate For Calcs": 0.25,
        "Normalized EBITDA": -1309000.0,
        "Total Unusual Items": 76000.0,
        "Total Unusual Items Excluding Goodwill": 76000.0,
        "Net Income From Continuing Operation Net Minority Interest": -2552000.0,
        "Reconciled Cost Of Revenue": 30117000.0,
        "EBITDA": -1233000.0,
        "EBIT": -1233000.0,
        "Net Interest Income": 197000.0,
        "Interest Expense": 39000.0,
        "Interest Income": 236000.0,
        "Normalized Income": -2609000.0,
        "Net Income From Continuing And Discontinued Operation": -2552000.0,
        "Total Expenses": 90506000.0,
        "Total Operating Income As Reported": -1545000.0,
        "Diluted Average Shares": 6019132.0,
        "Basic Average Shares": 6019132.0,
        "Diluted EPS": -0.399999,
        "Basic EPS": -0.399999,
        "Diluted NI Availto Com Stockholders": -2552000.0,
        "Net Income Common Stockholders": -2552000.0,
        "Net Income": -2552000.0,
        "Minority Interests": -944000.0,
        "Net Income Including Noncontrolling Interests": -1608000.0,
        "Net Income Continuous Operations": -1608000.0,
        "Tax Provision": 336000.0,
        "Pretax Income": -1272000.0,
        "Other Income Expense": 76000.0,
        "Other Non Operating Income Expenses": NaN,
        "Earnings From Equity Interest": NaN,
        "Gain On Sale Of Security": 76000.0,
        "Net Non Operating Interest Income Expense": 197000.0,
        "Interest Expense Non Operating": 39000.0,
        "Interest Income Non Operating": 236000.0,
        "Operating Income": -1545000.0,
        "Operating Expense": 60389000.0,
        "Other Operating Expenses": -197000.0,
        "Research And Development": 24607000.0,
        "Selling General And Administration": 35979000.0,
        "Selling And Marketing Expense": 23303000.0,
        "General And Administrative Expense": 12676000.0,
        "Other Gand A": 12676000.0,
        "Gross Profit": 58844000.0,
        "Cost Of Revenue": 30117000.0,
        "Total Revenue": 88961000.0,
        "Operating Revenue": 88961000.0
    },
    "2025-06-30": {
        "Tax Effect Of Unusual Items": 54000.0,
        "Tax Rate For Calcs": 0.25,
        "Normalized EBITDA": -596000.0,
        "Total Unusual Items": 216000.0,
        "Total Unusual Items Excluding Goodwill": 216000.0,
        "Net Income From Continuing Operation Net Minority Interest": -21000.0,
        "Reconciled Cost Of Revenue": 30215000.0,
        "EBITDA": -380000.0,
        "EBIT": -380000.0,
        "Net Interest Income": 308000.0,
        "Interest Expense": 6000.0,
        "Interest Income": 314000.0,
        "Normalized Income": -183000.0,
        "Net Income From Continuing And Discontinued Operation": -21000.0,
        "Total Expenses": 90804000.0,
        "Total Operating Income As Reported": -944000.0,
        "Diluted Average Shares": 6029619.0,
        "Basic Average Shares": 6029619.0,
        "Diluted EPS": 0.0,
        "Basic EPS": 0.0,
        "Diluted NI Availto Com Stockholders": -21000.0,
        "Net Income Common Stockholders": -21000.0,
        "Net Income": -21000.0,
        "Minority Interests": -517000.0,
        "Net Income Including Noncontrolling Interests": 496000.0,
        "Net Income Continuous Operations": 496000.0,
        "Tax Provision": -882000.0,
        "Pretax Income": -386000.0,
        "Other Income Expense": 250000.0,
        "Other Non Operating Income Expenses": 34000.0,
        "Earnings From Equity Interest": NaN,
        "Gain On Sale Of Security": 216000.0,
        "Net Non Operating Interest Income Expense": 308000.0,
        "Interest Expense Non Operating": 6000.0,
        "Interest Income Non Operating": 314000.0,
        "Operating Income": -944000.0,
        "Operating Expense": 60589000.0,
        "Other Operating Expenses": -210000.0,
        "Research And Development": 25958000.0,
        "Selling General And Administration": 34841000.0,
        "Selling And Marketing Expense": 22651000.0,
        "General And Administrative Expense": 12190000.0,
        "Other Gand A": 12190000.0,
        "Gross Profit": 59645000.0,
        "Cost Of Revenue": 30215000.0,
        "Total Revenue": 89860000.0,
        "Operating Revenue": 89860000.0
    },
    "2025-09-30": {
        "Tax Effect Of Unusual Items": -1586.206897,
        "Tax Rate For Calcs": 0.066092,
        "Normalized EBITDA": 747000.0,
        "Total Unusual Items": -24000.0,
        "Total Unusual Items Excluding Goodwill": -24000.0,
        "Net Income From Continuing Operation Net Minority Interest": -13000.0,
        "Reconciled Cost Of Revenue": 27117000.0,
        "EBITDA": 723000.0,
        "EBIT": 723000.0,
        "Net Interest Income": 281000.0,
        "Interest Expense": 27000.0,
        "Interest Income": 308000.0,
        "Normalized Income": 9413.793103,
        "Net Income From Continuing And Discontinued Operation": -13000.0,
        "Total Expenses": 90433000.0,
        "Total Operating Income As Reported": 439000.0,
        "Diluted Average Shares": 6027790.0,
        "Basic Average Shares": 6027790.0,
        "Diluted EPS": 0.0,
        "Basic EPS": 0.0,
        "Diluted NI Availto Com Stockholders": -13000.0,
        "Net Income Common Stockholders": -13000.0,
        "Net Income": -13000.0,
        "Minority Interests": -663000.0,
        "Net Income Including Noncontrolling Interests": 650000.0,
        "Net Income Continuous Operations": 650000.0,
        "Tax Provision": 46000.0,
        "Pretax Income": 696000.0,
        "Other Income Expense": -24000.0,
        "Other Non Operating Income Expenses": NaN,
        "Earnings From Equity Interest": NaN,
        "Gain On Sale Of Security": -24000.0,
        "Net Non Operating Interest Income Expense": 281000.0,
        "Interest Expense Non Operating": 27000.0,
        "Interest Income Non Operating": 308000.0,
        "Operating Income": 439000.0,
        "Operating Expense": 63316000.0,
        "Other Operating Expenses": -1039000.0,
        "Research And Development": 25881000.0,
        "Selling General And Administration": 38474000.0,
        "Selling And Marketing Expense": 26618000.0,
        "General And Administrative Expense": 11856000.0,
        "Other Gand A": 11856000.0,
        "Gross Profit": 63755000.0,
        "Cost Of Revenue": 27117000.0,
        "Total Revenue": 90872000.0,
        "Operating Revenue": 90872000.0
    }
}