{
    "2023-06-30": {
        "Tax Effect Of Unusual Items": NaN,
        "Tax Rate For Calcs": NaN,
        "Normalized EBITDA": NaN,
        "Total Unusual Items": NaN,
        "Total Unusual Items Excluding Goodwill": NaN,
        "Net Income From Continuing Operation Net Minority Interest": NaN,
        "Reconciled Depreciation": NaN,
        "Reconciled Cost Of Revenue": NaN,
        "EBITDA": NaN,
        "EBIT": NaN,
        "Net Interest Income": NaN,
        "Interest Expense": NaN,
        "Interest Income": NaN,
        "Normalized Income": NaN,
        "Net Income From Continuing And Discontinued Operation": NaN,
        "Total Expenses": NaN,
        "Diluted Average Shares": NaN,
        "Basic Average Shares": NaN,
        "Diluted EPS": NaN,
        "Basic EPS": NaN,
        "Diluted NI Availto Com Stockholders": NaN,
        "Net Income Common Stockholders": NaN,
        "Net Income": NaN,
        "Net Income Including Noncontrolling Interests": NaN,
        "Net Income Discontinuous Operations": NaN,
        "Net Income Continuous Operations": NaN,
        "Tax Provision": NaN,
        "Pretax Income": NaN,
        "Other Income Expense": NaN,
        "Other Non Operating Income Expenses": NaN,
        "Special Income Charges": NaN,
        "Other Special Charges": NaN,
        "Write Off": 0.0,
        "Impairment Of Capital Assets": NaN,
        "Restructuring And Mergern Acquisition": NaN,
        "Gain On Sale Of Security": NaN,
        "Net Non Operating Interest Income Expense": NaN,
        "Interest Expense Non Operating": NaN,
        "Interest Income Non Operating": NaN,
        "Operating Income": NaN,
        "Operating Expense": NaN,
        "Research And Development": NaN,
        "Selling General And Administration": NaN,
        "General And Administrative Expense": NaN,
        "Other Gand A": NaN,
        "Salaries And Wages": NaN,
        "Gross Profit": NaN,
        "Cost Of Revenue": NaN,
        "Total Revenue": NaN,
        "Operating Revenue": NaN
    },
    "2023-03-31": {
        "Tax Effect Of Unusual Items": NaN,
        "Tax Rate For Calcs": NaN,
        "Normalized EBITDA": NaN,
        "Total Unusual Items": NaN,
        "Total Unusual Items Excluding Goodwill": NaN,
        "Net Income From Continuing Operation Net Minority Interest": NaN,
        "Reconciled Depreciation": NaN,
        "Reconciled Cost Of Revenue": NaN,
        "EBITDA": NaN,
        "EBIT": NaN,
        "Net Interest Income": NaN,
        "Interest Expense": NaN,
        "Interest Income": NaN,
        "Normalized Income": NaN,
        "Net Income From Continuing And Discontinued Operation": NaN,
        "Total Expenses": NaN,
        "Diluted Average Shares": NaN,
        "Basic Average Shares": NaN,
        "Diluted EPS": NaN,
        "Basic EPS": NaN,
        "Diluted NI Availto Com Stockholders": NaN,
        "Net Income Common Stockholders": NaN,
        "Net Income": NaN,
        "Net Income Including Noncontrolling Interests": NaN,
        "Net Income Discontinuous Operations": NaN,
        "Net Income Continuous Operations": NaN,
        "Tax Provision": NaN,
        "Pretax Income": NaN,
        "Other Income Expense": NaN,
        "Other Non Operating Income Expenses": NaN,
        "Special Income Charges": NaN,
        "Other Special Charges": NaN,
        "Write Off": NaN,
        "Impairment Of Capital Assets": 49000000.0,
        "Restructuring And Mergern Acquisition": NaN,
        "Gain On Sale Of Security": -100000000.0,
        "Net Non Operating Interest Income Expense": NaN,
        "Interest Expense Non Operating": NaN,
        "Interest Income Non Operating": NaN,
        "Operating Income": NaN,
        "Operating Expense": NaN,
        "Research And Development": NaN,
        "Selling General And Administration": NaN,
        "General And Administrative Expense": NaN,
        "Other Gand A": NaN,
        "Salaries And Wages": NaN,
        "Gross Profit": NaN,
        "Cost Of Revenue": NaN,
        "Total Revenue": NaN,
        "Operating Revenue": NaN
    },
    "2022-12-31": {
        "Tax Effect Of Unusual Items": 425685789.097834,
        "Tax Rate For Calcs": 0.162104,
        "Normalized EBITDA": 3524000000.0,
        "Total Unusual Items": 2626000000.0,
        "Total Unusual Items Excluding Goodwill": 2626000000.0,
        "Net Income From Continuing Operation Net Minority Interest": 3520000000.0,
        "Reconciled Depreciation": 1772000000.0,
        "Reconciled Cost Of Revenue": 7765000000.0,
        "EBITDA": 6150000000.0,
        "EBIT": 4378000000.0,
        "Net Interest Income": 77000000.0,
        "Interest Expense": 177000000.0,
        "Interest Income": 254000000.0,
        "Normalized Income": 1319685789.097834,
        "Net Income From Continuing And Discontinued Operation": 3520000000.0,
        "Total Expenses": 18901000000.0,
        "Diluted Average Shares": 2663900000.0,
        "Basic Average Shares": 2613597000.0,
        "Diluted EPS": 1.33,
        "Basic EPS": 1.346346,
        "Diluted NI Availto Com Stockholders": 3520000000.0,
        "Net Income Common Stockholders": 3520000000.0,
        "Net Income": 3520000000.0,
        "Net Income Including Noncontrolling Interests": 3520000000.0,
        "Net Income Discontinuous Operations": NaN,
        "Net Income Continuous Operations": 3520000000.0,
        "Tax Provision": 681000000.0,
        "Pretax Income": 4201000000.0,
        "Other Income Expense": -645000000.0,
        "Other Non Operating Income Expenses": -3271000000.0,
        "Special Income Charges": 1926000000.0,
        "Other Special Charges": NaN,
        "Restructuring And Mergern Acquisition": 84000000.0,
        "Gain On Sale Of Security": NaN,
        "Net Non Operating Interest Income Expense": 77000000.0,
        "Interest Expense Non Operating": 177000000.0,
        "Interest Income Non Operating": 254000000.0,
        "Operating Income": 4805000000.0,
        "Operating Expense": 11136000000.0,
        "Research And Development": 4624000000.0,
        "Selling General And Administration": 6512000000.0,
        "General And Administrative Expense": NaN,
        "Other Gand A": NaN,
        "Salaries And Wages": NaN,
        "Gross Profit": 15941000000.0,
        "Cost Of Revenue": 7765000000.0,
        "Total Revenue": 23706000000.0,
        "Operating Revenue": 23706000000.0
    },
    "2022-09-30": {
        "Tax Effect Of Unusual Items": NaN,
        "Tax Rate For Calcs": NaN,
        "Normalized EBITDA": NaN,
        "Total Unusual Items": NaN,
        "Total Unusual Items Excluding Goodwill": NaN,
        "Net Income From Continuing Operation Net Minority Interest": NaN,
        "Reconciled Depreciation": NaN,
        "Reconciled Cost Of Revenue": NaN,
        "EBITDA": NaN,
        "EBIT": NaN,
        "Net Interest Income": NaN,
        "Interest Expense": NaN,
        "Interest Income": NaN,
        "Normalized Income": NaN,
        "Net Income From Continuing And Discontinued Operation": NaN,
        "Total Expenses": NaN,
        "Diluted Average Shares": NaN,
        "Basic Average Shares": NaN,
        "Diluted EPS": NaN,
        "Basic EPS": NaN,
        "Diluted NI Availto Com Stockholders": NaN,
        "Net Income Common Stockholders": NaN,
        "Net Income": NaN,
        "Net Income Including Noncontrolling Interests": NaN,
        "Net Income Discontinuous Operations": 148000000.0,
        "Net Income Continuous Operations": NaN,
        "Tax Provision": NaN,
        "Pretax Income": NaN,
        "Other Income Expense": NaN,
        "Other Non Operating Income Expenses": NaN,
        "Special Income Charges": NaN,
        "Other Special Charges": NaN,
        "Impairment Of Capital Assets": NaN,
        "Restructuring And Mergern Acquisition": NaN,
        "Gain On Sale Of Security": -200000000.0,
        "Net Non Operating Interest Income Expense": NaN,
        "Interest Expense Non Operating": NaN,
        "Interest Income Non Operating": NaN,
        "Operating Income": NaN,
        "Operating Expense": NaN,
        "Research And Development": NaN,
        "Selling General And Administration": NaN,
        "General And Administrative Expense": NaN,
        "Other Gand A": NaN,
        "Salaries And Wages": NaN,
        "Gross Profit": NaN,
        "Cost Of Revenue": NaN,
        "Total Revenue": NaN,
        "Operating Revenue": NaN
    },
    "2022-06-30": {
        "Tax Effect Of Unusual Items": -14960000.0,
        "Tax Rate For Calcs": 0.176,
        "Normalized EBITDA": 6257000000.0,
        "Total Unusual Items": -85000000.0,
        "Total Unusual Items Excluding Goodwill": -85000000.0,
        "Net Income From Continuing Operation Net Minority Interest": 4814000000.0,
        "Reconciled Depreciation": 1744000000.0,
        "Reconciled Cost Of Revenue": 7919000000.0,
        "EBITDA": 6172000000.0,
        "EBIT": 6172000000.0,
        "Net Interest Income": 26000000.0,
        "Interest Expense": 38000000.0,
        "Interest Income": 64000000.0,
        "Normalized Income": 4884040000.0,
        "Net Income From Continuing And Discontinued Operation": 4814000000.0,
        "Total Expenses": 17848000000.0,
        "Diluted Average Shares": 2667900000.0,
        "Basic Average Shares": 2629032000.0,
        "Diluted EPS": 1.8,
        "Basic EPS": 1.829443,
        "Diluted NI Availto Com Stockholders": 4814000000.0,
        "Net Income Common Stockholders": 4814000000.0,
        "Net Income": 4814000000.0,
        "Net Income Including Noncontrolling Interests": 4814000000.0,
        "Net Income Discontinuous Operations": NaN,
        "Net Income Continuous Operations": 4814000000.0,
        "Tax Provision": 1026000000.0,
        "Pretax Income": 5840000000.0,
        "Other Income Expense": -358000000.0,
        "Other Non Operating Income Expenses": -273000000.0,
        "Special Income Charges": -85000000.0,
        "Other Special Charges": 700000000.0,
        "Restructuring And Mergern Acquisition": 85000000.0,
        "Gain On Sale Of Security": -100000000.0,
        "Net Non Operating Interest Income Expense": 26000000.0,
        "Total Other Finance Cost": -26000000.0,
        "Interest Expense Non Operating": 38000000.0,
        "Interest Income Non Operating": 64000000.0,
        "Operating Income": 6172000000.0,
        "Operating Expense": 9929000000.0,
        "Research And Development": 3703000000.0,
        "Selling General And Administration": 6226000000.0,
        "General And Administrative Expense": NaN,
        "Other Gand A": NaN,
        "Salaries And Wages": NaN,
        "Gross Profit": 16101000000.0,
        "Cost Of Revenue": 7919000000.0,
        "Total Revenue": 24020000000.0,
        "Operating Revenue": 24020000000.0
    },
    "2022-03-31": {
        "Diluted EPS": 1.93,
        "Total Revenue": NaN,
        "Gross Profit": NaN,
        "Operating Income": NaN,
        "EBIT": NaN,
        "Net Income": NaN
    },
    "2021-12-31": {
        "Diluted EPS": 1.77,
        "Total Revenue": NaN,
        "Gross Profit": NaN,
        "Operating Income": NaN,
        "EBIT": NaN,
        "Net Income": NaN
    },
    "2021-09-30": {
        "Diluted EPS": 1.37,
        "Total Revenue": NaN,
        "Gross Profit": NaN,
        "Operating Income": NaN,
        "EBIT": NaN,
        "Net Income": NaN
    },
    "2021-06-30": {
        "Diluted EPS": 2.35,
        "Total Revenue": NaN,
        "Gross Profit": NaN,
        "Operating Income": NaN,
        "EBIT": NaN,
        "Net Income": NaN
    },
    "2021-03-31": {
        "Diluted EPS": 2.32,
        "Total Revenue": NaN,
        "Gross Profit": NaN,
        "Operating Income": NaN,
        "EBIT": NaN,
        "Net Income": NaN
    },
    "2020-12-31": {
        "Diluted EPS": 0.65,
        "Total Revenue": NaN,
        "Gross Profit": NaN,
        "Operating Income": NaN,
        "EBIT": NaN,
        "Net Income": NaN
    },
    "2020-09-30": {
        "Diluted EPS": 1.33,
        "Total Revenue": NaN,
        "Gross Profit": NaN,
        "Operating Income": NaN,
        "EBIT": NaN,
        "Net Income": NaN
    },
    "2020-06-30": {
        "Diluted EPS": 1.36,
        "Total Revenue": NaN,
        "Gross Profit": NaN,
        "Operating Income": NaN,
        "EBIT": NaN,
        "Net Income": NaN
    },
    "2020-03-31": {
        "Diluted EPS": 2.17,
        "Total Revenue": NaN,
        "Gross Profit": NaN,
        "Operating Income": NaN,
        "EBIT": NaN,
        "Net Income": NaN
    },
    "2019-12-31": {
        "Diluted EPS": 1.5,
        "Total Revenue": NaN,
        "Gross Profit": NaN,
        "Operating Income": NaN,
        "EBIT": NaN,
        "Net Income": NaN
    },
    "2019-09-30": {
        "Diluted EPS": 0.66,
        "Total Revenue": NaN,
        "Gross Profit": NaN,
        "Operating Income": NaN,
        "EBIT": NaN,
        "Net Income": NaN
    },
    "2019-06-30": {
        "Diluted EPS": 2.08,
        "Total Revenue": NaN,
        "Gross Profit": NaN,
        "Operating Income": NaN,
        "EBIT": NaN,
        "Net Income": NaN
    },
    "2019-03-31": {
        "Diluted EPS": 1.39,
        "Total Revenue": NaN,
        "Gross Profit": NaN,
        "Operating Income": NaN,
        "EBIT": NaN,
        "Net Income": NaN
    },
    "2018-12-31": {
        "Diluted EPS": 1.12,
        "Total Revenue": NaN,
        "Gross Profit": NaN,
        "Operating Income": NaN,
        "EBIT": NaN,
        "Net Income": NaN
    },
    "2018-09-30": {
        "Diluted EPS": 1.44,
        "Total Revenue": NaN,
        "Gross Profit": NaN,
        "Operating Income": NaN,
        "EBIT": NaN,
        "Net Income": NaN
    },
    "2018-06-30": {
        "Diluted EPS": 1.45,
        "Total Revenue": NaN,
        "Gross Profit": NaN,
        "Operating Income": NaN,
        "EBIT": NaN,
        "Net Income": NaN
    },
    "2018-03-31": {
        "Diluted EPS": 1.6,
        "Total Revenue": NaN,
        "Gross Profit": NaN,
        "Operating Income": NaN,
        "EBIT": NaN,
        "Net Income": NaN
    },
    "2017-12-31": {
        "Diluted EPS": -3.91,
        "Total Revenue": NaN,
        "Gross Profit": NaN,
        "Operating Income": NaN,
        "EBIT": NaN,
        "Net Income": NaN
    },
    "2017-09-30": {
        "Diluted EPS": 1.37,
        "Total Revenue": NaN,
        "Gross Profit": NaN,
        "Operating Income": NaN,
        "EBIT": NaN,
        "Net Income": NaN
    },
    "2017-06-30": {
        "Diluted EPS": 1.4,
        "Total Revenue": NaN,
        "Gross Profit": NaN,
        "Operating Income": NaN,
        "EBIT": NaN,
        "Net Income": NaN
    },
    "2017-03-31": {
        "Diluted EPS": 1.61,
        "Total Revenue": NaN,
        "Gross Profit": NaN,
        "Operating Income": NaN,
        "EBIT": NaN,
        "Net Income": NaN
    },
    "2016-12-31": {
        "Diluted EPS": 1.38,
        "Total Revenue": NaN,
        "Gross Profit": NaN,
        "Operating Income": NaN,
        "EBIT": NaN,
        "Net Income": NaN
    },
    "2016-09-30": {
        "Diluted EPS": 1.53,
        "Total Revenue": NaN,
        "Gross Profit": NaN,
        "Operating Income": NaN,
        "EBIT": NaN,
        "Net Income": NaN
    },
    "2016-06-30": {
        "Diluted EPS": 1.43,
        "Total Revenue": NaN,
        "Gross Profit": NaN,
        "Operating Income": NaN,
        "EBIT": NaN,
        "Net Income": NaN
    },
    "2016-03-31": {
        "Diluted EPS": 1.59,
        "Total Revenue": NaN,
        "Gross Profit": NaN,
        "Operating Income": NaN,
        "EBIT": NaN,
        "Net Income": NaN
    },
    "2015-12-31": {
        "Diluted EPS": 1.14,
        "Total Revenue": NaN,
        "Gross Profit": NaN,
        "Operating Income": NaN,
        "EBIT": NaN,
        "Net Income": NaN
    },
    "2015-09-30": {
        "Diluted EPS": 1.2,
        "Total Revenue": NaN,
        "Gross Profit": NaN,
        "Operating Income": NaN,
        "EBIT": NaN,
        "Net Income": NaN
    },
    "2015-06-30": {
        "Diluted EPS": 1.61,
        "Total Revenue": NaN,
        "Gross Profit": NaN,
        "Operating Income": NaN,
        "EBIT": NaN,
        "Net Income": NaN
    },
    "2015-03-31": {
        "Diluted EPS": 1.53,
        "Total Revenue": NaN,
        "Gross Profit": NaN,
        "Operating Income": NaN,
        "EBIT": NaN,
        "Net Income": NaN
    },
    "2014-12-31": {
        "Diluted EPS": 0.89,
        "Total Revenue": NaN,
        "Gross Profit": NaN,
        "Operating Income": NaN,
        "EBIT": NaN,
        "Net Income": NaN
    },
    "2014-09-30": {
        "Diluted EPS": 1.66,
        "Total Revenue": NaN,
        "Gross Profit": NaN,
        "Operating Income": NaN,
        "EBIT": NaN,
        "Net Income": NaN
    },
    "2014-06-30": {
        "Diluted EPS": 1.51,
        "Total Revenue": NaN,
        "Gross Profit": NaN,
        "Operating Income": NaN,
        "EBIT": NaN,
        "Net Income": NaN
    },
    "2014-03-31": {
        "Diluted EPS": 1.64,
        "Total Revenue": NaN,
        "Gross Profit": NaN,
        "Operating Income": NaN,
        "EBIT": NaN,
        "Net Income": NaN
    },
    "2013-12-31": {
        "Diluted EPS": 1.22,
        "Total Revenue": NaN,
        "Gross Profit": NaN,
        "Operating Income": NaN,
        "EBIT": NaN,
        "Net Income": NaN
    },
    "2013-09-30": {
        "Diluted EPS": 1.04,
        "Total Revenue": NaN,
        "Gross Profit": NaN,
        "Operating Income": NaN,
        "EBIT": NaN,
        "Net Income": NaN
    },
    "2013-06-30": {
        "Diluted EPS": 1.33,
        "Total Revenue": NaN,
        "Gross Profit": NaN,
        "Operating Income": NaN,
        "EBIT": NaN,
        "Net Income": NaN
    },
    "2013-03-31": {
        "Diluted EPS": 1.22,
        "Total Revenue": NaN,
        "Gross Profit": NaN,
        "Operating Income": NaN,
        "EBIT": NaN,
        "Net Income": NaN
    },
    "2012-12-31": {
        "Diluted EPS": 0.9,
        "Total Revenue": NaN,
        "Gross Profit": NaN,
        "Operating Income": NaN,
        "EBIT": NaN,
        "Net Income": NaN
    },
    "2012-09-30": {
        "Diluted EPS": 1.05,
        "Total Revenue": NaN,
        "Gross Profit": NaN,
        "Operating Income": NaN,
        "EBIT": NaN,
        "Net Income": NaN
    },
    "2012-06-30": {
        "Diluted EPS": 0.5,
        "Total Revenue": NaN,
        "Gross Profit": NaN,
        "Operating Income": NaN,
        "EBIT": NaN,
        "Net Income": NaN
    },
    "2012-03-31": {
        "Diluted EPS": 1.41,
        "Total Revenue": NaN,
        "Gross Profit": NaN,
        "Operating Income": NaN,
        "EBIT": NaN,
        "Net Income": NaN
    },
    "2011-12-31": {
        "Diluted EPS": 0.09,
        "Total Revenue": NaN,
        "Gross Profit": NaN,
        "Operating Income": 318,
        "EBIT": NaN,
        "Net Income": 218
    },
    "2011-09-30": {
        "Diluted EPS": 1.15,
        "Total Revenue": NaN,
        "Gross Profit": NaN,
        "Operating Income": NaN,
        "EBIT": NaN,
        "Net Income": NaN
    },
    "2011-06-30": {
        "Diluted EPS": 1.0,
        "Total Revenue": NaN,
        "Gross Profit": NaN,
        "Operating Income": NaN,
        "EBIT": NaN,
        "Net Income": NaN
    },
    "2011-03-31": {
        "Diluted EPS": 1.25,
        "Total Revenue": NaN,
        "Gross Profit": NaN,
        "Operating Income": NaN,
        "EBIT": NaN,
        "Net Income": NaN
    },
    "2010-12-31": {
        "Diluted EPS": 0.7,
        "Total Revenue": NaN,
        "Gross Profit": NaN,
        "Operating Income": NaN,
        "EBIT": NaN,
        "Net Income": NaN
    },
    "2010-09-30": {
        "Diluted EPS": 1.23,
        "Total Revenue": NaN,
        "Gross Profit": NaN,
        "Operating Income": NaN,
        "EBIT": NaN,
        "Net Income": NaN
    },
    "2010-06-30": {
        "Diluted EPS": 1.23,
        "Total Revenue": NaN,
        "Gross Profit": NaN,
        "Operating Income": NaN,
        "EBIT": NaN,
        "Net Income": NaN
    },
    "2010-03-31": {
        "Diluted EPS": 1.62,
        "Total Revenue": NaN,
        "Gross Profit": NaN,
        "Operating Income": NaN,
        "EBIT": NaN,
        "Net Income": NaN
    },
    "2009-12-31": {
        "Diluted EPS": 0.79,
        "Total Revenue": NaN,
        "Gross Profit": NaN,
        "Operating Income": NaN,
        "EBIT": NaN,
        "Net Income": NaN
    },
    "2009-09-30": {
        "Diluted EPS": 1.2,
        "Total Revenue": NaN,
        "Gross Profit": NaN,
        "Operating Income": NaN,
        "EBIT": NaN,
        "Net Income": NaN
    },
    "2009-06-30": {
        "Diluted EPS": 1.15,
        "Total Revenue": NaN,
        "Gross Profit": NaN,
        "Operating Income": NaN,
        "EBIT": NaN,
        "Net Income": NaN
    },
    "2009-03-31": {
        "Diluted EPS": 1.26,
        "Total Revenue": NaN,
        "Gross Profit": NaN,
        "Operating Income": NaN,
        "EBIT": NaN,
        "Net Income": NaN
    },
    "2023-09-30": {
        "Tax Effect Of Unusual Items": NaN,
        "Tax Rate For Calcs": NaN,
        "Normalized EBITDA": NaN,
        "Total Unusual Items": NaN,
        "Total Unusual Items Excluding Goodwill": NaN,
        "Net Income From Continuing Operation Net Minority Interest": NaN,
        "Reconciled Depreciation": NaN,
        "Reconciled Cost Of Revenue": NaN,
        "EBITDA": NaN,
        "EBIT": NaN,
        "Net Interest Income": NaN,
        "Interest Expense": NaN,
        "Interest Income": NaN,
        "Normalized Income": NaN,
        "Net Income From Continuing And Discontinued Operation": NaN,
        "Total Expenses": NaN,
        "Diluted Average Shares": NaN,
        "Basic Average Shares": NaN,
        "Diluted EPS": NaN,
        "Basic EPS": NaN,
        "Diluted NI Availto Com Stockholders": NaN,
        "Net Income Common Stockholders": NaN,
        "Net Income": NaN,
        "Net Income Including Noncontrolling Interests": NaN,
        "Net Income Discontinuous Operations": NaN,
        "Net Income Continuous Operations": NaN,
        "Tax Provision": NaN,
        "Pretax Income": NaN,
        "Other Income Expense": NaN,
        "Other Non Operating Income Expenses": NaN,
        "Special Income Charges": NaN,
        "Other Special Charges": NaN,
        "Write Off": 206000000.0,
        "Impairment Of Capital Assets": 206000000.0,
        "Restructuring And Mergern Acquisition": NaN,
        "Gain On Sale Of Security": -1000000000.0,
        "Net Non Operating Interest Income Expense": NaN,
        "Interest Expense Non Operating": NaN,
        "Interest Income Non Operating": NaN,
        "Operating Income": NaN,
        "Operating Expense": NaN,
        "Research And Development": NaN,
        "Selling General And Administration": NaN,
        "General And Administrative Expense": NaN,
        "Other Gand A": NaN,
        "Salaries And Wages": NaN,
        "Gross Profit": NaN,
        "Cost Of Revenue": NaN,
        "Total Revenue": NaN,
        "Operating Revenue": NaN
    },
    "2023-12-31": {
        "Tax Effect Of Unusual Items": NaN,
        "Tax Rate For Calcs": NaN,
        "Normalized EBITDA": NaN,
        "Total Unusual Items": NaN,
        "Total Unusual Items Excluding Goodwill": NaN,
        "Net Income From Continuing Operation Net Minority Interest": NaN,
        "Reconciled Depreciation": NaN,
        "Reconciled Cost Of Revenue": NaN,
        "EBITDA": NaN,
        "EBIT": NaN,
        "Net Interest Income": NaN,
        "Interest Expense": NaN,
        "Interest Income": NaN,
        "Normalized Income": NaN,
        "Net Income From Continuing And Discontinued Operation": NaN,
        "Total Expenses": NaN,
        "Diluted Average Shares": NaN,
        "Basic Average Shares": NaN,
        "Diluted EPS": NaN,
        "Basic EPS": NaN,
        "Diluted NI Availto Com Stockholders": NaN,
        "Net Income Common Stockholders": NaN,
        "Net Income": NaN,
        "Net Income Including Noncontrolling Interests": NaN,
        "Net Income Discontinuous Operations": -83000000.0,
        "Net Income Continuous Operations": NaN,
        "Tax Provision": NaN,
        "Pretax Income": NaN,
        "Other Income Expense": NaN,
        "Other Non Operating Income Expenses": NaN,
        "Special Income Charges": NaN,
        "Other Special Charges": NaN,
        "Write Off": NaN,
        "Impairment Of Capital Assets": 58000000.0,
        "Restructuring And Mergern Acquisition": NaN,
        "Gain On Sale Of Security": 500000000.0,
        "Net Non Operating Interest Income Expense": NaN,
        "Interest Expense Non Operating": NaN,
        "Interest Income Non Operating": NaN,
        "Operating Income": NaN,
        "Operating Expense": NaN,
        "Research And Development": NaN,
        "Selling General And Administration": NaN,
        "General And Administrative Expense": NaN,
        "Other Gand A": NaN,
        "Salaries And Wages": NaN,
        "Gross Profit": NaN,
        "Cost Of Revenue": NaN,
        "Total Revenue": NaN,
        "Operating Revenue": NaN
    },
    "2024-03-31": {
        "Tax Effect Of Unusual Items": -366310177.705977,
        "Tax Rate For Calcs": 0.123586,
        "Normalized EBITDA": 8648000000.0,
        "Total Unusual Items": -2964000000.0,
        "Total Unusual Items Excluding Goodwill": -2964000000.0,
        "Net Income From Continuing Operation Net Minority Interest": 3255000000.0,
        "Reconciled Depreciation": 1815000000.0,
        "Reconciled Cost Of Revenue": 6511000000.0,
        "EBITDA": 5684000000.0,
        "EBIT": 3869000000.0,
        "Net Interest Income": 209000000.0,
        "Interest Expense": 155000000.0,
        "Interest Income": 364000000.0,
        "Normalized Income": 5852689822.294023,
        "Net Income From Continuing And Discontinued Operation": 3255000000.0,
        "Total Expenses": 15110000000.0,
        "Diluted Average Shares": 2430100000.0,
        "Basic Average Shares": 2408200000.0,
        "Diluted EPS": 1.34,
        "Basic EPS": 1.35,
        "Diluted NI Availto Com Stockholders": 3255000000.0,
        "Net Income Common Stockholders": 3255000000.0,
        "Net Income": 3255000000.0,
        "Net Income Including Noncontrolling Interests": 3255000000.0,
        "Net Income Discontinuous Operations": 0.0,
        "Net Income Continuous Operations": 3255000000.0,
        "Tax Provision": 459000000.0,
        "Pretax Income": 3714000000.0,
        "Other Income Expense": -2768000000.0,
        "Other Non Operating Income Expenses": 196000000.0,
        "Special Income Charges": -2964000000.0,
        "Other Special Charges": 2700000000.0,
        "Write Off": NaN,
        "Impairment Of Capital Assets": 0.0,
        "Restructuring And Mergern Acquisition": 264000000.0,
        "Gain On Sale Of Security": NaN,
        "Net Non Operating Interest Income Expense": 209000000.0,
        "Interest Expense Non Operating": 155000000.0,
        "Interest Income Non Operating": 364000000.0,
        "Operating Income": 6273000000.0,
        "Operating Expense": 8599000000.0,
        "Research And Development": 3542000000.0,
        "Selling General And Administration": 5057000000.0,
        "General And Administrative Expense": 5057000000.0,
        "Other Gand A": 5257000000.0,
        "Salaries And Wages": -200000000.0,
        "Gross Profit": 14872000000.0,
        "Cost Of Revenue": 6511000000.0,
        "Total Revenue": 21383000000.0,
        "Operating Revenue": 21383000000.0
    },
    "2024-06-30": {
        "Tax Effect Of Unusual Items": -273629436.325678,
        "Tax Rate For Calcs": 0.18476,
        "Normalized EBITDA": 9281000000.0,
        "Total Unusual Items": -1481000000.0,
        "Total Unusual Items Excluding Goodwill": -1481000000.0,
        "Net Income From Continuing Operation Net Minority Interest": 4686000000.0,
        "Reconciled Depreciation": 1782000000.0,
        "Reconciled Cost Of Revenue": 6869000000.0,
        "EBITDA": 7800000000.0,
        "EBIT": 6018000000.0,
        "Net Interest Income": 125000000.0,
        "Interest Expense": 270000000.0,
        "Interest Income": 395000000.0,
        "Normalized Income": 5893370563.674322,
        "Net Income From Continuing And Discontinued Operation": 4686000000.0,
        "Total Expenses": 15790000000.0,
        "Diluted Average Shares": 2422000000.0,
        "Basic Average Shares": 2406800000.0,
        "Diluted EPS": 1.93,
        "Basic EPS": 1.95,
        "Diluted NI Availto Com Stockholders": 4686000000.0,
        "Net Income Common Stockholders": 4686000000.0,
        "Net Income": 4686000000.0,
        "Net Income Including Noncontrolling Interests": 4686000000.0,
        "Net Income Discontinuous Operations": 0.0,
        "Net Income Continuous Operations": 4686000000.0,
        "Tax Provision": 1062000000.0,
        "Pretax Income": 5748000000.0,
        "Other Income Expense": -1081000000.0,
        "Other Non Operating Income Expenses": 400000000.0,
        "Special Income Charges": -1081000000.0,
        "Other Special Charges": 500000000.0,
        "Write Off": 194000000.0,
        "Impairment Of Capital Assets": NaN,
        "Restructuring And Mergern Acquisition": 387000000.0,
        "Gain On Sale Of Security": -400000000.0,
        "Net Non Operating Interest Income Expense": 125000000.0,
        "Interest Expense Non Operating": 270000000.0,
        "Interest Income Non Operating": 395000000.0,
        "Operating Income": 6657000000.0,
        "Operating Expense": 8921000000.0,
        "Research And Development": 3440000000.0,
        "Selling General And Administration": 5481000000.0,
        "General And Administrative Expense": 5481000000.0,
        "Other Gand A": 5681000000.0,
        "Salaries And Wages": -200000000.0,
        "Gross Profit": 15578000000.0,
        "Cost Of Revenue": 6869000000.0,
        "Total Revenue": 22447000000.0,
        "Operating Revenue": 22447000000.0
    },
    "2024-09-30": {
        "Tax Effect Of Unusual Items": -490234871.180348,
        "Tax Rate For Calcs": 0.19293,
        "Normalized EBITDA": 7918000000.0,
        "Total Unusual Items": -2541000000.0,
        "Total Unusual Items Excluding Goodwill": -2541000000.0,
        "Net Income From Continuing Operation Net Minority Interest": 2694000000.0,
        "Reconciled Depreciation": 1846000000.0,
        "Reconciled Cost Of Revenue": 6963000000.0,
        "EBITDA": 5377000000.0,
        "EBIT": 3531000000.0,
        "Net Interest Income": 99000000.0,
        "Interest Expense": 193000000.0,
        "Interest Income": 292000000.0,
        "Normalized Income": 4744765128.819652,
        "Net Income From Continuing And Discontinued Operation": 2694000000.0,
        "Total Expenses": 17193000000.0,
        "Diluted Average Shares": 2427900000.0,
        "Basic Average Shares": 2407200000.0,
        "Diluted EPS": 1.11,
        "Basic EPS": 1.12,
        "Diluted NI Availto Com Stockholders": 2694000000.0,
        "Net Income Common Stockholders": 2694000000.0,
        "Net Income": 2694000000.0,
        "Net Income Including Noncontrolling Interests": 2694000000.0,
        "Net Income Discontinuous Operations": 0.0,
        "Net Income Continuous Operations": 2694000000.0,
        "Tax Provision": 644000000.0,
        "Pretax Income": 3338000000.0,
        "Other Income Expense": -2041000000.0,
        "Other Non Operating Income Expenses": 500000000.0,
        "Special Income Charges": -2541000000.0,
        "Other Special Charges": 2400000000.0,
        "Write Off": 0.0,
        "Impairment Of Capital Assets": NaN,
        "Restructuring And Mergern Acquisition": 141000000.0,
        "Gain On Sale Of Security": NaN,
        "Net Non Operating Interest Income Expense": 99000000.0,
        "Interest Expense Non Operating": 193000000.0,
        "Interest Income Non Operating": 292000000.0,
        "Operating Income": 5278000000.0,
        "Operating Expense": 10230000000.0,
        "Research And Development": 4952000000.0,
        "Selling General And Administration": 5278000000.0,
        "General And Administrative Expense": 5278000000.0,
        "Other Gand A": 5478000000.0,
        "Salaries And Wages": -200000000.0,
        "Gross Profit": 15508000000.0,
        "Cost Of Revenue": 6963000000.0,
        "Total Revenue": 22471000000.0,
        "Operating Revenue": 22471000000.0
    },
    "2024-12-31": {
        "Tax Effect Of Unusual Items": -6921533.316182,
        "Tax Rate For Calcs": 0.117314,
        "Normalized EBITDA": 5979000000.0,
        "Total Unusual Items": -59000000.0,
        "Total Unusual Items Excluding Goodwill": -59000000.0,
        "Net Income From Continuing Operation Net Minority Interest": 3431000000.0,
        "Reconciled Depreciation": 1896000000.0,
        "Reconciled Cost Of Revenue": 7128000000.0,
        "EBITDA": 5920000000.0,
        "EBIT": 4024000000.0,
        "Net Interest Income": 144000000.0,
        "Interest Expense": 137000000.0,
        "Interest Income": 281000000.0,
        "Normalized Income": 3483078466.683818,
        "Net Income From Continuing And Discontinued Operation": 3431000000.0,
        "Total Expenses": 18679000000.0,
        "Diluted Average Shares": 2427100000.0,
        "Basic Average Shares": 2406922000.0,
        "Diluted EPS": 1.41,
        "Basic EPS": 1.425472,
        "Diluted NI Availto Com Stockholders": 3431000000.0,
        "Net Income Common Stockholders": 3431000000.0,
        "Net Income": 3431000000.0,
        "Net Income Including Noncontrolling Interests": 3431000000.0,
        "Net Income Discontinuous Operations": 0.0,
        "Net Income Continuous Operations": 3431000000.0,
        "Tax Provision": 456000000.0,
        "Pretax Income": 3887000000.0,
        "Other Income Expense": -59000000.0,
        "Other Non Operating Income Expenses": 0.0,
        "Special Income Charges": -159000000.0,
        "Other Special Charges": 0.0,
        "Write Off": NaN,
        "Impairment Of Capital Assets": NaN,
        "Restructuring And Mergern Acquisition": 142000000.0,
        "Gain On Sale Of Security": 100000000.0,
        "Net Non Operating Interest Income Expense": 144000000.0,
        "Interest Expense Non Operating": 137000000.0,
        "Interest Income Non Operating": 281000000.0,
        "Operating Income": 3841000000.0,
        "Operating Expense": 11551000000.0,
        "Research And Development": 5298000000.0,
        "Selling General And Administration": 6253000000.0,
        "General And Administrative Expense": 6253000000.0,
        "Other Gand A": 6453000000.0,
        "Salaries And Wages": -200000000.0,
        "Gross Profit": 15392000000.0,
        "Cost Of Revenue": 7128000000.0,
        "Total Revenue": 22520000000.0,
        "Operating Revenue": 22520000000.0
    },
    "2025-03-31": {
        "Tax Effect Of Unusual Items": 1328419000.0,
        "Tax Rate For Calcs": 0.193,
        "Normalized EBITDA": 8724000000.0,
        "Total Unusual Items": 6883000000.0,
        "Total Unusual Items Excluding Goodwill": 6883000000.0,
        "Net Income From Continuing Operation Net Minority Interest": 10999000000.0,
        "Reconciled Depreciation": 1772000000.0,
        "Reconciled Cost Of Revenue": 7357000000.0,
        "EBITDA": 15607000000.0,
        "EBIT": 13835000000.0,
        "Net Interest Income": 128000000.0,
        "Interest Expense": 204000000.0,
        "Interest Income": 332000000.0,
        "Normalized Income": 5444419000.0,
        "Net Income From Continuing And Discontinued Operation": 10999000000.0,
        "Total Expenses": 15594000000.0,
        "Diluted Average Shares": 2423800000.0,
        "Basic Average Shares": 2405625000.0,
        "Diluted EPS": 4.54,
        "Basic EPS": 4.572201,
        "Diluted NI Availto Com Stockholders": 10999000000.0,
        "Net Income Common Stockholders": 10999000000.0,
        "Net Income": 10999000000.0,
        "Net Income Including Noncontrolling Interests": 10999000000.0,
        "Net Income Discontinuous Operations": NaN,
        "Net Income Continuous Operations": 10999000000.0,
        "Tax Provision": 2632000000.0,
        "Pretax Income": 13631000000.0,
        "Other Income Expense": 7204000000.0,
        "Other Non Operating Income Expenses": 321000000.0,
        "Special Income Charges": 6883000000.0,
        "Other Special Charges": -7000000000.0,
        "Write Off": NaN,
        "Impairment Of Capital Assets": NaN,
        "Restructuring And Mergern Acquisition": 117000000.0,
        "Gain On Sale Of Security": NaN,
        "Net Non Operating Interest Income Expense": 128000000.0,
        "Interest Expense Non Operating": 204000000.0,
        "Interest Income Non Operating": 332000000.0,
        "Operating Income": 6299000000.0,
        "Operating Expense": 8237000000.0,
        "Research And Development": 3225000000.0,
        "Selling General And Administration": 5012000000.0,
        "General And Administrative Expense": 5012000000.0,
        "Other Gand A": 5112000000.0,
        "Salaries And Wages": -100000000.0,
        "Gross Profit": 14536000000.0,
        "Cost Of Revenue": 7357000000.0,
        "Total Revenue": 21893000000.0,
        "Operating Revenue": 21893000000.0
    }
}