{
    "2023-06-30": {
        "Tax Effect Of Unusual Items": NaN,
        "Tax Rate For Calcs": NaN,
        "Normalized EBITDA": NaN,
        "Total Unusual Items": NaN,
        "Total Unusual Items Excluding Goodwill": NaN,
        "Net Income From Continuing Operation Net Minority Interest": NaN,
        "Reconciled Depreciation": NaN,
        "Reconciled Cost Of Revenue": NaN,
        "EBITDA": NaN,
        "EBIT": NaN,
        "Net Interest Income": NaN,
        "Interest Expense": NaN,
        "Interest Income": NaN,
        "Normalized Income": NaN,
        "Net Income From Continuing And Discontinued Operation": NaN,
        "Total Expenses": NaN,
        "Total Operating Income As Reported": NaN,
        "Diluted Average Shares": NaN,
        "Basic Average Shares": NaN,
        "Diluted EPS": NaN,
        "Basic EPS": NaN,
        "Diluted NI Availto Com Stockholders": NaN,
        "Net Income Common Stockholders": NaN,
        "Net Income": NaN,
        "Net Income Including Noncontrolling Interests": NaN,
        "Net Income Continuous Operations": NaN,
        "Earnings From Equity Interest Net Of Tax": NaN,
        "Tax Provision": NaN,
        "Pretax Income": NaN,
        "Other Income Expense": NaN,
        "Other Non Operating Income Expenses": NaN,
        "Special Income Charges": NaN,
        "Gain On Sale Of Business": 0.0,
        "Restructuring And Mergern Acquisition": NaN,
        "Gain On Sale Of Security": NaN,
        "Net Non Operating Interest Income Expense": NaN,
        "Interest Expense Non Operating": NaN,
        "Interest Income Non Operating": NaN,
        "Operating Income": NaN,
        "Operating Expense": NaN,
        "Research And Development": NaN,
        "Selling General And Administration": NaN,
        "Selling And Marketing Expense": NaN,
        "General And Administrative Expense": NaN,
        "Other Gand A": NaN,
        "Gross Profit": NaN,
        "Cost Of Revenue": NaN,
        "Total Revenue": NaN,
        "Operating Revenue": NaN
    },
    "2023-03-31": {
        "Tax Effect Of Unusual Items": 256200.0,
        "Tax Rate For Calcs": 0.183,
        "Normalized EBITDA": 174300000.0,
        "Total Unusual Items": 1400000.0,
        "Total Unusual Items Excluding Goodwill": 1400000.0,
        "Net Income From Continuing Operation Net Minority Interest": 85400000.0,
        "Reconciled Depreciation": 49400000.0,
        "Reconciled Cost Of Revenue": 600600000.0,
        "EBITDA": 175700000.0,
        "EBIT": 126300000.0,
        "Net Interest Income": -9700000.0,
        "Interest Expense": 19200000.0,
        "Interest Income": 9500000.0,
        "Normalized Income": 84256200.0,
        "Net Income From Continuing And Discontinued Operation": 85400000.0,
        "Total Expenses": 1256600000.0,
        "Total Operating Income As Reported": 115700000.0,
        "Diluted Average Shares": 329100000.0,
        "Basic Average Shares": 322300000.0,
        "Diluted EPS": 0.26,
        "Basic EPS": 0.26,
        "Diluted NI Availto Com Stockholders": 85400000.0,
        "Net Income Common Stockholders": 85400000.0,
        "Net Income": 85400000.0,
        "Net Income Including Noncontrolling Interests": 85400000.0,
        "Net Income Continuous Operations": 85400000.0,
        "Earnings From Equity Interest Net Of Tax": -2100000.0,
        "Tax Provision": 19600000.0,
        "Pretax Income": 107100000.0,
        "Other Income Expense": 1600000.0,
        "Other Non Operating Income Expenses": 200000.0,
        "Special Income Charges": 500000.0,
        "Gain On Sale Of Business": NaN,
        "Restructuring And Mergern Acquisition": -500000.0,
        "Gain On Sale Of Security": 900000.0,
        "Net Non Operating Interest Income Expense": -9700000.0,
        "Interest Expense Non Operating": 19200000.0,
        "Interest Income Non Operating": 9500000.0,
        "Operating Income": 115200000.0,
        "Operating Expense": 656000000.0,
        "Research And Development": 284800000.0,
        "Selling General And Administration": 371200000.0,
        "Selling And Marketing Expense": 303200000.0,
        "General And Administrative Expense": 68000000.0,
        "Other Gand A": 68000000.0,
        "Gross Profit": 771200000.0,
        "Cost Of Revenue": 600600000.0,
        "Total Revenue": 1371800000.0,
        "Operating Revenue": 1371800000.0
    },
    "2022-12-31": {
        "Tax Effect Of Unusual Items": NaN,
        "Tax Rate For Calcs": NaN,
        "Normalized EBITDA": NaN,
        "Total Unusual Items": NaN,
        "Total Unusual Items Excluding Goodwill": NaN,
        "Net Income From Continuing Operation Net Minority Interest": NaN,
        "Reconciled Depreciation": NaN,
        "Reconciled Cost Of Revenue": NaN,
        "EBITDA": NaN,
        "EBIT": NaN,
        "Net Interest Income": NaN,
        "Interest Expense": NaN,
        "Interest Income": NaN,
        "Normalized Income": NaN,
        "Net Income From Continuing And Discontinued Operation": NaN,
        "Total Expenses": NaN,
        "Total Operating Income As Reported": NaN,
        "Diluted Average Shares": NaN,
        "Basic Average Shares": NaN,
        "Diluted EPS": NaN,
        "Basic EPS": NaN,
        "Diluted NI Availto Com Stockholders": NaN,
        "Net Income Common Stockholders": NaN,
        "Net Income": NaN,
        "Net Income Including Noncontrolling Interests": NaN,
        "Net Income Continuous Operations": NaN,
        "Earnings From Equity Interest Net Of Tax": NaN,
        "Tax Provision": NaN,
        "Pretax Income": NaN,
        "Other Income Expense": NaN,
        "Other Non Operating Income Expenses": NaN,
        "Special Income Charges": NaN,
        "Gain On Sale Of Business": 0.0,
        "Restructuring And Mergern Acquisition": NaN,
        "Gain On Sale Of Security": NaN,
        "Net Non Operating Interest Income Expense": NaN,
        "Interest Expense Non Operating": NaN,
        "Interest Income Non Operating": NaN,
        "Operating Income": NaN,
        "Operating Expense": NaN,
        "Research And Development": NaN,
        "Selling General And Administration": NaN,
        "Selling And Marketing Expense": NaN,
        "General And Administrative Expense": NaN,
        "Other Gand A": NaN,
        "Gross Profit": NaN,
        "Cost Of Revenue": NaN,
        "Total Revenue": NaN,
        "Operating Revenue": NaN
    },
    "2022-09-30": {
        "Tax Effect Of Unusual Items": NaN,
        "Tax Rate For Calcs": NaN,
        "Normalized EBITDA": NaN,
        "Total Unusual Items": NaN,
        "Total Unusual Items Excluding Goodwill": NaN,
        "Net Income From Continuing Operation Net Minority Interest": NaN,
        "Reconciled Depreciation": NaN,
        "Reconciled Cost Of Revenue": NaN,
        "EBITDA": NaN,
        "EBIT": NaN,
        "Net Interest Income": NaN,
        "Interest Expense": NaN,
        "Interest Income": NaN,
        "Normalized Income": NaN,
        "Net Income From Continuing And Discontinued Operation": NaN,
        "Total Expenses": NaN,
        "Total Operating Income As Reported": NaN,
        "Diluted Average Shares": NaN,
        "Basic Average Shares": NaN,
        "Diluted EPS": NaN,
        "Basic EPS": NaN,
        "Diluted NI Availto Com Stockholders": NaN,
        "Net Income Common Stockholders": NaN,
        "Net Income": NaN,
        "Net Income Including Noncontrolling Interests": NaN,
        "Net Income Continuous Operations": NaN,
        "Earnings From Equity Interest Net Of Tax": NaN,
        "Tax Provision": NaN,
        "Pretax Income": NaN,
        "Other Income Expense": NaN,
        "Other Non Operating Income Expenses": NaN,
        "Special Income Charges": NaN,
        "Gain On Sale Of Business": 0.0,
        "Restructuring And Mergern Acquisition": NaN,
        "Gain On Sale Of Security": NaN,
        "Net Non Operating Interest Income Expense": NaN,
        "Interest Expense Non Operating": NaN,
        "Interest Income Non Operating": NaN,
        "Operating Income": NaN,
        "Operating Expense": NaN,
        "Research And Development": NaN,
        "Selling General And Administration": NaN,
        "Selling And Marketing Expense": NaN,
        "General And Administrative Expense": NaN,
        "Other Gand A": NaN,
        "Gross Profit": NaN,
        "Cost Of Revenue": NaN,
        "Total Revenue": NaN,
        "Operating Revenue": NaN
    },
    "2022-06-30": {
        "Tax Effect Of Unusual Items": 9830100.0,
        "Tax Rate For Calcs": 0.217,
        "Normalized EBITDA": 118200000.0,
        "Total Unusual Items": 45300000.0,
        "Total Unusual Items Excluding Goodwill": 45300000.0,
        "Net Income From Continuing Operation Net Minority Interest": 113400000.0,
        "Reconciled Depreciation": 55200000.0,
        "Reconciled Cost Of Revenue": 575500000.0,
        "EBITDA": 163500000.0,
        "EBIT": 108300000.0,
        "Net Interest Income": -10100000.0,
        "Interest Expense": 13400000.0,
        "Interest Income": 3300000.0,
        "Normalized Income": 77930100.0,
        "Net Income From Continuing And Discontinued Operation": 113400000.0,
        "Total Expenses": 1161300000.0,
        "Total Operating Income As Reported": 107800000.0,
        "Diluted Average Shares": 328100000.0,
        "Basic Average Shares": 321000000.0,
        "Diluted EPS": 0.35,
        "Basic EPS": 0.35,
        "Diluted NI Availto Com Stockholders": 113400000.0,
        "Net Income Common Stockholders": 113400000.0,
        "Net Income": 113400000.0,
        "Net Income Including Noncontrolling Interests": 113400000.0,
        "Net Income Continuous Operations": 113400000.0,
        "Earnings From Equity Interest Net Of Tax": 500000.0,
        "Tax Provision": 31600000.0,
        "Pretax Income": 145500000.0,
        "Other Income Expense": 37200000.0,
        "Other Non Operating Income Expenses": -8100000.0,
        "Special Income Charges": 45300000.0,
        "Gain On Sale Of Business": 45800000.0,
        "Restructuring And Mergern Acquisition": 500000.0,
        "Gain On Sale Of Security": 200000.0,
        "Net Non Operating Interest Income Expense": -10100000.0,
        "Interest Expense Non Operating": 13400000.0,
        "Interest Income Non Operating": 3300000.0,
        "Operating Income": 108300000.0,
        "Operating Expense": 585800000.0,
        "Research And Development": 244300000.0,
        "Selling General And Administration": 341500000.0,
        "Selling And Marketing Expense": 274300000.0,
        "General And Administrative Expense": 67200000.0,
        "Other Gand A": 67200000.0,
        "Gross Profit": 694100000.0,
        "Cost Of Revenue": 575500000.0,
        "Total Revenue": 1269600000.0,
        "Operating Revenue": 1269600000.0
    },
    "2022-03-31": {
        "Diluted EPS": 0.17,
        "Total Revenue": NaN,
        "Gross Profit": 649,
        "Operating Income": 59,
        "EBIT": 115,
        "Net Income": 56
    },
    "2021-12-31": {
        "Diluted EPS": 0.4,
        "Total Revenue": NaN,
        "Gross Profit": 750,
        "Operating Income": 154,
        "EBIT": 212,
        "Net Income": 133
    },
    "2021-09-30": {
        "Diluted EPS": 0.27,
        "Total Revenue": NaN,
        "Gross Profit": 692,
        "Operating Income": 120,
        "EBIT": 179,
        "Net Income": 89
    },
    "2021-06-30": {
        "Diluted EPS": 0.19,
        "Total Revenue": NaN,
        "Gross Profit": 682,
        "Operating Income": 86,
        "EBIT": 146,
        "Net Income": 62
    },
    "2021-03-31": {
        "Diluted EPS": -0.1,
        "Total Revenue": NaN,
        "Gross Profit": 616,
        "Operating Income": 28,
        "EBIT": 88,
        "Net Income": -31
    },
    "2020-12-31": {
        "Diluted EPS": 0.1,
        "Total Revenue": NaN,
        "Gross Profit": 717,
        "Operating Income": 98,
        "EBIT": 153,
        "Net Income": 31
    },
    "2020-09-30": {
        "Diluted EPS": 0.43,
        "Total Revenue": NaN,
        "Gross Profit": 658,
        "Operating Income": 125,
        "EBIT": 177,
        "Net Income": 145
    },
    "2020-06-30": {
        "Diluted EPS": 0.18,
        "Total Revenue": NaN,
        "Gross Profit": 620,
        "Operating Income": 91,
        "EBIT": 143,
        "Net Income": 61
    },
    "2020-03-31": {
        "Diluted EPS": 0.06,
        "Total Revenue": 998,
        "Gross Profit": 579,
        "Operating Income": 39,
        "EBIT": 93,
        "Net Income": 20
    },
    "2019-12-31": {
        "Diluted EPS": 0.48,
        "Total Revenue": NaN,
        "Gross Profit": 719,
        "Operating Income": 179,
        "EBIT": 233,
        "Net Income": 168
    },
    "2019-09-30": {
        "Diluted EPS": 0.29,
        "Total Revenue": NaN,
        "Gross Profit": 678,
        "Operating Income": 139,
        "EBIT": 192,
        "Net Income": 99
    },
    "2019-06-30": {
        "Diluted EPS": 0.13,
        "Total Revenue": NaN,
        "Gross Profit": 637,
        "Operating Income": 82,
        "EBIT": 135,
        "Net Income": 46
    },
    "2019-03-31": {
        "Diluted EPS": 0.09,
        "Total Revenue": NaN,
        "Gross Profit": 582,
        "Operating Income": 43,
        "EBIT": 91,
        "Net Income": 31
    },
    "2018-12-31": {
        "Diluted EPS": 0.53,
        "Total Revenue": NaN,
        "Gross Profit": 711,
        "Operating Income": 197,
        "EBIT": 248,
        "Net Income": 192
    },
    "2018-09-30": {
        "Diluted EPS": 0.64,
        "Total Revenue": NaN,
        "Gross Profit": 711,
        "Operating Income": 160,
        "EBIT": 208,
        "Net Income": 224
    },
    "2018-06-30": {
        "Diluted EPS": 0.33,
        "Total Revenue": NaN,
        "Gross Profit": 701,
        "Operating Income": 160,
        "EBIT": 215,
        "Net Income": 117
    },
    "2018-03-31": {
        "Diluted EPS": 0.1,
        "Total Revenue": NaN,
        "Gross Profit": 618,
        "Operating Income": 56,
        "EBIT": 111,
        "Net Income": 34
    },
    "2017-12-31": {
        "Diluted EPS": -0.38,
        "Total Revenue": NaN,
        "Gross Profit": 751,
        "Operating Income": 203,
        "EBIT": 259,
        "Net Income": -148
    },
    "2017-09-30": {
        "Diluted EPS": 0.43,
        "Total Revenue": NaN,
        "Gross Profit": 772,
        "Operating Income": 231,
        "EBIT": 289,
        "Net Income": 166
    },
    "2017-06-30": {
        "Diluted EPS": 0.47,
        "Total Revenue": NaN,
        "Gross Profit": 802,
        "Operating Income": 258,
        "EBIT": 315,
        "Net Income": 180
    },
    "2017-03-31": {
        "Diluted EPS": 0.28,
        "Total Revenue": NaN,
        "Gross Profit": 747,
        "Operating Income": 156,
        "EBIT": 212,
        "Net Income": 109
    },
    "2016-12-31": {
        "Diluted EPS": 0.49,
        "Total Revenue": NaN,
        "Gross Profit": 858,
        "Operating Income": 287,
        "EBIT": 342,
        "Net Income": 189
    },
    "2016-09-30": {
        "Diluted EPS": 0.45,
        "Total Revenue": NaN,
        "Gross Profit": 800,
        "Operating Income": 250,
        "EBIT": 303,
        "Net Income": 172
    },
    "2016-06-30": {
        "Diluted EPS": 0.36,
        "Total Revenue": NaN,
        "Gross Profit": 756,
        "Operating Income": 204,
        "EBIT": 255,
        "Net Income": 140
    },
    "2016-03-31": {
        "Diluted EPS": 0.23,
        "Total Revenue": NaN,
        "Gross Profit": 691,
        "Operating Income": 149,
        "EBIT": 196,
        "Net Income": 91
    },
    "2015-12-31": {
        "Diluted EPS": 0.49,
        "Total Revenue": NaN,
        "Gross Profit": 842,
        "Operating Income": 279,
        "EBIT": 324,
        "Net Income": 198
    },
    "2015-09-30": {
        "Diluted EPS": 0.51,
        "Total Revenue": NaN,
        "Gross Profit": 797,
        "Operating Income": 258,
        "EBIT": 301,
        "Net Income": 198
    },
    "2015-06-30": {
        "Diluted EPS": 0.4,
        "Total Revenue": NaN,
        "Gross Profit": 782,
        "Operating Income": 243,
        "EBIT": 285,
        "Net Income": 158
    },
    "2015-03-31": {
        "Diluted EPS": 0.19,
        "Total Revenue": NaN,
        "Gross Profit": 657,
        "Operating Income": 132,
        "EBIT": 179,
        "Net Income": 80
    },
    "2014-12-31": {
        "Diluted EPS": -1.64,
        "Total Revenue": NaN,
        "Gross Profit": 675,
        "Operating Income": -702,
        "EBIT": 192,
        "Net Income": -770
    },
    "2014-09-30": {
        "Diluted EPS": 0.23,
        "Total Revenue": NaN,
        "Gross Profit": 715,
        "Operating Income": 172,
        "EBIT": 219,
        "Net Income": 104
    },
    "2014-06-30": {
        "Diluted EPS": 0.46,
        "Total Revenue": NaN,
        "Gross Profit": 748,
        "Operating Income": 116,
        "EBIT": 163,
        "Net Income": 221
    },
    "2014-03-31": {
        "Diluted EPS": 0.22,
        "Total Revenue": NaN,
        "Gross Profit": 720,
        "Operating Income": -6,
        "EBIT": 42,
        "Net Income": 111
    },
    "2013-12-31": {
        "Diluted EPS": 0.3,
        "Total Revenue": NaN,
        "Gross Profit": 804,
        "Operating Income": 195,
        "EBIT": 250,
        "Net Income": 152
    },
    "2013-09-30": {
        "Diluted EPS": 0.19,
        "Total Revenue": NaN,
        "Gross Profit": 747,
        "Operating Income": 145,
        "EBIT": 186,
        "Net Income": 99
    },
    "2013-06-30": {
        "Diluted EPS": 0.19,
        "Total Revenue": NaN,
        "Gross Profit": 721,
        "Operating Income": 139,
        "EBIT": 181,
        "Net Income": 98
    },
    "2013-03-31": {
        "Diluted EPS": 0.18,
        "Total Revenue": NaN,
        "Gross Profit": 671,
        "Operating Income": 87,
        "EBIT": 139,
        "Net Income": 91
    },
    "2012-12-31": {
        "Diluted EPS": 0.18,
        "Total Revenue": NaN,
        "Gross Profit": 733,
        "Operating Income": 131,
        "EBIT": 181,
        "Net Income": 96
    },
    "2012-09-30": {
        "Diluted EPS": 0.03,
        "Total Revenue": NaN,
        "Gross Profit": 674,
        "Operating Income": 43,
        "EBIT": 91,
        "Net Income": 17
    },
    "2012-06-30": {
        "Diluted EPS": 0.11,
        "Total Revenue": NaN,
        "Gross Profit": 668,
        "Operating Income": 87,
        "EBIT": 133,
        "Net Income": 58
    },
    "2012-03-31": {
        "Diluted EPS": 0.03,
        "Total Revenue": NaN,
        "Gross Profit": 634,
        "Operating Income": 48,
        "EBIT": 91,
        "Net Income": 16
    },
    "2011-12-31": {
        "Diluted EPS": 0.18,
        "Total Revenue": NaN,
        "Gross Profit": 699,
        "Operating Income": 133,
        "EBIT": 177,
        "Net Income": 96
    },
    "2011-09-30": {
        "Diluted EPS": 0.16,
        "Total Revenue": NaN,
        "Gross Profit": 712,
        "Operating Income": 137,
        "EBIT": 181,
        "Net Income": 84
    },
    "2011-06-30": {
        "Diluted EPS": 0.21,
        "Total Revenue": NaN,
        "Gross Profit": 722,
        "Operating Income": 171,
        "EBIT": 213,
        "Net Income": 116
    },
    "2011-03-31": {
        "Diluted EPS": 0.24,
        "Total Revenue": NaN,
        "Gross Profit": 736,
        "Operating Income": 177,
        "EBIT": 218,
        "Net Income": 130
    },
    "2010-12-31": {
        "Diluted EPS": 0.36,
        "Total Revenue": NaN,
        "Gross Profit": 792,
        "Operating Income": 227,
        "EBIT": 270,
        "Net Income": 190
    },
    "2010-09-30": {
        "Diluted EPS": 0.25,
        "Total Revenue": NaN,
        "Gross Profit": 678,
        "Operating Income": 196,
        "EBIT": 235,
        "Net Income": 135
    },
    "2010-06-30": {
        "Diluted EPS": 0.24,
        "Total Revenue": 978,
        "Gross Profit": 660,
        "Operating Income": 185,
        "EBIT": 222,
        "Net Income": 131
    },
    "2010-03-31": {
        "Diluted EPS": 0.3,
        "Total Revenue": 913,
        "Gross Profit": 612,
        "Operating Income": 160,
        "EBIT": 196,
        "Net Income": 163
    },
    "2009-12-31": {
        "Diluted EPS": 0.04,
        "Total Revenue": 941,
        "Gross Profit": 631,
        "Operating Income": 6,
        "EBIT": 42,
        "Net Income": 23
    },
    "2009-09-30": {
        "Diluted EPS": 0.16,
        "Total Revenue": 824,
        "Gross Profit": 543,
        "Operating Income": 128,
        "EBIT": 164,
        "Net Income": 84
    },
    "2009-06-30": {
        "Diluted EPS": 0.03,
        "Total Revenue": 786,
        "Gross Profit": 506,
        "Operating Income": 96,
        "EBIT": 134,
        "Net Income": 15
    },
    "2009-03-31": {
        "Diluted EPS": -0.01,
        "Total Revenue": 764,
        "Gross Profit": 502,
        "Operating Income": 81,
        "EBIT": 119,
        "Net Income": -4
    },
    "2023-09-30": {
        "Tax Effect Of Unusual Items": NaN,
        "Tax Rate For Calcs": NaN,
        "Normalized EBITDA": NaN,
        "Total Unusual Items": NaN,
        "Total Unusual Items Excluding Goodwill": NaN,
        "Net Income From Continuing Operation Net Minority Interest": NaN,
        "Reconciled Depreciation": NaN,
        "Reconciled Cost Of Revenue": NaN,
        "EBITDA": NaN,
        "EBIT": NaN,
        "Net Interest Income": NaN,
        "Interest Expense": NaN,
        "Interest Income": NaN,
        "Normalized Income": NaN,
        "Net Income From Continuing And Discontinued Operation": NaN,
        "Total Expenses": NaN,
        "Total Operating Income As Reported": NaN,
        "Diluted Average Shares": 323800000.0,
        "Basic Average Shares": 319300000.0,
        "Diluted EPS": 0.24,
        "Basic EPS": 0.24,
        "Diluted NI Availto Com Stockholders": NaN,
        "Net Income Common Stockholders": NaN,
        "Net Income": NaN,
        "Net Income Including Noncontrolling Interests": NaN,
        "Net Income Continuous Operations": NaN,
        "Earnings From Equity Interest Net Of Tax": NaN,
        "Tax Provision": NaN,
        "Pretax Income": NaN,
        "Other Income Expense": NaN,
        "Other Non Operating Income Expenses": NaN,
        "Special Income Charges": NaN,
        "Gain On Sale Of Business": 0.0,
        "Restructuring And Mergern Acquisition": NaN,
        "Gain On Sale Of Security": NaN,
        "Net Non Operating Interest Income Expense": NaN,
        "Interest Expense Non Operating": NaN,
        "Interest Income Non Operating": NaN,
        "Operating Income": NaN,
        "Operating Expense": NaN,
        "Research And Development": NaN,
        "Selling General And Administration": NaN,
        "Selling And Marketing Expense": NaN,
        "General And Administrative Expense": NaN,
        "Other Gand A": NaN,
        "Gross Profit": NaN,
        "Cost Of Revenue": NaN,
        "Total Revenue": NaN,
        "Operating Revenue": NaN
    },
    "2023-12-31": {
        "Tax Effect Of Unusual Items": -4431000.0,
        "Tax Rate For Calcs": 0.21,
        "Normalized EBITDA": 206600000.0,
        "Total Unusual Items": -21100000.0,
        "Total Unusual Items Excluding Goodwill": -21100000.0,
        "Net Income From Continuing Operation Net Minority Interest": 124300000.0,
        "Reconciled Depreciation": 47300000.0,
        "Reconciled Cost Of Revenue": 557600000.0,
        "EBITDA": 185500000.0,
        "EBIT": 138200000.0,
        "Net Interest Income": -5300000.0,
        "Interest Expense": 20600000.0,
        "Interest Income": 15300000.0,
        "Normalized Income": 140969000.0,
        "Net Income From Continuing And Discontinued Operation": 124300000.0,
        "Total Expenses": 1219600000.0,
        "Total Operating Income As Reported": 125700000.0,
        "Diluted Average Shares": 324600000.0,
        "Basic Average Shares": 319200000.0,
        "Diluted EPS": 0.38,
        "Basic EPS": 0.39,
        "Diluted NI Availto Com Stockholders": 124300000.0,
        "Net Income Common Stockholders": 124300000.0,
        "Net Income": 124300000.0,
        "Net Income Including Noncontrolling Interests": 124300000.0,
        "Net Income Continuous Operations": 124300000.0,
        "Earnings From Equity Interest Net Of Tax": -3700000.0,
        "Tax Provision": -10400000.0,
        "Pretax Income": 117600000.0,
        "Other Income Expense": -22300000.0,
        "Other Non Operating Income Expenses": -1200000.0,
        "Special Income Charges": -19500000.0,
        "Gain On Sale Of Business": 0.0,
        "Restructuring And Mergern Acquisition": 19500000.0,
        "Gain On Sale Of Security": -1600000.0,
        "Net Non Operating Interest Income Expense": -5300000.0,
        "Interest Expense Non Operating": 20600000.0,
        "Interest Income Non Operating": 15300000.0,
        "Operating Income": 145200000.0,
        "Operating Expense": 662000000.0,
        "Research And Development": 289100000.0,
        "Selling General And Administration": 372900000.0,
        "Selling And Marketing Expense": 310900000.0,
        "General And Administrative Expense": 62000000.0,
        "Other Gand A": 62000000.0,
        "Gross Profit": 807200000.0,
        "Cost Of Revenue": 557600000.0,
        "Total Revenue": 1364800000.0,
        "Operating Revenue": 1364800000.0
    },
    "2024-03-31": {
        "Tax Effect Of Unusual Items": -9093000.0,
        "Tax Rate For Calcs": 0.21,
        "Normalized EBITDA": 81600000.0,
        "Total Unusual Items": -43300000.0,
        "Total Unusual Items Excluding Goodwill": -43300000.0,
        "Net Income From Continuing Operation Net Minority Interest": -800000.0,
        "Reconciled Depreciation": 44200000.0,
        "Reconciled Cost Of Revenue": 468000000.0,
        "EBITDA": 38300000.0,
        "EBIT": -5900000.0,
        "Net Interest Income": -3600000.0,
        "Interest Expense": 20500000.0,
        "Interest Income": 16900000.0,
        "Normalized Income": 33407000.0,
        "Net Income From Continuing And Discontinued Operation": -800000.0,
        "Total Expenses": 1130700000.0,
        "Total Operating Income As Reported": -14200000.0,
        "Diluted Average Shares": 322600000.0,
        "Basic Average Shares": 322600000.0,
        "Diluted EPS": -0.00248,
        "Basic EPS": -0.00248,
        "Diluted NI Availto Com Stockholders": -800000.0,
        "Net Income Common Stockholders": -800000.0,
        "Net Income": -800000.0,
        "Net Income Including Noncontrolling Interests": -800000.0,
        "Net Income Continuous Operations": -800000.0,
        "Earnings From Equity Interest Net Of Tax": -2100000.0,
        "Tax Provision": -27700000.0,
        "Pretax Income": -26400000.0,
        "Other Income Expense": -41000000.0,
        "Other Non Operating Income Expenses": 2300000.0,
        "Special Income Charges": -32400000.0,
        "Gain On Sale Of Business": NaN,
        "Restructuring And Mergern Acquisition": 32400000.0,
        "Gain On Sale Of Security": -10900000.0,
        "Net Non Operating Interest Income Expense": -3600000.0,
        "Interest Expense Non Operating": 20500000.0,
        "Interest Income Non Operating": 16900000.0,
        "Operating Income": 18200000.0,
        "Operating Expense": 662700000.0,
        "Research And Development": 296600000.0,
        "Selling General And Administration": 366100000.0,
        "Selling And Marketing Expense": 305400000.0,
        "General And Administrative Expense": 60700000.0,
        "Other Gand A": 60700000.0,
        "Gross Profit": 680900000.0,
        "Cost Of Revenue": 468000000.0,
        "Total Revenue": 1148900000.0,
        "Operating Revenue": 1148900000.0
    },
    "2024-06-30": {
        "Tax Effect Of Unusual Items": -1242000.0,
        "Tax Rate For Calcs": 0.23,
        "Normalized EBITDA": 110900000.0,
        "Total Unusual Items": -5400000.0,
        "Total Unusual Items Excluding Goodwill": -5400000.0,
        "Net Income From Continuing Operation Net Minority Interest": 34100000.0,
        "Reconciled Depreciation": 38000000.0,
        "Reconciled Cost Of Revenue": 501100000.0,
        "EBITDA": 105500000.0,
        "EBIT": 67500000.0,
        "Net Interest Income": -3800000.0,
        "Interest Expense": 20500000.0,
        "Interest Income": 16700000.0,
        "Normalized Income": 38258000.0,
        "Net Income From Continuing And Discontinued Operation": 34100000.0,
        "Total Expenses": 1133900000.0,
        "Total Operating Income As Reported": 45000000.0,
        "Diluted Average Shares": 332700000.0,
        "Basic Average Shares": 325100000.0,
        "Diluted EPS": 0.1,
        "Basic EPS": 0.1,
        "Diluted NI Availto Com Stockholders": 34100000.0,
        "Net Income Common Stockholders": 34100000.0,
        "Net Income": 34100000.0,
        "Net Income Including Noncontrolling Interests": 34100000.0,
        "Net Income Continuous Operations": 34100000.0,
        "Earnings From Equity Interest Net Of Tax": -2100000.0,
        "Tax Provision": 10800000.0,
        "Pretax Income": 47000000.0,
        "Other Income Expense": -4900000.0,
        "Other Non Operating Income Expenses": 500000.0,
        "Special Income Charges": -10700000.0,
        "Gain On Sale Of Business": NaN,
        "Restructuring And Mergern Acquisition": 10700000.0,
        "Gain On Sale Of Security": 5300000.0,
        "Net Non Operating Interest Income Expense": -3800000.0,
        "Interest Expense Non Operating": 20500000.0,
        "Interest Income Non Operating": 16700000.0,
        "Operating Income": 55700000.0,
        "Operating Expense": 632800000.0,
        "Research And Development": 274600000.0,
        "Selling General And Administration": 358200000.0,
        "Selling And Marketing Expense": 297400000.0,
        "General And Administrative Expense": 60800000.0,
        "Other Gand A": 60800000.0,
        "Gross Profit": 688500000.0,
        "Cost Of Revenue": 501100000.0,
        "Total Revenue": 1189600000.0,
        "Operating Revenue": 1189600000.0
    },
    "2024-09-30": {
        "Tax Effect Of Unusual Items": -288200.0,
        "Tax Rate For Calcs": 0.022,
        "Normalized EBITDA": 168000000.0,
        "Total Unusual Items": -13100000.0,
        "Total Unusual Items Excluding Goodwill": -13100000.0,
        "Net Income From Continuing Operation Net Minority Interest": 92600000.0,
        "Reconciled Depreciation": 37400000.0,
        "Reconciled Cost Of Revenue": 557600000.0,
        "EBITDA": 154900000.0,
        "EBIT": 117500000.0,
        "Net Interest Income": -900000.0,
        "Interest Expense": 20600000.0,
        "Interest Income": 19700000.0,
        "Normalized Income": 105411800.0,
        "Net Income From Continuing And Discontinued Operation": 92600000.0,
        "Total Expenses": 1218500000.0,
        "Total Operating Income As Reported": 94100000.0,
        "Diluted Average Shares": 335900000.0,
        "Basic Average Shares": 329400000.0,
        "Diluted EPS": 0.28,
        "Basic EPS": 0.28,
        "Diluted NI Availto Com Stockholders": 92600000.0,
        "Net Income Common Stockholders": 92600000.0,
        "Net Income": 92600000.0,
        "Net Income Including Noncontrolling Interests": 92600000.0,
        "Net Income Continuous Operations": 92600000.0,
        "Earnings From Equity Interest Net Of Tax": -2200000.0,
        "Tax Provision": 2100000.0,
        "Pretax Income": 96900000.0,
        "Other Income Expense": -14700000.0,
        "Other Non Operating Income Expenses": -1600000.0,
        "Special Income Charges": -18400000.0,
        "Gain On Sale Of Business": NaN,
        "Restructuring And Mergern Acquisition": 18400000.0,
        "Gain On Sale Of Security": 5300000.0,
        "Net Non Operating Interest Income Expense": -900000.0,
        "Interest Expense Non Operating": 20600000.0,
        "Interest Income Non Operating": 19700000.0,
        "Operating Income": 112500000.0,
        "Operating Expense": 660900000.0,
        "Research And Development": 290600000.0,
        "Selling General And Administration": 370300000.0,
        "Selling And Marketing Expense": 308200000.0,
        "General And Administrative Expense": 62100000.0,
        "Other Gand A": 62100000.0,
        "Gross Profit": 773400000.0,
        "Cost Of Revenue": 557600000.0,
        "Total Revenue": 1331000000.0,
        "Operating Revenue": 1331000000.0
    },
    "2024-12-31": {
        "Tax Effect Of Unusual Items": 305152.354571,
        "Tax Rate For Calcs": 0.084765,
        "Normalized EBITDA": 233900000.0,
        "Total Unusual Items": 3600000.0,
        "Total Unusual Items Excluding Goodwill": 3600000.0,
        "Net Income From Continuing Operation Net Minority Interest": 162000000.0,
        "Reconciled Depreciation": 37300000.0,
        "Reconciled Cost Of Revenue": 565400000.0,
        "EBITDA": 237500000.0,
        "EBIT": 200200000.0,
        "Net Interest Income": -800000.0,
        "Interest Expense": 19700000.0,
        "Interest Income": 18900000.0,
        "Normalized Income": 158705152.354571,
        "Net Income From Continuing And Discontinued Operation": 162000000.0,
        "Total Expenses": 1226700000.0,
        "Total Operating Income As Reported": 166900000.0,
        "Diluted Average Shares": NaN,
        "Basic Average Shares": NaN,
        "Diluted EPS": NaN,
        "Basic EPS": NaN,
        "Diluted NI Availto Com Stockholders": 162000000.0,
        "Net Income Common Stockholders": 162000000.0,
        "Net Income": 162000000.0,
        "Net Income Including Noncontrolling Interests": 162000000.0,
        "Net Income Continuous Operations": 162000000.0,
        "Earnings From Equity Interest Net Of Tax": -3200000.0,
        "Tax Provision": 15300000.0,
        "Pretax Income": 180500000.0,
        "Other Income Expense": 3900000.0,
        "Other Non Operating Income Expenses": 300000.0,
        "Special Income Charges": -10500000.0,
        "Gain On Sale Of Business": NaN,
        "Restructuring And Mergern Acquisition": 10500000.0,
        "Gain On Sale Of Security": 14100000.0,
        "Net Non Operating Interest Income Expense": -800000.0,
        "Interest Expense Non Operating": 19700000.0,
        "Interest Income Non Operating": 18900000.0,
        "Operating Income": 177400000.0,
        "Operating Expense": 661300000.0,
        "Research And Development": 288700000.0,
        "Selling General And Administration": 372600000.0,
        "Selling And Marketing Expense": 310400000.0,
        "General And Administrative Expense": 62200000.0,
        "Other Gand A": 62200000.0,
        "Gross Profit": 838700000.0,
        "Cost Of Revenue": 565400000.0,
        "Total Revenue": 1404100000.0,
        "Operating Revenue": 1404100000.0
    }
}