{
    "2024-09-30": {
        "Tax Effect Of Unusual Items": -165329.158181,
        "Tax Rate For Calcs": 0.113162,
        "Normalized EBITDA": 57483000.0,
        "Total Unusual Items": -1461000.0,
        "Total Unusual Items Excluding Goodwill": -1461000.0,
        "Net Income From Continuing Operation Net Minority Interest": 60557000.0,
        "Reconciled Cost Of Revenue": 350536000.0,
        "EBITDA": 56022000.0,
        "EBIT": 56022000.0,
        "Net Interest Income": 40532000.0,
        "Interest Expense": 535000.0,
        "Interest Income": 41067000.0,
        "Normalized Income": 61852670.841819,
        "Net Income From Continuing And Discontinued Operation": 60557000.0,
        "Total Expenses": 542238000.0,
        "Total Operating Income As Reported": 16416000.0,
        "Diluted Average Shares": 57220581.0,
        "Basic Average Shares": 56573411.0,
        "Diluted EPS": 1.06,
        "Basic EPS": 1.06,
        "Diluted NI Availto Com Stockholders": 60210000.0,
        "Net Income Common Stockholders": 60210000.0,
        "Preferred Stock Dividends": 347000.0,
        "Net Income": 60557000.0,
        "Minority Interests": 4603000.0,
        "Net Income Including Noncontrolling Interests": 55954000.0,
        "Net Income Discontinuous Operations": 0.0,
        "Net Income Continuous Operations": 55954000.0,
        "Earnings From Equity Interest Net Of Tax": 6746000.0,
        "Tax Provision": 6279000.0,
        "Pretax Income": 55487000.0,
        "Other Income Expense": -1461000.0,
        "Special Income Charges": 0.0,
        "Gain On Sale Of Business": 0.0,
        "Impairment Of Capital Assets": NaN,
        "Gain On Sale Of Security": -1461000.0,
        "Net Non Operating Interest Income Expense": 40532000.0,
        "Interest Expense Non Operating": 535000.0,
        "Interest Income Non Operating": 41067000.0,
        "Operating Income": 16416000.0,
        "Operating Expense": 191702000.0,
        "Other Operating Expenses": -255000.0,
        "Research And Development": 72360000.0,
        "Selling General And Administration": 119597000.0,
        "Selling And Marketing Expense": 83524000.0,
        "General And Administrative Expense": 36073000.0,
        "Other Gand A": 36073000.0,
        "Gross Profit": 208118000.0,
        "Cost Of Revenue": 350536000.0,
        "Total Revenue": 558654000.0,
        "Operating Revenue": 526589000.0
    },
    "2024-06-30": {
        "Tax Effect Of Unusual Items": NaN,
        "Tax Rate For Calcs": NaN,
        "Normalized EBITDA": NaN,
        "Total Unusual Items": NaN,
        "Total Unusual Items Excluding Goodwill": NaN,
        "Net Income From Continuing Operation Net Minority Interest": NaN,
        "Reconciled Cost Of Revenue": NaN,
        "EBITDA": NaN,
        "EBIT": NaN,
        "Net Interest Income": NaN,
        "Interest Expense": NaN,
        "Interest Income": NaN,
        "Normalized Income": NaN,
        "Net Income From Continuing And Discontinued Operation": NaN,
        "Total Expenses": NaN,
        "Total Operating Income As Reported": NaN,
        "Diluted Average Shares": NaN,
        "Basic Average Shares": NaN,
        "Diluted EPS": NaN,
        "Basic EPS": NaN,
        "Diluted NI Availto Com Stockholders": NaN,
        "Net Income Common Stockholders": NaN,
        "Preferred Stock Dividends": NaN,
        "Net Income": NaN,
        "Minority Interests": NaN,
        "Net Income Including Noncontrolling Interests": NaN,
        "Net Income Discontinuous Operations": 0.0,
        "Net Income Continuous Operations": NaN,
        "Earnings From Equity Interest Net Of Tax": NaN,
        "Tax Provision": NaN,
        "Pretax Income": NaN,
        "Other Income Expense": NaN,
        "Special Income Charges": NaN,
        "Gain On Sale Of Business": 1643000.0,
        "Impairment Of Capital Assets": NaN,
        "Gain On Sale Of Security": NaN,
        "Net Non Operating Interest Income Expense": NaN,
        "Interest Expense Non Operating": NaN,
        "Interest Income Non Operating": NaN,
        "Operating Income": NaN,
        "Operating Expense": NaN,
        "Other Operating Expenses": NaN,
        "Research And Development": NaN,
        "Selling General And Administration": NaN,
        "Selling And Marketing Expense": NaN,
        "General And Administrative Expense": NaN,
        "Other Gand A": NaN,
        "Gross Profit": NaN,
        "Cost Of Revenue": NaN,
        "Total Revenue": NaN,
        "Operating Revenue": NaN
    },
    "2024-03-31": {
        "Tax Effect Of Unusual Items": NaN,
        "Tax Rate For Calcs": NaN,
        "Normalized EBITDA": NaN,
        "Total Unusual Items": NaN,
        "Total Unusual Items Excluding Goodwill": NaN,
        "Net Income From Continuing Operation Net Minority Interest": NaN,
        "Reconciled Cost Of Revenue": NaN,
        "EBITDA": NaN,
        "EBIT": NaN,
        "Net Interest Income": NaN,
        "Interest Expense": NaN,
        "Interest Income": NaN,
        "Normalized Income": NaN,
        "Net Income From Continuing And Discontinued Operation": NaN,
        "Total Expenses": NaN,
        "Total Operating Income As Reported": NaN,
        "Diluted Average Shares": NaN,
        "Basic Average Shares": NaN,
        "Diluted EPS": NaN,
        "Basic EPS": NaN,
        "Diluted NI Availto Com Stockholders": NaN,
        "Net Income Common Stockholders": NaN,
        "Preferred Stock Dividends": NaN,
        "Net Income": NaN,
        "Minority Interests": NaN,
        "Net Income Including Noncontrolling Interests": NaN,
        "Net Income Discontinuous Operations": NaN,
        "Net Income Continuous Operations": NaN,
        "Earnings From Equity Interest Net Of Tax": NaN,
        "Tax Provision": NaN,
        "Pretax Income": NaN,
        "Other Income Expense": NaN,
        "Special Income Charges": NaN,
        "Gain On Sale Of Business": NaN,
        "Impairment Of Capital Assets": 0.0,
        "Gain On Sale Of Security": NaN,
        "Net Non Operating Interest Income Expense": NaN,
        "Interest Expense Non Operating": NaN,
        "Interest Income Non Operating": NaN,
        "Operating Income": NaN,
        "Operating Expense": NaN,
        "Other Operating Expenses": NaN,
        "Research And Development": NaN,
        "Selling General And Administration": NaN,
        "Selling And Marketing Expense": NaN,
        "General And Administrative Expense": NaN,
        "Other Gand A": NaN,
        "Gross Profit": NaN,
        "Cost Of Revenue": NaN,
        "Total Revenue": NaN,
        "Operating Revenue": NaN
    },
    "2023-12-31": {
        "Tax Effect Of Unusual Items": NaN,
        "Tax Rate For Calcs": NaN,
        "Normalized EBITDA": NaN,
        "Total Unusual Items": NaN,
        "Total Unusual Items Excluding Goodwill": NaN,
        "Net Income From Continuing Operation Net Minority Interest": NaN,
        "Reconciled Cost Of Revenue": NaN,
        "EBITDA": NaN,
        "EBIT": NaN,
        "Net Interest Income": NaN,
        "Interest Expense": NaN,
        "Interest Income": NaN,
        "Normalized Income": NaN,
        "Net Income From Continuing And Discontinued Operation": NaN,
        "Total Expenses": NaN,
        "Total Operating Income As Reported": NaN,
        "Diluted Average Shares": NaN,
        "Basic Average Shares": NaN,
        "Diluted EPS": NaN,
        "Basic EPS": NaN,
        "Diluted NI Availto Com Stockholders": NaN,
        "Net Income Common Stockholders": NaN,
        "Preferred Stock Dividends": NaN,
        "Net Income": NaN,
        "Minority Interests": NaN,
        "Net Income Including Noncontrolling Interests": NaN,
        "Net Income Discontinuous Operations": NaN,
        "Net Income Continuous Operations": NaN,
        "Earnings From Equity Interest Net Of Tax": NaN,
        "Tax Provision": NaN,
        "Pretax Income": NaN,
        "Other Income Expense": NaN,
        "Special Income Charges": NaN,
        "Gain On Sale Of Business": 0.0,
        "Impairment Of Capital Assets": NaN,
        "Gain On Sale Of Security": NaN,
        "Net Non Operating Interest Income Expense": NaN,
        "Interest Expense Non Operating": NaN,
        "Interest Income Non Operating": NaN,
        "Operating Income": NaN,
        "Operating Expense": NaN,
        "Other Operating Expenses": NaN,
        "Research And Development": NaN,
        "Selling General And Administration": NaN,
        "Selling And Marketing Expense": NaN,
        "General And Administrative Expense": NaN,
        "Other Gand A": NaN,
        "Gross Profit": NaN,
        "Cost Of Revenue": NaN,
        "Total Revenue": NaN,
        "Operating Revenue": NaN
    },
    "2023-09-30": {
        "Tax Effect Of Unusual Items": NaN,
        "Tax Rate For Calcs": NaN,
        "Normalized EBITDA": NaN,
        "Total Unusual Items": NaN,
        "Total Unusual Items Excluding Goodwill": NaN,
        "Net Income From Continuing Operation Net Minority Interest": NaN,
        "Reconciled Cost Of Revenue": NaN,
        "EBITDA": NaN,
        "EBIT": NaN,
        "Net Interest Income": NaN,
        "Interest Expense": NaN,
        "Interest Income": NaN,
        "Normalized Income": NaN,
        "Net Income From Continuing And Discontinued Operation": NaN,
        "Total Expenses": NaN,
        "Total Operating Income As Reported": NaN,
        "Diluted Average Shares": NaN,
        "Basic Average Shares": NaN,
        "Diluted EPS": NaN,
        "Basic EPS": NaN,
        "Diluted NI Availto Com Stockholders": NaN,
        "Net Income Common Stockholders": NaN,
        "Otherunder Preferred Stock Dividend": -51017000.0,
        "Preferred Stock Dividends": NaN,
        "Net Income": NaN,
        "Minority Interests": NaN,
        "Net Income Including Noncontrolling Interests": NaN,
        "Net Income Discontinuous Operations": NaN,
        "Net Income Continuous Operations": NaN,
        "Earnings From Equity Interest Net Of Tax": NaN,
        "Tax Provision": NaN,
        "Pretax Income": NaN,
        "Other Income Expense": NaN,
        "Special Income Charges": NaN,
        "Gain On Sale Of Business": -6177000.0,
        "Impairment Of Capital Assets": NaN,
        "Gain On Sale Of Security": NaN,
        "Net Non Operating Interest Income Expense": NaN,
        "Interest Expense Non Operating": NaN,
        "Interest Income Non Operating": NaN,
        "Operating Income": NaN,
        "Operating Expense": NaN,
        "Other Operating Expenses": NaN,
        "Research And Development": NaN,
        "Selling General And Administration": NaN,
        "Selling And Marketing Expense": NaN,
        "General And Administrative Expense": NaN,
        "Other Gand A": NaN,
        "Gross Profit": NaN,
        "Cost Of Revenue": NaN,
        "Total Revenue": NaN,
        "Operating Revenue": NaN
    },
    "2024-12-31": {
        "Tax Effect Of Unusual Items": -76216610.0,
        "Tax Rate For Calcs": 0.17,
        "Normalized EBITDA": 65942000.0,
        "Total Unusual Items": -448333000.0,
        "Total Unusual Items Excluding Goodwill": -448333000.0,
        "Net Income From Continuing Operation Net Minority Interest": -304145000.0,
        "Reconciled Cost Of Revenue": 345663000.0,
        "EBITDA": -382391000.0,
        "EBIT": -382391000.0,
        "Net Interest Income": 38548000.0,
        "Interest Expense": 312000.0,
        "Interest Income": 38860000.0,
        "Normalized Income": 67971390.0,
        "Net Income From Continuing And Discontinued Operation": -304145000.0,
        "Total Expenses": 522364000.0,
        "Total Operating Income As Reported": -427853000.0,
        "Diluted Average Shares": 2686893.0,
        "Basic Average Shares": 2686893.0,
        "Diluted EPS": -113.4,
        "Basic EPS": -113.4,
        "Diluted NI Availto Com Stockholders": -304492000.0,
        "Net Income Common Stockholders": -304492000.0,
        "Preferred Stock Dividends": 347000.0,
        "Net Income": -304145000.0,
        "Minority Interests": 82392000.0,
        "Net Income Including Noncontrolling Interests": -386537000.0,
        "Net Income Discontinuous Operations": NaN,
        "Net Income Continuous Operations": -386537000.0,
        "Earnings From Equity Interest Net Of Tax": -3793000.0,
        "Tax Provision": 41000.0,
        "Pretax Income": -382703000.0,
        "Other Income Expense": -448333000.0,
        "Special Income Charges": -454935000.0,
        "Gain On Sale Of Business": 0.0,
        "Impairment Of Capital Assets": NaN,
        "Gain On Sale Of Security": 6602000.0,
        "Net Non Operating Interest Income Expense": 38548000.0,
        "Interest Expense Non Operating": 312000.0,
        "Interest Income Non Operating": 38860000.0,
        "Operating Income": 27082000.0,
        "Operating Expense": 176701000.0,
        "Other Operating Expenses": -1839000.0,
        "Research And Development": 67485000.0,
        "Selling General And Administration": 111055000.0,
        "Selling And Marketing Expense": 67040000.0,
        "General And Administrative Expense": 44015000.0,
        "Other Gand A": 44015000.0,
        "Gross Profit": 203783000.0,
        "Cost Of Revenue": 345663000.0,
        "Total Revenue": 549446000.0,
        "Operating Revenue": 422418000.0
    },
    "2025-03-31": {
        "Tax Effect Of Unusual Items": -5673.821745,
        "Tax Rate For Calcs": 0.101318,
        "Normalized EBITDA": 51594000.0,
        "Total Unusual Items": -56000.0,
        "Total Unusual Items Excluding Goodwill": -56000.0,
        "Net Income From Continuing Operation Net Minority Interest": 45402000.0,
        "Reconciled Cost Of Revenue": 315736000.0,
        "EBITDA": 51538000.0,
        "EBIT": 51538000.0,
        "Net Interest Income": 39281000.0,
        "Interest Expense": 106000.0,
        "Interest Income": 39387000.0,
        "Normalized Income": 45452326.178255,
        "Net Income From Continuing And Discontinued Operation": 1921323000.0,
        "Total Expenses": 482144000.0,
        "Total Operating Income As Reported": 12207000.0,
        "Diluted Average Shares": 53780111.0,
        "Basic Average Shares": 53237127.0,
        "Diluted EPS": 0.84,
        "Basic EPS": 0.84,
        "Diluted NI Availto Com Stockholders": 1920976000.0,
        "Net Income Common Stockholders": 1920976000.0,
        "Preferred Stock Dividends": 347000.0,
        "Net Income": 1921323000.0,
        "Minority Interests": 2499000.0,
        "Net Income Including Noncontrolling Interests": 1918824000.0,
        "Net Income Discontinuous Operations": 1875921000.0,
        "Net Income Continuous Operations": 42903000.0,
        "Earnings From Equity Interest Net Of Tax": -3318000.0,
        "Tax Provision": 5211000.0,
        "Pretax Income": 51432000.0,
        "Other Income Expense": -56000.0,
        "Special Income Charges": 0.0,
        "Gain On Sale Of Business": NaN,
        "Impairment Of Capital Assets": 0.0,
        "Gain On Sale Of Security": -56000.0,
        "Net Non Operating Interest Income Expense": 39281000.0,
        "Interest Expense Non Operating": 106000.0,
        "Interest Income Non Operating": 39387000.0,
        "Operating Income": 12207000.0,
        "Operating Expense": 166408000.0,
        "Other Operating Expenses": -839000.0,
        "Research And Development": 62426000.0,
        "Selling General And Administration": 104821000.0,
        "Selling And Marketing Expense": 72131000.0,
        "General And Administrative Expense": 32690000.0,
        "Other Gand A": 32690000.0,
        "Gross Profit": 178615000.0,
        "Cost Of Revenue": 315736000.0,
        "Total Revenue": 494351000.0,
        "Operating Revenue": 371348000.0
    },
    "2025-06-30": {
        "Tax Effect Of Unusual Items": 1749500.275786,
        "Tax Rate For Calcs": 0.09294,
        "Normalized EBITDA": 46595000.0,
        "Total Unusual Items": 18824000.0,
        "Total Unusual Items Excluding Goodwill": 18824000.0,
        "Net Income From Continuing Operation Net Minority Interest": 60825000.0,
        "Reconciled Cost Of Revenue": 322515000.0,
        "EBITDA": 65419000.0,
        "EBIT": 65419000.0,
        "Net Interest Income": 40648000.0,
        "Interest Expense": 151000.0,
        "Interest Income": 40799000.0,
        "Normalized Income": 43750500.275786,
        "Net Income From Continuing And Discontinued Operation": 60825000.0,
        "Total Expenses": 501964000.0,
        "Total Operating Income As Reported": 5796000.0,
        "Diluted Average Shares": 53353026.0,
        "Basic Average Shares": 52788040.0,
        "Diluted EPS": 1.13,
        "Basic EPS": 1.15,
        "Diluted NI Availto Com Stockholders": 60478000.0,
        "Net Income Common Stockholders": 60478000.0,
        "Preferred Stock Dividends": 347000.0,
        "Net Income": 60825000.0,
        "Minority Interests": 2799000.0,
        "Net Income Including Noncontrolling Interests": 58026000.0,
        "Net Income Discontinuous Operations": 0.0,
        "Net Income Continuous Operations": 58026000.0,
        "Earnings From Equity Interest Net Of Tax": -1176000.0,
        "Tax Provision": 6066000.0,
        "Pretax Income": 65268000.0,
        "Other Income Expense": 18824000.0,
        "Special Income Charges": 0.0,
        "Gain On Sale Of Business": 0.0,
        "Impairment Of Capital Assets": NaN,
        "Gain On Sale Of Security": 18824000.0,
        "Net Non Operating Interest Income Expense": 40648000.0,
        "Interest Expense Non Operating": 151000.0,
        "Interest Income Non Operating": 40799000.0,
        "Operating Income": 5796000.0,
        "Operating Expense": 179449000.0,
        "Other Operating Expenses": -400000.0,
        "Research And Development": 60075000.0,
        "Selling General And Administration": 119774000.0,
        "Selling And Marketing Expense": 71852000.0,
        "General And Administrative Expense": 47922000.0,
        "Other Gand A": 47922000.0,
        "Gross Profit": 185245000.0,
        "Cost Of Revenue": 322515000.0,
        "Total Revenue": 507760000.0,
        "Operating Revenue": 375409000.0
    },
    "2025-09-30": {
        "Tax Effect Of Unusual Items": -146115.808291,
        "Tax Rate For Calcs": 0.064425,
        "Normalized EBITDA": 61100000.0,
        "Total Unusual Items": -2268000.0,
        "Total Unusual Items Excluding Goodwill": -2268000.0,
        "Net Income From Continuing Operation Net Minority Interest": 61960000.0,
        "Reconciled Cost Of Revenue": 347090000.0,
        "EBITDA": 58832000.0,
        "EBIT": 58832000.0,
        "Net Interest Income": 41451000.0,
        "Interest Expense": 97000.0,
        "Interest Income": 41548000.0,
        "Normalized Income": 64081884.191709,
        "Net Income From Continuing And Discontinued Operation": 61960000.0,
        "Total Expenses": 520669000.0,
        "Total Operating Income As Reported": 19552000.0,
        "Diluted Average Shares": 53354913.0,
        "Basic Average Shares": 52557478.0,
        "Diluted EPS": 1.16,
        "Basic EPS": 1.18,
        "Diluted NI Availto Com Stockholders": 61613000.0,
        "Net Income Common Stockholders": 61613000.0,
        "Preferred Stock Dividends": 347000.0,
        "Net Income": 61960000.0,
        "Minority Interests": 2773000.0,
        "Net Income Including Noncontrolling Interests": 59187000.0,
        "Net Income Discontinuous Operations": 0.0,
        "Net Income Continuous Operations": 59187000.0,
        "Earnings From Equity Interest Net Of Tax": 4236000.0,
        "Tax Provision": 3784000.0,
        "Pretax Income": 58735000.0,
        "Other Income Expense": -2268000.0,
        "Special Income Charges": 0.0,
        "Gain On Sale Of Business": 0.0,
        "Impairment Of Capital Assets": NaN,
        "Gain On Sale Of Security": -2268000.0,
        "Net Non Operating Interest Income Expense": 41451000.0,
        "Interest Expense Non Operating": 97000.0,
        "Interest Income Non Operating": 41548000.0,
        "Operating Income": 19552000.0,
        "Operating Expense": 173579000.0,
        "Other Operating Expenses": -637000.0,
        "Research And Development": 63094000.0,
        "Selling General And Administration": 111122000.0,
        "Selling And Marketing Expense": 72072000.0,
        "General And Administrative Expense": 39050000.0,
        "Other Gand A": 39050000.0,
        "Gross Profit": 193131000.0,
        "Cost Of Revenue": 347090000.0,
        "Total Revenue": 540221000.0,
        "Operating Revenue": 500990000.0
    }
}