{
    "2023-06-30": {
        "Tax Effect Of Unusual Items": 405850562.947799,
        "Tax Rate For Calcs": 0.177073,
        "Total Unusual Items": 2292000000.0,
        "Total Unusual Items Excluding Goodwill": 2292000000.0,
        "Net Income From Continuing Operation Net Minority Interest": 14472000000.0,
        "Reconciled Depreciation": 507000000.0,
        "Net Interest Income": 21779000000.0,
        "Interest Expense": 19865000000.0,
        "Interest Income": 41644000000.0,
        "Normalized Income": 12585850562.9478,
        "Net Income From Continuing And Discontinued Operation": 14472000000.0,
        "Diluted Average Shares": 2948300000.0,
        "Basic Average Shares": 2943800000.0,
        "Diluted EPS": 4.75,
        "Basic EPS": 4.76,
        "Diluted NI Availto Com Stockholders": 14011000000.0,
        "Net Income Common Stockholders": 14011000000.0,
        "Otherunder Preferred Stock Dividend": 88000000.0,
        "Preferred Stock Dividends": 373000000.0,
        "Net Income": 14472000000.0,
        "Net Income Including Noncontrolling Interests": 14472000000.0,
        "Net Income Continuous Operations": 14472000000.0,
        "Tax Provision": 3114000000.0,
        "Pretax Income": 17586000000.0,
        "Special Income Charges": 2292000000.0,
        "Other Special Charges": 420000000.0,
        "Restructuring And Mergern Acquisition": -2712000000.0,
        "Gain On Sale Of Security": -913000000.0,
        "Selling General And Administration": 12338000000.0,
        "Selling And Marketing Expense": 1122000000.0,
        "General And Administrative Expense": 11216000000.0,
        "Insurance And Claims": NaN,
        "Salaries And Wages": 11216000000.0,
        "Total Revenue": 38582000000.0,
        "Operating Revenue": 38582000000.0,
        "Occupancy And Equipment": 3337000000.0,
        "Professional Expense And Contract Services Expense": 2561000000.0,
        "Other Non Interest Expense": 2166000000.0
    },
    "2023-03-31": {
        "Tax Effect Of Unusual Items": NaN,
        "Tax Rate For Calcs": NaN,
        "Total Unusual Items": NaN,
        "Total Unusual Items Excluding Goodwill": NaN,
        "Net Income From Continuing Operation Net Minority Interest": NaN,
        "Reconciled Depreciation": NaN,
        "Net Interest Income": NaN,
        "Interest Expense": NaN,
        "Interest Income": NaN,
        "Normalized Income": NaN,
        "Net Income From Continuing And Discontinued Operation": NaN,
        "Diluted Average Shares": NaN,
        "Basic Average Shares": NaN,
        "Diluted EPS": NaN,
        "Basic EPS": NaN,
        "Diluted NI Availto Com Stockholders": NaN,
        "Net Income Common Stockholders": NaN,
        "Otherunder Preferred Stock Dividend": NaN,
        "Preferred Stock Dividends": NaN,
        "Net Income": NaN,
        "Net Income Including Noncontrolling Interests": NaN,
        "Net Income Continuous Operations": NaN,
        "Tax Provision": NaN,
        "Pretax Income": NaN,
        "Special Income Charges": NaN,
        "Other Special Charges": NaN,
        "Restructuring And Mergern Acquisition": NaN,
        "Gain On Sale Of Security": NaN,
        "Selling General And Administration": NaN,
        "Selling And Marketing Expense": NaN,
        "General And Administrative Expense": NaN,
        "Insurance And Claims": 317000000.0,
        "Salaries And Wages": NaN,
        "Total Revenue": NaN,
        "Operating Revenue": NaN,
        "Occupancy And Equipment": NaN,
        "Professional Expense And Contract Services Expense": NaN,
        "Other Non Interest Expense": NaN
    },
    "2022-12-31": {
        "Tax Effect Of Unusual Items": 0.0,
        "Tax Rate For Calcs": 0.168392,
        "Total Unusual Items": NaN,
        "Total Unusual Items Excluding Goodwill": NaN,
        "Net Income From Continuing Operation Net Minority Interest": 11008000000.0,
        "Reconciled Depreciation": 1671000000.0,
        "Net Interest Income": 20192000000.0,
        "Interest Expense": 12862000000.0,
        "Interest Income": 33054000000.0,
        "Normalized Income": 11008000000.0,
        "Net Income From Continuing And Discontinued Operation": 11008000000.0,
        "Diluted Average Shares": 2967100000.0,
        "Basic Average Shares": 2962900000.0,
        "Diluted EPS": 3.57,
        "Basic EPS": 3.58,
        "Diluted NI Availto Com Stockholders": 10597000000.0,
        "Net Income Common Stockholders": 10597000000.0,
        "Otherunder Preferred Stock Dividend": 55000000.0,
        "Preferred Stock Dividends": 356000000.0,
        "Net Income": 11008000000.0,
        "Net Income Including Noncontrolling Interests": 11008000000.0,
        "Net Income Continuous Operations": 11008000000.0,
        "Tax Provision": 2229000000.0,
        "Pretax Income": 13237000000.0,
        "Special Income Charges": NaN,
        "Other Special Charges": NaN,
        "Restructuring And Mergern Acquisition": NaN,
        "Gain On Sale Of Security": -909000000.0,
        "Selling General And Administration": 11102000000.0,
        "Selling And Marketing Expense": 1093000000.0,
        "General And Administrative Expense": 10009000000.0,
        "Salaries And Wages": 10009000000.0,
        "Total Revenue": 34512000000.0,
        "Operating Revenue": 34512000000.0
    },
    "2022-09-30": {
        "Tax Effect Of Unusual Items": -8883000.0,
        "Tax Rate For Calcs": 0.189,
        "Total Unusual Items": -47000000.0,
        "Total Unusual Items Excluding Goodwill": -47000000.0,
        "Net Income From Continuing Operation Net Minority Interest": 9737000000.0,
        "Reconciled Depreciation": 1771000000.0,
        "Net Interest Income": 17518000000.0,
        "Interest Expense": 8093000000.0,
        "Interest Income": 25611000000.0,
        "Normalized Income": 9775117000.0,
        "Net Income From Continuing And Discontinued Operation": 9737000000.0,
        "Diluted Average Shares": 2965400000.0,
        "Basic Average Shares": 2961200000.0,
        "Diluted EPS": 3.12,
        "Basic EPS": 3.13,
        "Diluted NI Availto Com Stockholders": 9255000000.0,
        "Net Income Common Stockholders": 9255000000.0,
        "Otherunder Preferred Stock Dividend": 50000000.0,
        "Preferred Stock Dividends": 432000000.0,
        "Net Income": 9737000000.0,
        "Net Income Including Noncontrolling Interests": 9737000000.0,
        "Net Income Continuous Operations": 9737000000.0,
        "Tax Provision": 2264000000.0,
        "Pretax Income": 12001000000.0,
        "Special Income Charges": -47000000.0,
        "Other Special Charges": 47000000.0,
        "Restructuring And Mergern Acquisition": NaN,
        "Gain On Sale Of Security": -959000000.0,
        "Selling General And Administration": 11556000000.0,
        "Selling And Marketing Expense": 1017000000.0,
        "General And Administrative Expense": 10539000000.0,
        "Salaries And Wages": 10539000000.0,
        "Total Revenue": 32716000000.0,
        "Operating Revenue": 32716000000.0
    },
    "2022-06-30": {
        "Tax Effect Of Unusual Items": 0.0,
        "Tax Rate For Calcs": 0.204,
        "Total Unusual Items": -73000000.0,
        "Total Unusual Items Excluding Goodwill": -73000000.0,
        "Net Income From Continuing Operation Net Minority Interest": 8649000000.0,
        "Reconciled Depreciation": 1789000000.0,
        "Net Interest Income": 15128000000.0,
        "Interest Expense": 3518000000.0,
        "Interest Income": 18646000000.0,
        "Normalized Income": 8649000000.0,
        "Net Income From Continuing And Discontinued Operation": 8649000000.0,
        "Diluted Average Shares": 2966300000.0,
        "Basic Average Shares": 2962200000.0,
        "Diluted EPS": 2.76,
        "Basic EPS": 2.77,
        "Diluted NI Availto Com Stockholders": 8195000000.0,
        "Net Income Common Stockholders": 8195000000.0,
        "Otherunder Preferred Stock Dividend": 44000000.0,
        "Preferred Stock Dividends": 410000000.0,
        "Net Income": 8649000000.0,
        "Net Income Including Noncontrolling Interests": 8649000000.0,
        "Net Income Continuous Operations": 8649000000.0,
        "Tax Provision": 2216000000.0,
        "Pretax Income": 10865000000.0,
        "Special Income Charges": -73000000.0,
        "Other Special Charges": 73000000.0,
        "Restructuring And Mergern Acquisition": NaN,
        "Gain On Sale Of Security": -153000000.0,
        "Selling General And Administration": 11182000000.0,
        "Selling And Marketing Expense": 881000000.0,
        "General And Administrative Expense": 10301000000.0,
        "Salaries And Wages": 10301000000.0,
        "Total Revenue": 30715000000.0,
        "Operating Revenue": 30715000000.0
    },
    "2022-03-31": {
        "Diluted EPS": 2.63,
        "Total Revenue": NaN,
        "Gross Profit": NaN,
        "Operating Income": NaN,
        "EBIT": NaN,
        "Net Income": NaN
    },
    "2021-12-31": {
        "Diluted EPS": 3.34,
        "Total Revenue": NaN,
        "Gross Profit": NaN,
        "Operating Income": NaN,
        "EBIT": NaN,
        "Net Income": NaN
    },
    "2021-09-30": {
        "Diluted EPS": 3.74,
        "Total Revenue": NaN,
        "Gross Profit": NaN,
        "Operating Income": NaN,
        "EBIT": NaN,
        "Net Income": NaN
    },
    "2021-06-30": {
        "Diluted EPS": 3.78,
        "Total Revenue": NaN,
        "Gross Profit": NaN,
        "Operating Income": NaN,
        "EBIT": NaN,
        "Net Income": NaN
    },
    "2021-03-31": {
        "Diluted EPS": 4.5,
        "Total Revenue": NaN,
        "Gross Profit": NaN,
        "Operating Income": NaN,
        "EBIT": NaN,
        "Net Income": NaN
    },
    "2020-12-31": {
        "Diluted EPS": 3.8,
        "Total Revenue": NaN,
        "Gross Profit": NaN,
        "Operating Income": NaN,
        "EBIT": NaN,
        "Net Income": NaN
    },
    "2020-09-30": {
        "Diluted EPS": 2.92,
        "Total Revenue": NaN,
        "Gross Profit": NaN,
        "Operating Income": NaN,
        "EBIT": NaN,
        "Net Income": NaN
    },
    "2020-06-30": {
        "Diluted EPS": 1.38,
        "Total Revenue": NaN,
        "Gross Profit": NaN,
        "Operating Income": NaN,
        "EBIT": NaN,
        "Net Income": NaN
    },
    "2020-03-31": {
        "Diluted EPS": 0.78,
        "Total Revenue": NaN,
        "Gross Profit": NaN,
        "Operating Income": NaN,
        "EBIT": NaN,
        "Net Income": NaN
    },
    "2019-12-31": {
        "Diluted EPS": 2.57,
        "Total Revenue": NaN,
        "Gross Profit": NaN,
        "Operating Income": NaN,
        "EBIT": NaN,
        "Net Income": NaN
    },
    "2019-09-30": {
        "Diluted EPS": 2.68,
        "Total Revenue": NaN,
        "Gross Profit": NaN,
        "Operating Income": NaN,
        "EBIT": NaN,
        "Net Income": NaN
    },
    "2019-06-30": {
        "Diluted EPS": 2.82,
        "Total Revenue": NaN,
        "Gross Profit": NaN,
        "Operating Income": NaN,
        "EBIT": NaN,
        "Net Income": NaN
    },
    "2019-03-31": {
        "Diluted EPS": 2.65,
        "Total Revenue": NaN,
        "Gross Profit": NaN,
        "Operating Income": NaN,
        "EBIT": NaN,
        "Net Income": NaN
    },
    "2018-12-31": {
        "Diluted EPS": 2.0,
        "Total Revenue": NaN,
        "Gross Profit": NaN,
        "Operating Income": NaN,
        "EBIT": NaN,
        "Net Income": NaN
    },
    "2018-09-30": {
        "Diluted EPS": 2.34,
        "Total Revenue": NaN,
        "Gross Profit": NaN,
        "Operating Income": NaN,
        "EBIT": NaN,
        "Net Income": NaN
    },
    "2018-06-30": {
        "Diluted EPS": 2.29,
        "Total Revenue": NaN,
        "Gross Profit": NaN,
        "Operating Income": NaN,
        "EBIT": NaN,
        "Net Income": NaN
    },
    "2018-03-31": {
        "Diluted EPS": 2.37,
        "Total Revenue": NaN,
        "Gross Profit": NaN,
        "Operating Income": NaN,
        "EBIT": NaN,
        "Net Income": NaN
    },
    "2017-12-31": {
        "Diluted EPS": 1.08,
        "Total Revenue": NaN,
        "Gross Profit": NaN,
        "Operating Income": NaN,
        "EBIT": NaN,
        "Net Income": NaN
    },
    "2017-09-30": {
        "Diluted EPS": 1.76,
        "Total Revenue": NaN,
        "Gross Profit": NaN,
        "Operating Income": NaN,
        "EBIT": NaN,
        "Net Income": NaN
    },
    "2017-06-30": {
        "Diluted EPS": 1.82,
        "Total Revenue": NaN,
        "Gross Profit": NaN,
        "Operating Income": NaN,
        "EBIT": NaN,
        "Net Income": NaN
    },
    "2017-03-31": {
        "Diluted EPS": 1.65,
        "Total Revenue": NaN,
        "Gross Profit": NaN,
        "Operating Income": NaN,
        "EBIT": NaN,
        "Net Income": NaN
    },
    "2016-12-31": {
        "Diluted EPS": 1.71,
        "Total Revenue": NaN,
        "Gross Profit": NaN,
        "Operating Income": NaN,
        "EBIT": NaN,
        "Net Income": NaN
    },
    "2016-09-30": {
        "Diluted EPS": 1.58,
        "Total Revenue": NaN,
        "Gross Profit": NaN,
        "Operating Income": NaN,
        "EBIT": NaN,
        "Net Income": NaN
    },
    "2016-06-30": {
        "Diluted EPS": 1.55,
        "Total Revenue": NaN,
        "Gross Profit": NaN,
        "Operating Income": NaN,
        "EBIT": NaN,
        "Net Income": NaN
    },
    "2016-03-31": {
        "Diluted EPS": 1.35,
        "Total Revenue": NaN,
        "Gross Profit": NaN,
        "Operating Income": NaN,
        "EBIT": NaN,
        "Net Income": NaN
    },
    "2015-12-31": {
        "Diluted EPS": 1.33,
        "Total Revenue": NaN,
        "Gross Profit": NaN,
        "Operating Income": NaN,
        "EBIT": NaN,
        "Net Income": NaN
    },
    "2015-09-30": {
        "Diluted EPS": 1.68,
        "Total Revenue": NaN,
        "Gross Profit": NaN,
        "Operating Income": NaN,
        "EBIT": NaN,
        "Net Income": NaN
    },
    "2015-06-30": {
        "Diluted EPS": 1.54,
        "Total Revenue": NaN,
        "Gross Profit": NaN,
        "Operating Income": NaN,
        "EBIT": NaN,
        "Net Income": NaN
    },
    "2015-03-31": {
        "Diluted EPS": 1.45,
        "Total Revenue": NaN,
        "Gross Profit": NaN,
        "Operating Income": NaN,
        "EBIT": NaN,
        "Net Income": NaN
    },
    "2014-12-31": {
        "Diluted EPS": 1.2,
        "Total Revenue": NaN,
        "Gross Profit": NaN,
        "Operating Income": NaN,
        "EBIT": NaN,
        "Net Income": NaN
    },
    "2014-09-30": {
        "Diluted EPS": 1.35,
        "Total Revenue": NaN,
        "Gross Profit": NaN,
        "Operating Income": NaN,
        "EBIT": NaN,
        "Net Income": NaN
    },
    "2014-06-30": {
        "Diluted EPS": 1.46,
        "Total Revenue": NaN,
        "Gross Profit": NaN,
        "Operating Income": NaN,
        "EBIT": NaN,
        "Net Income": NaN
    },
    "2014-03-31": {
        "Diluted EPS": 1.28,
        "Total Revenue": NaN,
        "Gross Profit": NaN,
        "Operating Income": NaN,
        "EBIT": NaN,
        "Net Income": NaN
    },
    "2013-12-31": {
        "Diluted EPS": 1.32,
        "Total Revenue": NaN,
        "Gross Profit": NaN,
        "Operating Income": NaN,
        "EBIT": NaN,
        "Net Income": NaN
    },
    "2013-09-30": {
        "Diluted EPS": -0.17,
        "Total Revenue": NaN,
        "Gross Profit": NaN,
        "Operating Income": 34,
        "EBIT": NaN,
        "Net Income": -650
    },
    "2013-06-30": {
        "Diluted EPS": 1.6,
        "Total Revenue": NaN,
        "Gross Profit": NaN,
        "Operating Income": NaN,
        "EBIT": NaN,
        "Net Income": NaN
    },
    "2013-03-31": {
        "Diluted EPS": 1.59,
        "Total Revenue": NaN,
        "Gross Profit": NaN,
        "Operating Income": NaN,
        "EBIT": NaN,
        "Net Income": NaN
    },
    "2012-12-31": {
        "Diluted EPS": 1.4,
        "Total Revenue": NaN,
        "Gross Profit": NaN,
        "Operating Income": NaN,
        "EBIT": NaN,
        "Net Income": NaN
    },
    "2012-09-30": {
        "Diluted EPS": 1.4,
        "Total Revenue": NaN,
        "Gross Profit": NaN,
        "Operating Income": NaN,
        "EBIT": NaN,
        "Net Income": NaN
    },
    "2012-06-30": {
        "Diluted EPS": 1.21,
        "Total Revenue": NaN,
        "Gross Profit": NaN,
        "Operating Income": NaN,
        "EBIT": NaN,
        "Net Income": NaN
    },
    "2012-03-31": {
        "Diluted EPS": 1.19,
        "Total Revenue": NaN,
        "Gross Profit": NaN,
        "Operating Income": NaN,
        "EBIT": NaN,
        "Net Income": NaN
    },
    "2011-12-31": {
        "Diluted EPS": 0.91,
        "Total Revenue": NaN,
        "Gross Profit": NaN,
        "Operating Income": NaN,
        "EBIT": NaN,
        "Net Income": NaN
    },
    "2011-09-30": {
        "Diluted EPS": 1.02,
        "Total Revenue": NaN,
        "Gross Profit": NaN,
        "Operating Income": NaN,
        "EBIT": NaN,
        "Net Income": NaN
    },
    "2011-06-30": {
        "Diluted EPS": 1.27,
        "Total Revenue": NaN,
        "Gross Profit": NaN,
        "Operating Income": NaN,
        "EBIT": NaN,
        "Net Income": NaN
    },
    "2011-03-31": {
        "Diluted EPS": 1.28,
        "Total Revenue": NaN,
        "Gross Profit": NaN,
        "Operating Income": NaN,
        "EBIT": NaN,
        "Net Income": NaN
    },
    "2010-12-31": {
        "Diluted EPS": 1.12,
        "Total Revenue": NaN,
        "Gross Profit": NaN,
        "Operating Income": NaN,
        "EBIT": NaN,
        "Net Income": NaN
    },
    "2010-09-30": {
        "Diluted EPS": 1.01,
        "Total Revenue": NaN,
        "Gross Profit": NaN,
        "Operating Income": NaN,
        "EBIT": NaN,
        "Net Income": NaN
    },
    "2010-06-30": {
        "Diluted EPS": 1.09,
        "Total Revenue": NaN,
        "Gross Profit": NaN,
        "Operating Income": NaN,
        "EBIT": NaN,
        "Net Income": NaN
    },
    "2010-03-31": {
        "Diluted EPS": 0.74,
        "Total Revenue": NaN,
        "Gross Profit": NaN,
        "Operating Income": NaN,
        "EBIT": NaN,
        "Net Income": NaN
    },
    "2009-12-31": {
        "Diluted EPS": 0.76,
        "Total Revenue": NaN,
        "Gross Profit": NaN,
        "Operating Income": NaN,
        "EBIT": NaN,
        "Net Income": NaN
    },
    "2009-09-30": {
        "Diluted EPS": 0.82,
        "Total Revenue": NaN,
        "Gross Profit": NaN,
        "Operating Income": NaN,
        "EBIT": NaN,
        "Net Income": NaN
    },
    "2009-06-30": {
        "Diluted EPS": 0.28,
        "Total Revenue": NaN,
        "Gross Profit": NaN,
        "Operating Income": NaN,
        "EBIT": NaN,
        "Net Income": NaN
    },
    "2009-03-31": {
        "Diluted EPS": 0.4,
        "Total Revenue": NaN,
        "Gross Profit": NaN,
        "Operating Income": NaN,
        "EBIT": NaN,
        "Net Income": NaN
    },
    "2023-09-30": {
        "Tax Effect Of Unusual Items": NaN,
        "Tax Rate For Calcs": NaN,
        "Total Unusual Items": NaN,
        "Total Unusual Items Excluding Goodwill": NaN,
        "Net Income From Continuing Operation Net Minority Interest": NaN,
        "Reconciled Depreciation": NaN,
        "Net Interest Income": NaN,
        "Interest Expense": NaN,
        "Interest Income": NaN,
        "Normalized Income": NaN,
        "Net Income From Continuing And Discontinued Operation": NaN,
        "Diluted Average Shares": 2932100000.0,
        "Basic Average Shares": 2927500000.0,
        "Diluted EPS": 4.33,
        "Basic EPS": 4.33,
        "Diluted NI Availto Com Stockholders": NaN,
        "Net Income Common Stockholders": NaN,
        "Otherunder Preferred Stock Dividend": NaN,
        "Preferred Stock Dividends": NaN,
        "Net Income": NaN,
        "Net Income Including Noncontrolling Interests": NaN,
        "Net Income Continuous Operations": NaN,
        "Tax Provision": NaN,
        "Pretax Income": NaN,
        "Special Income Charges": NaN,
        "Other Special Charges": NaN,
        "Restructuring And Mergern Acquisition": NaN,
        "Gain On Sale Of Security": NaN,
        "Selling General And Administration": NaN,
        "Selling And Marketing Expense": NaN,
        "General And Administrative Expense": NaN,
        "Insurance And Claims": NaN,
        "Salaries And Wages": NaN,
        "Total Revenue": NaN,
        "Operating Revenue": NaN,
        "Occupancy And Equipment": NaN,
        "Professional Expense And Contract Services Expense": NaN,
        "Other Non Interest Expense": NaN
    },
    "2023-12-31": {
        "Tax Effect Of Unusual Items": NaN,
        "Tax Rate For Calcs": NaN,
        "Total Unusual Items": NaN,
        "Total Unusual Items Excluding Goodwill": NaN,
        "Net Income From Continuing Operation Net Minority Interest": NaN,
        "Reconciled Depreciation": NaN,
        "Net Interest Income": NaN,
        "Interest Expense": NaN,
        "Interest Income": NaN,
        "Normalized Income": NaN,
        "Net Income From Continuing And Discontinued Operation": NaN,
        "Diluted Average Shares": NaN,
        "Basic Average Shares": NaN,
        "Diluted EPS": NaN,
        "Basic EPS": NaN,
        "Diluted NI Availto Com Stockholders": NaN,
        "Net Income Common Stockholders": NaN,
        "Otherunder Preferred Stock Dividend": NaN,
        "Preferred Stock Dividends": NaN,
        "Net Income": NaN,
        "Net Income Including Noncontrolling Interests": NaN,
        "Net Income Continuous Operations": NaN,
        "Tax Provision": NaN,
        "Pretax Income": NaN,
        "Special Income Charges": NaN,
        "Other Special Charges": NaN,
        "Restructuring And Mergern Acquisition": 254000000.0,
        "Gain On Sale Of Security": NaN,
        "Selling General And Administration": NaN,
        "Selling And Marketing Expense": NaN,
        "General And Administrative Expense": NaN,
        "Insurance And Claims": NaN,
        "Salaries And Wages": NaN,
        "Total Revenue": NaN,
        "Operating Revenue": NaN,
        "Occupancy And Equipment": NaN,
        "Professional Expense And Contract Services Expense": NaN,
        "Other Non Interest Expense": NaN
    },
    "2024-03-31": {
        "Tax Effect Of Unusual Items": NaN,
        "Tax Rate For Calcs": NaN,
        "Total Unusual Items": NaN,
        "Total Unusual Items Excluding Goodwill": NaN,
        "Net Income From Continuing Operation Net Minority Interest": NaN,
        "Reconciled Depreciation": NaN,
        "Net Interest Income": NaN,
        "Interest Expense": NaN,
        "Interest Income": NaN,
        "Normalized Income": NaN,
        "Net Income From Continuing And Discontinued Operation": NaN,
        "Diluted Average Shares": NaN,
        "Basic Average Shares": NaN,
        "Diluted EPS": NaN,
        "Basic EPS": NaN,
        "Diluted NI Availto Com Stockholders": NaN,
        "Net Income Common Stockholders": NaN,
        "Otherunder Preferred Stock Dividend": NaN,
        "Preferred Stock Dividends": NaN,
        "Net Income": NaN,
        "Net Income Including Noncontrolling Interests": NaN,
        "Net Income Continuous Operations": NaN,
        "Tax Provision": NaN,
        "Pretax Income": NaN,
        "Special Income Charges": NaN,
        "Other Special Charges": NaN,
        "Restructuring And Mergern Acquisition": 230000000.0,
        "Gain On Sale Of Security": NaN,
        "Selling General And Administration": NaN,
        "Selling And Marketing Expense": NaN,
        "General And Administrative Expense": NaN,
        "Insurance And Claims": 248000000.0,
        "Salaries And Wages": NaN,
        "Total Revenue": NaN,
        "Operating Revenue": NaN,
        "Occupancy And Equipment": NaN,
        "Professional Expense And Contract Services Expense": NaN,
        "Other Non Interest Expense": NaN
    },
    "2024-06-30": {
        "Tax Effect Of Unusual Items": NaN,
        "Tax Rate For Calcs": NaN,
        "Total Unusual Items": NaN,
        "Total Unusual Items Excluding Goodwill": NaN,
        "Net Income From Continuing Operation Net Minority Interest": NaN,
        "Reconciled Depreciation": NaN,
        "Net Interest Income": NaN,
        "Interest Expense": NaN,
        "Interest Income": NaN,
        "Normalized Income": NaN,
        "Net Income From Continuing And Discontinued Operation": NaN,
        "Diluted Average Shares": NaN,
        "Basic Average Shares": NaN,
        "Diluted EPS": NaN,
        "Basic EPS": NaN,
        "Diluted NI Availto Com Stockholders": NaN,
        "Net Income Common Stockholders": NaN,
        "Otherunder Preferred Stock Dividend": NaN,
        "Preferred Stock Dividends": NaN,
        "Net Income": NaN,
        "Net Income Including Noncontrolling Interests": NaN,
        "Net Income Continuous Operations": NaN,
        "Tax Provision": NaN,
        "Pretax Income": NaN,
        "Special Income Charges": NaN,
        "Other Special Charges": -7673000000.0,
        "Restructuring And Mergern Acquisition": -119000000.0,
        "Gain On Sale Of Security": NaN,
        "Selling General And Administration": NaN,
        "Selling And Marketing Expense": NaN,
        "General And Administrative Expense": NaN,
        "Insurance And Claims": NaN,
        "Salaries And Wages": NaN,
        "Total Revenue": NaN,
        "Operating Revenue": NaN,
        "Occupancy And Equipment": NaN,
        "Professional Expense And Contract Services Expense": NaN,
        "Other Non Interest Expense": NaN
    },
    "2024-09-30": {
        "Tax Effect Of Unusual Items": 0.0,
        "Tax Rate For Calcs": 0.240311,
        "Total Unusual Items": 0.0,
        "Total Unusual Items Excluding Goodwill": 0.0,
        "Net Income From Continuing Operation Net Minority Interest": 12898000000.0,
        "Reconciled Depreciation": 1967000000.0,
        "Net Interest Income": 23405000000.0,
        "Interest Expense": 27011000000.0,
        "Interest Income": 50416000000.0,
        "Normalized Income": 12898000000.0,
        "Net Income From Continuing And Discontinued Operation": 12898000000.0,
        "Diluted Average Shares": NaN,
        "Basic Average Shares": NaN,
        "Diluted EPS": NaN,
        "Basic EPS": NaN,
        "Diluted NI Availto Com Stockholders": 12537000000.0,
        "Net Income Common Stockholders": 12537000000.0,
        "Otherunder Preferred Stock Dividend": 75000000.0,
        "Preferred Stock Dividends": 286000000.0,
        "Net Income": 12898000000.0,
        "Net Income Including Noncontrolling Interests": 12898000000.0,
        "Net Income Continuous Operations": 12898000000.0,
        "Tax Provision": 4080000000.0,
        "Pretax Income": 16978000000.0,
        "Special Income Charges": 0.0,
        "Other Special Charges": 259000000.0,
        "Restructuring And Mergern Acquisition": 0.0,
        "Gain On Sale Of Security": -14000000.0,
        "Selling General And Administration": 14075000000.0,
        "Selling And Marketing Expense": 1258000000.0,
        "General And Administrative Expense": 12817000000.0,
        "Insurance And Claims": NaN,
        "Salaries And Wages": 12817000000.0,
        "Total Revenue": 42656000000.0,
        "Operating Revenue": 42656000000.0,
        "Occupancy And Equipment": 3705000000.0,
        "Professional Expense And Contract Services Expense": 2780000000.0,
        "Other Non Interest Expense": 2005000000.0
    },
    "2024-12-31": {
        "Tax Effect Of Unusual Items": -217813525.179856,
        "Tax Rate For Calcs": 0.193957,
        "Total Unusual Items": -1123000000.0,
        "Total Unusual Items Excluding Goodwill": -1123000000.0,
        "Net Income From Continuing Operation Net Minority Interest": 14005000000.0,
        "Reconciled Depreciation": 1965000000.0,
        "Net Interest Income": 23350000000.0,
        "Interest Expense": 24216000000.0,
        "Interest Income": 47566000000.0,
        "Normalized Income": 14910186474.820145,
        "Net Income From Continuing And Discontinued Operation": 14005000000.0,
        "Diluted Average Shares": 2842400000.0,
        "Basic Average Shares": 2836900000.0,
        "Diluted EPS": 4.81,
        "Basic EPS": 4.82,
        "Diluted NI Availto Com Stockholders": 13669000000.0,
        "Net Income Common Stockholders": 13669000000.0,
        "Otherunder Preferred Stock Dividend": 77000000.0,
        "Preferred Stock Dividends": 259000000.0,
        "Net Income": 14005000000.0,
        "Net Income Including Noncontrolling Interests": 14005000000.0,
        "Net Income Continuous Operations": 14005000000.0,
        "Tax Provision": 3370000000.0,
        "Pretax Income": 17375000000.0,
        "Special Income Charges": -1123000000.0,
        "Other Special Charges": 961000000.0,
        "Restructuring And Mergern Acquisition": 162000000.0,
        "Gain On Sale Of Security": -69000000.0,
        "Selling General And Administration": 13804000000.0,
        "Selling And Marketing Expense": 1335000000.0,
        "General And Administrative Expense": 12469000000.0,
        "Insurance And Claims": NaN,
        "Salaries And Wages": 12469000000.0,
        "Total Revenue": 42791000000.0,
        "Operating Revenue": 42791000000.0,
        "Occupancy And Equipment": 3825000000.0,
        "Professional Expense And Contract Services Expense": 3007000000.0,
        "Other Non Interest Expense": 1003000000.0
    },
    "2025-03-31": {
        "Tax Effect Of Unusual Items": -91020000.0,
        "Tax Rate For Calcs": 0.205,
        "Total Unusual Items": -444000000.0,
        "Total Unusual Items Excluding Goodwill": -444000000.0,
        "Net Income From Continuing Operation Net Minority Interest": 14643000000.0,
        "Reconciled Depreciation": 2030000000.0,
        "Net Interest Income": 23273000000.0,
        "Interest Expense": 23580000000.0,
        "Interest Income": 46853000000.0,
        "Normalized Income": 14995980000.0,
        "Net Income From Continuing And Discontinued Operation": 14643000000.0,
        "Diluted Average Shares": 2824300000.0,
        "Basic Average Shares": 2819400000.0,
        "Diluted EPS": 5.07,
        "Basic EPS": 5.08,
        "Diluted NI Availto Com Stockholders": 14317000000.0,
        "Net Income Common Stockholders": 14317000000.0,
        "Otherunder Preferred Stock Dividend": 71000000.0,
        "Preferred Stock Dividends": 255000000.0,
        "Net Income": 14643000000.0,
        "Net Income Including Noncontrolling Interests": 14643000000.0,
        "Net Income Continuous Operations": 14643000000.0,
        "Tax Provision": 3765000000.0,
        "Pretax Income": 18408000000.0,
        "Special Income Charges": -444000000.0,
        "Other Special Charges": 444000000.0,
        "Restructuring And Mergern Acquisition": NaN,
        "Gain On Sale Of Security": -20000000.0,
        "Selling General And Administration": 15731000000.0,
        "Selling And Marketing Expense": 1304000000.0,
        "General And Administrative Expense": 14427000000.0,
        "Insurance And Claims": 334000000.0,
        "Salaries And Wages": 14093000000.0,
        "Total Revenue": 45327000000.0,
        "Operating Revenue": 45327000000.0,
        "Occupancy And Equipment": 3880000000.0,
        "Professional Expense And Contract Services Expense": 2839000000.0,
        "Other Non Interest Expense": 703000000.0
    },
    "2025-06-30": {
        "Tax Effect Of Unusual Items": -14065084.226646,
        "Tax Rate For Calcs": 0.180322,
        "Total Unusual Items": -78000000.0,
        "Total Unusual Items Excluding Goodwill": -78000000.0,
        "Net Income From Continuing Operation Net Minority Interest": 14987000000.0,
        "Reconciled Depreciation": 2210000000.0,
        "Net Interest Income": 23209000000.0,
        "Interest Expense": 25032000000.0,
        "Interest Income": 48241000000.0,
        "Normalized Income": 15050934915.773354,
        "Net Income From Continuing And Discontinued Operation": 14987000000.0,
        "Diluted Average Shares": 2793700000.0,
        "Basic Average Shares": 2788700000.0,
        "Diluted EPS": 5.24,
        "Basic EPS": 5.25,
        "Diluted NI Availto Com Stockholders": 14630000000.0,
        "Net Income Common Stockholders": 14630000000.0,
        "Otherunder Preferred Stock Dividend": 75000000.0,
        "Preferred Stock Dividends": 282000000.0,
        "Net Income": 14987000000.0,
        "Net Income Including Noncontrolling Interests": 14987000000.0,
        "Net Income Continuous Operations": 14987000000.0,
        "Tax Provision": 3297000000.0,
        "Pretax Income": 18284000000.0,
        "Special Income Charges": -78000000.0,
        "Other Special Charges": 78000000.0,
        "Restructuring And Mergern Acquisition": NaN,
        "Gain On Sale Of Security": -44000000.0,
        "Selling General And Administration": 14989000000.0,
        "Selling And Marketing Expense": 1279000000.0,
        "General And Administrative Expense": 13710000000.0,
        "Insurance And Claims": NaN,
        "Salaries And Wages": 13710000000.0,
        "Total Revenue": 44882000000.0,
        "Operating Revenue": 44882000000.0,
        "Occupancy And Equipment": 3968000000.0,
        "Professional Expense And Contract Services Expense": 3006000000.0,
        "Other Non Interest Expense": 1698000000.0
    },
    "2025-09-30": {
        "Tax Effect Of Unusual Items": 0.0,
        "Tax Rate For Calcs": 0.232087,
        "Total Unusual Items": 0.0,
        "Total Unusual Items Excluding Goodwill": 0.0,
        "Net Income From Continuing Operation Net Minority Interest": 14393000000.0,
        "Reconciled Depreciation": 2269000000.0,
        "Net Interest Income": 23966000000.0,
        "Interest Expense": 25473000000.0,
        "Interest Income": 49439000000.0,
        "Normalized Income": 14393000000.0,
        "Net Income From Continuing And Discontinued Operation": 14393000000.0,
        "Diluted Average Shares": 2767600000.0,
        "Basic Average Shares": 2762400000.0,
        "Diluted EPS": 5.07,
        "Basic EPS": 5.08,
        "Diluted NI Availto Com Stockholders": 14043000000.0,
        "Net Income Common Stockholders": 14043000000.0,
        "Otherunder Preferred Stock Dividend": 68000000.0,
        "Preferred Stock Dividends": 282000000.0,
        "Net Income": 14393000000.0,
        "Net Income Including Noncontrolling Interests": 14393000000.0,
        "Net Income Continuous Operations": 14393000000.0,
        "Tax Provision": 4350000000.0,
        "Pretax Income": 18743000000.0,
        "Special Income Charges": 0.0,
        "Other Special Charges": NaN,
        "Restructuring And Mergern Acquisition": 0.0,
        "Gain On Sale Of Security": 108000000.0,
        "Selling General And Administration": 15046000000.0,
        "Selling And Marketing Expense": 1480000000.0,
        "General And Administrative Expense": 13566000000.0,
        "Insurance And Claims": NaN,
        "Salaries And Wages": 13566000000.0,
        "Total Revenue": 46430000000.0,
        "Operating Revenue": 46430000000.0,
        "Occupancy And Equipment": 4259000000.0,
        "Professional Expense And Contract Services Expense": 3173000000.0,
        "Other Non Interest Expense": 1803000000.0
    },
    "2025-12-31": {
        "Tax Effect Of Unusual Items": NaN,
        "Tax Rate For Calcs": NaN,
        "Total Unusual Items": NaN,
        "Total Unusual Items Excluding Goodwill": NaN,
        "Net Income From Continuing Operation Net Minority Interest": NaN,
        "Reconciled Depreciation": NaN,
        "Net Interest Income": NaN,
        "Interest Expense": NaN,
        "Interest Income": NaN,
        "Normalized Income": NaN,
        "Net Income From Continuing And Discontinued Operation": NaN,
        "Diluted Average Shares": 2740500000.0,
        "Basic Average Shares": 2735300000.0,
        "Diluted EPS": 4.63,
        "Basic EPS": 4.64,
        "Diluted NI Availto Com Stockholders": NaN,
        "Net Income Common Stockholders": NaN,
        "Otherunder Preferred Stock Dividend": NaN,
        "Preferred Stock Dividends": NaN,
        "Net Income": NaN,
        "Net Income Including Noncontrolling Interests": NaN,
        "Net Income Continuous Operations": NaN,
        "Tax Provision": NaN,
        "Pretax Income": NaN,
        "Special Income Charges": NaN,
        "Other Special Charges": NaN,
        "Restructuring And Mergern Acquisition": NaN,
        "Gain On Sale Of Security": NaN,
        "Selling General And Administration": NaN,
        "Selling And Marketing Expense": NaN,
        "General And Administrative Expense": NaN,
        "Insurance And Claims": NaN,
        "Salaries And Wages": NaN,
        "Total Revenue": NaN,
        "Operating Revenue": NaN,
        "Occupancy And Equipment": NaN,
        "Professional Expense And Contract Services Expense": NaN,
        "Other Non Interest Expense": NaN
    }
}