{
    "2023-04-30": {
        "Tax Effect Of Unusual Items": NaN,
        "Tax Rate For Calcs": NaN,
        "Normalized EBITDA": NaN,
        "Total Unusual Items": NaN,
        "Total Unusual Items Excluding Goodwill": NaN,
        "Net Income From Continuing Operation Net Minority Interest": NaN,
        "Reconciled Depreciation": NaN,
        "Reconciled Cost Of Revenue": NaN,
        "EBITDA": NaN,
        "EBIT": NaN,
        "Net Interest Income": NaN,
        "Interest Expense": NaN,
        "Interest Income": NaN,
        "Normalized Income": NaN,
        "Net Income From Continuing And Discontinued Operation": NaN,
        "Total Expenses": NaN,
        "Diluted Average Shares": NaN,
        "Basic Average Shares": NaN,
        "Diluted EPS": NaN,
        "Basic EPS": NaN,
        "Diluted NI Availto Com Stockholders": NaN,
        "Net Income Common Stockholders": NaN,
        "Net Income": NaN,
        "Net Income Including Noncontrolling Interests": NaN,
        "Net Income Continuous Operations": NaN,
        "Tax Provision": NaN,
        "Pretax Income": NaN,
        "Other Income Expense": -309000000.0,
        "Special Income Charges": NaN,
        "Gain On Sale Of Business": NaN,
        "Net Non Operating Interest Income Expense": NaN,
        "Interest Expense Non Operating": NaN,
        "Interest Income Non Operating": NaN,
        "Operating Income": NaN,
        "Operating Expense": NaN,
        "Selling General And Administration": NaN,
        "Gross Profit": NaN,
        "Cost Of Revenue": NaN,
        "Total Revenue": NaN,
        "Operating Revenue": NaN
    },
    "2023-01-31": {
        "Tax Effect Of Unusual Items": 0.0,
        "Tax Rate For Calcs": 0.25625,
        "Normalized EBITDA": 392000000.0,
        "Total Unusual Items": NaN,
        "Total Unusual Items Excluding Goodwill": NaN,
        "Net Income From Continuing Operation Net Minority Interest": 119000000.0,
        "Reconciled Depreciation": 195000000.0,
        "Reconciled Cost Of Revenue": 2808000000.0,
        "EBITDA": 392000000.0,
        "EBIT": 197000000.0,
        "Net Interest Income": -27000000.0,
        "Interest Expense": 37000000.0,
        "Normalized Income": 119000000.0,
        "Net Income From Continuing And Discontinued Operation": 119000000.0,
        "Total Expenses": 4132000000.0,
        "Diluted Average Shares": 161600000.0,
        "Basic Average Shares": 160100000.0,
        "Diluted EPS": 0.74,
        "Basic EPS": 0.75,
        "Diluted NI Availto Com Stockholders": 119000000.0,
        "Net Income Common Stockholders": 119000000.0,
        "Net Income": 119000000.0,
        "Net Income Including Noncontrolling Interests": 119000000.0,
        "Net Income Continuous Operations": 119000000.0,
        "Tax Provision": 41000000.0,
        "Pretax Income": 160000000.0,
        "Other Income Expense": NaN,
        "Special Income Charges": NaN,
        "Gain On Sale Of Business": NaN,
        "Net Non Operating Interest Income Expense": -27000000.0,
        "Interest Expense Non Operating": 37000000.0,
        "Operating Income": 187000000.0,
        "Operating Expense": 1324000000.0,
        "Selling General And Administration": 1324000000.0,
        "Gross Profit": 1511000000.0,
        "Cost Of Revenue": 2808000000.0,
        "Total Revenue": 4319000000.0,
        "Operating Revenue": 4319000000.0
    },
    "2022-10-31": {
        "Tax Effect Of Unusual Items": NaN,
        "Tax Rate For Calcs": NaN,
        "Normalized EBITDA": NaN,
        "Total Unusual Items": 0.0,
        "Total Unusual Items Excluding Goodwill": 0.0,
        "Net Income From Continuing Operation Net Minority Interest": NaN,
        "Reconciled Depreciation": NaN,
        "Reconciled Cost Of Revenue": NaN,
        "EBITDA": NaN,
        "EBIT": NaN,
        "Net Interest Income": NaN,
        "Interest Expense": NaN,
        "Normalized Income": NaN,
        "Net Income From Continuing And Discontinued Operation": NaN,
        "Total Expenses": NaN,
        "Diluted Average Shares": NaN,
        "Basic Average Shares": NaN,
        "Diluted EPS": NaN,
        "Basic EPS": NaN,
        "Diluted NI Availto Com Stockholders": NaN,
        "Net Income Common Stockholders": NaN,
        "Net Income": NaN,
        "Net Income Including Noncontrolling Interests": NaN,
        "Net Income Continuous Operations": NaN,
        "Tax Provision": NaN,
        "Pretax Income": NaN,
        "Other Income Expense": NaN,
        "Special Income Charges": 0.0,
        "Gain On Sale Of Business": 0.0,
        "Net Non Operating Interest Income Expense": NaN,
        "Interest Expense Non Operating": NaN,
        "Operating Income": NaN,
        "Operating Expense": NaN,
        "Selling General And Administration": NaN,
        "Gross Profit": NaN,
        "Cost Of Revenue": NaN,
        "Total Revenue": NaN,
        "Operating Revenue": NaN
    },
    "2022-07-31": {
        "Tax Effect Of Unusual Items": 0.0,
        "Tax Rate For Calcs": 0.252,
        "Normalized EBITDA": 397000000.0,
        "Total Unusual Items": NaN,
        "Total Unusual Items Excluding Goodwill": NaN,
        "Net Income From Continuing Operation Net Minority Interest": 126000000.0,
        "Reconciled Depreciation": 195000000.0,
        "Reconciled Cost Of Revenue": 2586000000.0,
        "EBITDA": 397000000.0,
        "EBIT": 202000000.0,
        "Net Interest Income": -34000000.0,
        "Interest Expense": 34000000.0,
        "Normalized Income": 126000000.0,
        "Net Income From Continuing And Discontinued Operation": 126000000.0,
        "Total Expenses": 3893000000.0,
        "Diluted Average Shares": 162900000.0,
        "Basic Average Shares": 160600000.0,
        "Diluted EPS": 0.77,
        "Basic EPS": 0.78,
        "Diluted NI Availto Com Stockholders": 126000000.0,
        "Net Income Common Stockholders": 126000000.0,
        "Net Income": 126000000.0,
        "Net Income Including Noncontrolling Interests": 126000000.0,
        "Net Income Continuous Operations": 126000000.0,
        "Tax Provision": 42000000.0,
        "Pretax Income": 168000000.0,
        "Other Income Expense": NaN,
        "Other Non Operating Income Expenses": NaN,
        "Special Income Charges": NaN,
        "Gain On Sale Of Business": NaN,
        "Net Non Operating Interest Income Expense": -34000000.0,
        "Interest Expense Non Operating": 34000000.0,
        "Operating Income": 202000000.0,
        "Operating Expense": 1307000000.0,
        "Selling General And Administration": 1307000000.0,
        "Gross Profit": 1509000000.0,
        "Cost Of Revenue": 2586000000.0,
        "Total Revenue": 4095000000.0,
        "Operating Revenue": 4095000000.0
    },
    "2022-04-30": {
        "Diluted EPS": 0.13,
        "Total Revenue": NaN,
        "Gross Profit": NaN,
        "Operating Income": 73,
        "EBIT": 272,
        "Net Income": 20
    },
    "2022-01-31": {
        "Diluted EPS": 1.27,
        "Total Revenue": NaN,
        "Gross Profit": NaN,
        "Operating Income": 299,
        "EBIT": 482,
        "Net Income": 200
    },
    "2021-10-31": {
        "Diluted EPS": 0.39,
        "Total Revenue": NaN,
        "Gross Profit": NaN,
        "Operating Income": 127,
        "EBIT": 323,
        "Net Income": 64
    },
    "2021-07-31": {
        "Diluted EPS": 0.49,
        "Total Revenue": NaN,
        "Gross Profit": NaN,
        "Operating Income": 151,
        "EBIT": 357,
        "Net Income": 80
    },
    "2021-04-30": {
        "Diluted EPS": -1.05,
        "Total Revenue": NaN,
        "Gross Profit": 990,
        "Operating Income": -85,
        "EBIT": 120,
        "Net Income": -166
    },
    "2021-01-31": {
        "Diluted EPS": 0.22,
        "Total Revenue": NaN,
        "Gross Profit": NaN,
        "Operating Income": 30,
        "EBIT": 238,
        "Net Income": 33
    },
    "2020-10-31": {
        "Diluted EPS": 0.34,
        "Total Revenue": NaN,
        "Gross Profit": NaN,
        "Operating Income": 106,
        "EBIT": 310,
        "Net Income": 53
    },
    "2020-07-31": {
        "Diluted EPS": -1.62,
        "Total Revenue": NaN,
        "Gross Profit": 456,
        "Operating Income": -370,
        "EBIT": -26,
        "Net Income": -255
    },
    "2020-04-30": {
        "Diluted EPS": -3.33,
        "Total Revenue": NaN,
        "Gross Profit": 309,
        "Operating Income": -813,
        "EBIT": -593,
        "Net Income": -521
    },
    "2020-01-31": {
        "Diluted EPS": 1.24,
        "Total Revenue": NaN,
        "Gross Profit": NaN,
        "Operating Income": 298,
        "EBIT": 538,
        "Net Income": 192
    },
    "2019-10-31": {
        "Diluted EPS": 0.81,
        "Total Revenue": NaN,
        "Gross Profit": NaN,
        "Operating Income": 193,
        "EBIT": 393,
        "Net Income": 126
    },
    "2019-07-31": {
        "Diluted EPS": 0.9,
        "Total Revenue": NaN,
        "Gross Profit": NaN,
        "Operating Income": 216,
        "EBIT": 422,
        "Net Income": 141
    },
    "2019-04-30": {
        "Diluted EPS": 0.23,
        "Total Revenue": NaN,
        "Gross Profit": NaN,
        "Operating Income": 77,
        "EBIT": 285,
        "Net Income": 37
    },
    "2019-01-31": {
        "Diluted EPS": 1.47,
        "Total Revenue": NaN,
        "Gross Profit": NaN,
        "Operating Income": 333,
        "EBIT": 478,
        "Net Income": 248
    },
    "2018-10-31": {
        "Diluted EPS": 0.39,
        "Total Revenue": NaN,
        "Gross Profit": NaN,
        "Operating Income": 105,
        "EBIT": 250,
        "Net Income": 67
    },
    "2018-07-31": {
        "Diluted EPS": 0.95,
        "Total Revenue": NaN,
        "Gross Profit": NaN,
        "Operating Income": 246,
        "EBIT": 399,
        "Net Income": 162
    },
    "2018-04-30": {
        "Diluted EPS": 0.51,
        "Total Revenue": NaN,
        "Gross Profit": NaN,
        "Operating Income": 153,
        "EBIT": 304,
        "Net Income": 87
    },
    "2018-01-31": {
        "Diluted EPS": 0.9,
        "Total Revenue": NaN,
        "Gross Profit": NaN,
        "Operating Income": 350,
        "EBIT": 517,
        "Net Income": 150
    },
    "2017-10-31": {
        "Diluted EPS": 0.67,
        "Total Revenue": NaN,
        "Gross Profit": NaN,
        "Operating Income": 208,
        "EBIT": 353,
        "Net Income": 114
    },
    "2017-07-31": {
        "Diluted EPS": 0.65,
        "Total Revenue": NaN,
        "Gross Profit": NaN,
        "Operating Income": 217,
        "EBIT": 354,
        "Net Income": 110
    },
    "2017-04-30": {
        "Diluted EPS": 0.37,
        "Total Revenue": NaN,
        "Gross Profit": NaN,
        "Operating Income": 151,
        "EBIT": 286,
        "Net Income": 63
    },
    "2017-01-31": {
        "Diluted EPS": 1.15,
        "Total Revenue": NaN,
        "Gross Profit": NaN,
        "Operating Income": 423,
        "EBIT": 571,
        "Net Income": 201
    },
    "2016-10-31": {
        "Diluted EPS": -0.06,
        "Total Revenue": NaN,
        "Gross Profit": NaN,
        "Operating Income": 55,
        "EBIT": 389,
        "Net Income": -10
    },
    "2016-07-31": {
        "Diluted EPS": 0.67,
        "Total Revenue": NaN,
        "Gross Profit": NaN,
        "Operating Income": 221,
        "EBIT": 367,
        "Net Income": 117
    },
    "2016-04-30": {
        "Diluted EPS": 0.26,
        "Total Revenue": NaN,
        "Gross Profit": NaN,
        "Operating Income": 106,
        "EBIT": 244,
        "Net Income": 46
    },
    "2016-01-31": {
        "Diluted EPS": 0.98,
        "Total Revenue": NaN,
        "Gross Profit": NaN,
        "Operating Income": 324,
        "EBIT": 519,
        "Net Income": 180
    },
    "2015-10-31": {
        "Diluted EPS": 0.42,
        "Total Revenue": NaN,
        "Gross Profit": NaN,
        "Operating Income": 155,
        "EBIT": 290,
        "Net Income": 81
    },
    "2015-07-31": {
        "Diluted EPS": 1.09,
        "Total Revenue": NaN,
        "Gross Profit": NaN,
        "Operating Income": 377,
        "EBIT": 444,
        "Net Income": 211
    },
    "2015-04-30": {
        "Diluted EPS": 0.66,
        "Total Revenue": NaN,
        "Gross Profit": NaN,
        "Operating Income": 245,
        "EBIT": 360,
        "Net Income": 128
    },
    "2015-01-31": {
        "Diluted EPS": 1.32,
        "Total Revenue": NaN,
        "Gross Profit": NaN,
        "Operating Income": 465,
        "EBIT": 577,
        "Net Income": 255
    },
    "2014-10-31": {
        "Diluted EPS": 0.73,
        "Total Revenue": NaN,
        "Gross Profit": NaN,
        "Operating Income": 262,
        "EBIT": 378,
        "Net Income": 142
    },
    "2014-07-31": {
        "Diluted EPS": 0.95,
        "Total Revenue": NaN,
        "Gross Profit": NaN,
        "Operating Income": 331,
        "EBIT": 435,
        "Net Income": 183
    },
    "2014-04-30": {
        "Diluted EPS": 0.72,
        "Total Revenue": NaN,
        "Gross Profit": NaN,
        "Operating Income": 265,
        "EBIT": 365,
        "Net Income": 140
    },
    "2014-01-31": {
        "Diluted EPS": 1.36,
        "Total Revenue": NaN,
        "Gross Profit": NaN,
        "Operating Income": 487,
        "EBIT": 591,
        "Net Income": 268
    },
    "2013-10-31": {
        "Diluted EPS": 0.69,
        "Total Revenue": NaN,
        "Gross Profit": NaN,
        "Operating Income": 253,
        "EBIT": 357,
        "Net Income": 137
    },
    "2013-07-31": {
        "Diluted EPS": 0.93,
        "Total Revenue": NaN,
        "Gross Profit": NaN,
        "Operating Income": 335,
        "EBIT": 430,
        "Net Income": 184
    },
    "2013-04-30": {
        "Diluted EPS": 0.73,
        "Total Revenue": NaN,
        "Gross Profit": NaN,
        "Operating Income": 275,
        "EBIT": 368,
        "Net Income": 145
    },
    "2013-01-31": {
        "Diluted EPS": 1.4,
        "Total Revenue": NaN,
        "Gross Profit": NaN,
        "Operating Income": 498,
        "EBIT": 597,
        "Net Income": 284
    },
    "2012-10-31": {
        "Diluted EPS": 0.71,
        "Total Revenue": NaN,
        "Gross Profit": NaN,
        "Operating Income": 277,
        "EBIT": 369,
        "Net Income": 146
    },
    "2012-07-31": {
        "Diluted EPS": 0.75,
        "Total Revenue": NaN,
        "Gross Profit": NaN,
        "Operating Income": 290,
        "EBIT": 382,
        "Net Income": 156
    },
    "2012-04-30": {
        "Diluted EPS": 0.7,
        "Total Revenue": NaN,
        "Gross Profit": NaN,
        "Operating Income": 280,
        "EBIT": 363,
        "Net Income": 149
    },
    "2012-01-31": {
        "Diluted EPS": 1.1,
        "Total Revenue": NaN,
        "Gross Profit": NaN,
        "Operating Income": 417,
        "EBIT": 510,
        "Net Income": 236
    },
    "2011-10-31": {
        "Diluted EPS": 0.59,
        "Total Revenue": NaN,
        "Gross Profit": 967,
        "Operating Income": 240,
        "EBIT": 321,
        "Net Income": 127
    },
    "2011-07-31": {
        "Diluted EPS": 0.8,
        "Total Revenue": NaN,
        "Gross Profit": NaN,
        "Operating Income": 320,
        "EBIT": 399,
        "Net Income": 175
    },
    "2011-04-30": {
        "Diluted EPS": 0.65,
        "Total Revenue": NaN,
        "Gross Profit": 938,
        "Operating Income": 272,
        "EBIT": 344,
        "Net Income": 145
    },
    "2011-01-31": {
        "Diluted EPS": 1.04,
        "Total Revenue": NaN,
        "Gross Profit": NaN,
        "Operating Income": 406,
        "EBIT": 475,
        "Net Income": 232
    },
    "2010-10-31": {
        "Diluted EPS": 0.53,
        "Total Revenue": NaN,
        "Gross Profit": 851,
        "Operating Income": 221,
        "EBIT": 290,
        "Net Income": 119
    },
    "2010-07-31": {
        "Diluted EPS": 0.66,
        "Total Revenue": NaN,
        "Gross Profit": 950,
        "Operating Income": 272,
        "EBIT": 343,
        "Net Income": 146
    },
    "2010-04-30": {
        "Diluted EPS": 0.52,
        "Total Revenue": NaN,
        "Gross Profit": 844,
        "Operating Income": 219,
        "EBIT": 283,
        "Net Income": 116
    },
    "2010-01-31": {
        "Diluted EPS": 0.78,
        "Total Revenue": NaN,
        "Gross Profit": NaN,
        "Operating Income": 310,
        "EBIT": 378,
        "Net Income": 172
    },
    "2009-10-31": {
        "Diluted EPS": 0.38,
        "Total Revenue": NaN,
        "Gross Profit": 753,
        "Operating Income": 172,
        "EBIT": 241,
        "Net Income": 83
    },
    "2009-07-31": {
        "Diluted EPS": 0.48,
        "Total Revenue": NaN,
        "Gross Profit": 814,
        "Operating Income": 206,
        "EBIT": 273,
        "Net Income": 105
    },
    "2009-04-30": {
        "Diluted EPS": 0.37,
        "Total Revenue": NaN,
        "Gross Profit": 685,
        "Operating Income": 146,
        "EBIT": 213,
        "Net Income": 81
    },
    "2009-01-31": {
        "Diluted EPS": 0.31,
        "Total Revenue": NaN,
        "Gross Profit": 821,
        "Operating Income": 156,
        "EBIT": 245,
        "Net Income": 68
    },
    "2023-07-31": {
        "Tax Effect Of Unusual Items": NaN,
        "Tax Rate For Calcs": NaN,
        "Normalized EBITDA": NaN,
        "Total Unusual Items": NaN,
        "Total Unusual Items Excluding Goodwill": NaN,
        "Net Income From Continuing Operation Net Minority Interest": NaN,
        "Reconciled Depreciation": NaN,
        "Reconciled Cost Of Revenue": NaN,
        "EBITDA": NaN,
        "EBIT": NaN,
        "Net Interest Income": NaN,
        "Interest Expense": NaN,
        "Interest Income": 8000000.0,
        "Normalized Income": NaN,
        "Net Income From Continuing And Discontinued Operation": NaN,
        "Total Expenses": NaN,
        "Diluted Average Shares": NaN,
        "Basic Average Shares": NaN,
        "Diluted EPS": NaN,
        "Basic EPS": NaN,
        "Diluted NI Availto Com Stockholders": NaN,
        "Net Income Common Stockholders": NaN,
        "Net Income": NaN,
        "Net Income Including Noncontrolling Interests": NaN,
        "Net Income Continuous Operations": NaN,
        "Tax Provision": NaN,
        "Pretax Income": NaN,
        "Other Income Expense": NaN,
        "Special Income Charges": NaN,
        "Gain On Sale Of Business": NaN,
        "Net Non Operating Interest Income Expense": NaN,
        "Interest Expense Non Operating": NaN,
        "Interest Income Non Operating": 8000000.0,
        "Operating Income": NaN,
        "Operating Expense": NaN,
        "Selling General And Administration": NaN,
        "Gross Profit": NaN,
        "Cost Of Revenue": NaN,
        "Total Revenue": NaN,
        "Operating Revenue": NaN
    },
    "2023-10-31": {
        "Tax Effect Of Unusual Items": 3550000.0,
        "Tax Rate For Calcs": 0.142,
        "Normalized EBITDA": 268000000.0,
        "Total Unusual Items": 25000000.0,
        "Total Unusual Items Excluding Goodwill": 25000000.0,
        "Net Income From Continuing Operation Net Minority Interest": 67000000.0,
        "Reconciled Depreciation": 191000000.0,
        "Reconciled Cost Of Revenue": 2080000000.0,
        "EBITDA": 293000000.0,
        "EBIT": 102000000.0,
        "Net Interest Income": -24000000.0,
        "Interest Expense": 24000000.0,
        "Interest Income": NaN,
        "Normalized Income": 45550000.0,
        "Net Income From Continuing And Discontinued Operation": 67000000.0,
        "Total Expenses": 3243000000.0,
        "Diluted Average Shares": 163600000.0,
        "Basic Average Shares": 162000000.0,
        "Diluted EPS": 0.41,
        "Basic EPS": 0.41,
        "Diluted NI Availto Com Stockholders": 67000000.0,
        "Net Income Common Stockholders": 67000000.0,
        "Net Income": 67000000.0,
        "Net Income Including Noncontrolling Interests": 67000000.0,
        "Net Income Continuous Operations": 67000000.0,
        "Tax Provision": 11000000.0,
        "Pretax Income": 78000000.0,
        "Other Income Expense": 25000000.0,
        "Special Income Charges": 25000000.0,
        "Gain On Sale Of Business": 25000000.0,
        "Net Non Operating Interest Income Expense": -24000000.0,
        "Interest Expense Non Operating": 24000000.0,
        "Interest Income Non Operating": NaN,
        "Operating Income": 77000000.0,
        "Operating Expense": 1163000000.0,
        "Selling General And Administration": 1163000000.0,
        "Gross Profit": 1240000000.0,
        "Cost Of Revenue": 2080000000.0,
        "Total Revenue": 3320000000.0,
        "Operating Revenue": 3320000000.0
    },
    "2024-01-31": {
        "Tax Effect Of Unusual Items": 0.0,
        "Tax Rate For Calcs": 0.294737,
        "Normalized EBITDA": 457000000.0,
        "Total Unusual Items": 0.0,
        "Total Unusual Items Excluding Goodwill": 0.0,
        "Net Income From Continuing Operation Net Minority Interest": 134000000.0,
        "Reconciled Depreciation": 208000000.0,
        "Reconciled Cost Of Revenue": 2815000000.0,
        "EBITDA": 457000000.0,
        "EBIT": 249000000.0,
        "Net Interest Income": -26000000.0,
        "Interest Expense": 59000000.0,
        "Interest Income": NaN,
        "Normalized Income": 134000000.0,
        "Net Income From Continuing And Discontinued Operation": 134000000.0,
        "Total Expenses": 4204000000.0,
        "Diluted Average Shares": 164600000.0,
        "Basic Average Shares": 162500000.0,
        "Diluted EPS": 0.82,
        "Basic EPS": 0.83,
        "Diluted NI Availto Com Stockholders": 134000000.0,
        "Net Income Common Stockholders": 134000000.0,
        "Net Income": 134000000.0,
        "Net Income Including Noncontrolling Interests": 134000000.0,
        "Net Income Continuous Operations": 134000000.0,
        "Tax Provision": 56000000.0,
        "Pretax Income": 190000000.0,
        "Other Income Expense": 0.0,
        "Special Income Charges": 0.0,
        "Gain On Sale Of Business": 0.0,
        "Net Non Operating Interest Income Expense": -26000000.0,
        "Interest Expense Non Operating": 59000000.0,
        "Interest Income Non Operating": NaN,
        "Operating Income": 216000000.0,
        "Operating Expense": 1389000000.0,
        "Selling General And Administration": 1389000000.0,
        "Gross Profit": 1605000000.0,
        "Cost Of Revenue": 2815000000.0,
        "Total Revenue": 4420000000.0,
        "Operating Revenue": 4420000000.0
    },
    "2024-04-30": {
        "Tax Effect Of Unusual Items": 0.0,
        "Tax Rate For Calcs": 0.175,
        "Normalized EBITDA": 178000000.0,
        "Total Unusual Items": 0.0,
        "Total Unusual Items Excluding Goodwill": 0.0,
        "Net Income From Continuing Operation Net Minority Interest": -39000000.0,
        "Reconciled Depreciation": 199000000.0,
        "Reconciled Cost Of Revenue": 2203000000.0,
        "EBITDA": 178000000.0,
        "EBIT": -21000000.0,
        "Net Interest Income": -27000000.0,
        "Interest Expense": 27000000.0,
        "Interest Income": NaN,
        "Normalized Income": -39000000.0,
        "Net Income From Continuing And Discontinued Operation": -39000000.0,
        "Total Expenses": 3356000000.0,
        "Diluted Average Shares": 163200000.0,
        "Basic Average Shares": 163200000.0,
        "Diluted EPS": -0.24,
        "Basic EPS": -0.24,
        "Diluted NI Availto Com Stockholders": -39000000.0,
        "Net Income Common Stockholders": -39000000.0,
        "Net Income": -39000000.0,
        "Net Income Including Noncontrolling Interests": -39000000.0,
        "Net Income Continuous Operations": -39000000.0,
        "Tax Provision": -9000000.0,
        "Pretax Income": -48000000.0,
        "Other Income Expense": NaN,
        "Special Income Charges": 0.0,
        "Gain On Sale Of Business": 0.0,
        "Net Non Operating Interest Income Expense": -27000000.0,
        "Interest Expense Non Operating": 27000000.0,
        "Interest Income Non Operating": NaN,
        "Operating Income": -21000000.0,
        "Operating Expense": 1153000000.0,
        "Selling General And Administration": 1153000000.0,
        "Gross Profit": 1132000000.0,
        "Cost Of Revenue": 2203000000.0,
        "Total Revenue": 3335000000.0,
        "Operating Revenue": 3335000000.0
    },
    "2024-07-31": {
        "Tax Effect Of Unusual Items": 0.0,
        "Tax Rate For Calcs": 0.257,
        "Normalized EBITDA": 395000000.0,
        "Total Unusual Items": 0.0,
        "Total Unusual Items Excluding Goodwill": 0.0,
        "Net Income From Continuing Operation Net Minority Interest": 122000000.0,
        "Reconciled Depreciation": 198000000.0,
        "Reconciled Cost Of Revenue": 2401000000.0,
        "EBITDA": 395000000.0,
        "EBIT": 197000000.0,
        "Net Interest Income": -26000000.0,
        "Interest Expense": 33000000.0,
        "Interest Income": 7000000.0,
        "Normalized Income": 122000000.0,
        "Net Income From Continuing And Discontinued Operation": 122000000.0,
        "Total Expenses": 3704000000.0,
        "Diluted Average Shares": 168800000.0,
        "Basic Average Shares": 164100000.0,
        "Diluted EPS": 0.72,
        "Basic EPS": 0.74,
        "Diluted NI Availto Com Stockholders": 122000000.0,
        "Net Income Common Stockholders": 122000000.0,
        "Net Income": 122000000.0,
        "Net Income Including Noncontrolling Interests": 122000000.0,
        "Net Income Continuous Operations": 122000000.0,
        "Tax Provision": 42000000.0,
        "Pretax Income": 164000000.0,
        "Other Income Expense": NaN,
        "Special Income Charges": 0.0,
        "Gain On Sale Of Business": 0.0,
        "Net Non Operating Interest Income Expense": -26000000.0,
        "Interest Expense Non Operating": 33000000.0,
        "Interest Income Non Operating": 7000000.0,
        "Operating Income": 190000000.0,
        "Operating Expense": 1303000000.0,
        "Selling General And Administration": 1303000000.0,
        "Gross Profit": 1493000000.0,
        "Cost Of Revenue": 2401000000.0,
        "Total Revenue": 3894000000.0,
        "Operating Revenue": 3894000000.0
    },
    "2024-10-31": {
        "Tax Effect Of Unusual Items": 0.0,
        "Tax Rate For Calcs": 0.189,
        "Normalized EBITDA": 294000000.0,
        "Total Unusual Items": 0.0,
        "Total Unusual Items Excluding Goodwill": 0.0,
        "Net Income From Continuing Operation Net Minority Interest": 46000000.0,
        "Reconciled Depreciation": 211000000.0,
        "Reconciled Cost Of Revenue": 2156000000.0,
        "EBITDA": 294000000.0,
        "EBIT": 83000000.0,
        "Net Interest Income": -26000000.0,
        "Interest Expense": 26000000.0,
        "Interest Income": NaN,
        "Normalized Income": 46000000.0,
        "Net Income From Continuing And Discontinued Operation": 46000000.0,
        "Total Expenses": 3381000000.0,
        "Diluted Average Shares": 169800000.0,
        "Basic Average Shares": 164600000.0,
        "Diluted EPS": 0.27,
        "Basic EPS": 0.28,
        "Diluted NI Availto Com Stockholders": 46000000.0,
        "Net Income Common Stockholders": 46000000.0,
        "Net Income": 46000000.0,
        "Net Income Including Noncontrolling Interests": 46000000.0,
        "Net Income Continuous Operations": 46000000.0,
        "Tax Provision": 11000000.0,
        "Pretax Income": 57000000.0,
        "Other Income Expense": NaN,
        "Special Income Charges": 0.0,
        "Gain On Sale Of Business": 0.0,
        "Net Non Operating Interest Income Expense": -26000000.0,
        "Interest Expense Non Operating": 26000000.0,
        "Interest Income Non Operating": NaN,
        "Operating Income": 83000000.0,
        "Operating Expense": 1225000000.0,
        "Selling General And Administration": 1225000000.0,
        "Gross Profit": 1308000000.0,
        "Cost Of Revenue": 2156000000.0,
        "Total Revenue": 3464000000.0,
        "Operating Revenue": 3464000000.0
    }
}