{
    "2023-03-31": {
        "Tax Effect Of Unusual Items": NaN,
        "Tax Rate For Calcs": NaN,
        "Normalized EBITDA": NaN,
        "Total Unusual Items": NaN,
        "Total Unusual Items Excluding Goodwill": NaN,
        "Net Income From Continuing Operation Net Minority Interest": NaN,
        "Reconciled Depreciation": NaN,
        "Reconciled Cost Of Revenue": 0.0,
        "EBITDA": NaN,
        "EBIT": NaN,
        "Net Interest Income": NaN,
        "Interest Expense": NaN,
        "Interest Income": NaN,
        "Normalized Income": NaN,
        "Net Income From Continuing And Discontinued Operation": NaN,
        "Total Expenses": NaN,
        "Total Operating Income As Reported": NaN,
        "Diluted Average Shares": NaN,
        "Basic Average Shares": NaN,
        "Diluted EPS": NaN,
        "Basic EPS": NaN,
        "Diluted NI Availto Com Stockholders": NaN,
        "Net Income Common Stockholders": NaN,
        "Net Income": NaN,
        "Net Income Including Noncontrolling Interests": NaN,
        "Net Income Continuous Operations": NaN,
        "Pretax Income": NaN,
        "Other Income Expense": NaN,
        "Other Non Operating Income Expenses": -1973000.0,
        "Special Income Charges": NaN,
        "Gain On Sale Of Business": NaN,
        "Restructuring And Mergern Acquisition": NaN,
        "Net Non Operating Interest Income Expense": NaN,
        "Interest Expense Non Operating": NaN,
        "Interest Income Non Operating": NaN,
        "Operating Income": NaN,
        "Operating Expense": NaN,
        "Other Operating Expenses": NaN,
        "Research And Development": NaN,
        "Selling General And Administration": NaN,
        "General And Administrative Expense": NaN,
        "Other Gand A": NaN,
        "Gross Profit": 0.0,
        "Cost Of Revenue": 0.0,
        "Total Revenue": NaN,
        "Operating Revenue": NaN
    },
    "2022-12-31": {
        "Tax Effect Of Unusual Items": NaN,
        "Tax Rate For Calcs": NaN,
        "Normalized EBITDA": NaN,
        "Total Unusual Items": NaN,
        "Total Unusual Items Excluding Goodwill": NaN,
        "Net Income From Continuing Operation Net Minority Interest": NaN,
        "Reconciled Depreciation": NaN,
        "Reconciled Cost Of Revenue": 0.0,
        "EBITDA": NaN,
        "EBIT": NaN,
        "Net Interest Income": NaN,
        "Interest Expense": NaN,
        "Interest Income": NaN,
        "Normalized Income": NaN,
        "Net Income From Continuing And Discontinued Operation": NaN,
        "Total Expenses": NaN,
        "Total Operating Income As Reported": NaN,
        "Diluted Average Shares": NaN,
        "Basic Average Shares": NaN,
        "Diluted EPS": NaN,
        "Basic EPS": NaN,
        "Diluted NI Availto Com Stockholders": NaN,
        "Net Income Common Stockholders": NaN,
        "Net Income": NaN,
        "Net Income Including Noncontrolling Interests": NaN,
        "Net Income Continuous Operations": NaN,
        "Pretax Income": NaN,
        "Other Income Expense": NaN,
        "Other Non Operating Income Expenses": -1369000.0,
        "Special Income Charges": NaN,
        "Gain On Sale Of Business": 0.0,
        "Other Special Charges": 0.0,
        "Restructuring And Mergern Acquisition": NaN,
        "Net Non Operating Interest Income Expense": NaN,
        "Interest Expense Non Operating": NaN,
        "Interest Income Non Operating": NaN,
        "Operating Income": NaN,
        "Operating Expense": NaN,
        "Other Operating Expenses": NaN,
        "Research And Development": NaN,
        "Selling General And Administration": NaN,
        "General And Administrative Expense": NaN,
        "Other Gand A": NaN,
        "Gross Profit": 0.0,
        "Cost Of Revenue": 0.0,
        "Total Revenue": NaN,
        "Operating Revenue": NaN
    },
    "2022-09-30": {
        "Tax Effect Of Unusual Items": NaN,
        "Tax Rate For Calcs": NaN,
        "Normalized EBITDA": NaN,
        "Total Unusual Items": NaN,
        "Total Unusual Items Excluding Goodwill": NaN,
        "Net Income From Continuing Operation Net Minority Interest": NaN,
        "Reconciled Depreciation": NaN,
        "Reconciled Cost Of Revenue": NaN,
        "EBITDA": NaN,
        "EBIT": NaN,
        "Net Interest Income": NaN,
        "Interest Expense": NaN,
        "Interest Income": NaN,
        "Normalized Income": NaN,
        "Net Income From Continuing And Discontinued Operation": NaN,
        "Total Expenses": NaN,
        "Total Operating Income As Reported": NaN,
        "Diluted Average Shares": NaN,
        "Basic Average Shares": NaN,
        "Diluted EPS": NaN,
        "Basic EPS": NaN,
        "Diluted NI Availto Com Stockholders": NaN,
        "Net Income Common Stockholders": NaN,
        "Net Income": NaN,
        "Net Income Including Noncontrolling Interests": NaN,
        "Net Income Continuous Operations": NaN,
        "Pretax Income": NaN,
        "Other Income Expense": NaN,
        "Other Non Operating Income Expenses": NaN,
        "Special Income Charges": NaN,
        "Gain On Sale Of Business": 46995000.0,
        "Other Special Charges": 2583000.0,
        "Restructuring And Mergern Acquisition": NaN,
        "Net Non Operating Interest Income Expense": NaN,
        "Interest Expense Non Operating": NaN,
        "Interest Income Non Operating": NaN,
        "Operating Income": NaN,
        "Operating Expense": NaN,
        "Other Operating Expenses": NaN,
        "Research And Development": NaN,
        "Selling General And Administration": NaN,
        "Gross Profit": NaN,
        "Cost Of Revenue": NaN,
        "Total Revenue": NaN,
        "Operating Revenue": NaN
    },
    "2022-06-30": {
        "Tax Effect Of Unusual Items": 0.0,
        "Tax Rate For Calcs": 0.0,
        "Normalized EBITDA": -26603000.0,
        "Total Unusual Items": 848000.0,
        "Total Unusual Items Excluding Goodwill": 848000.0,
        "Net Income From Continuing Operation Net Minority Interest": -28111000.0,
        "Reconciled Depreciation": 149000.0,
        "Reconciled Cost Of Revenue": 1774000.0,
        "EBITDA": -25755000.0,
        "EBIT": -25904000.0,
        "Net Interest Income": -2139000.0,
        "Interest Expense": 2207000.0,
        "Interest Income": 68000.0,
        "Normalized Income": -28959000.0,
        "Net Income From Continuing And Discontinued Operation": -28111000.0,
        "Total Expenses": 28920000.0,
        "Total Operating Income As Reported": -25972000.0,
        "Diluted Average Shares": 1485888.0,
        "Basic Average Shares": 1485888.0,
        "Diluted EPS": -18.92,
        "Basic EPS": -18.92,
        "Diluted NI Availto Com Stockholders": -28111000.0,
        "Net Income Common Stockholders": -28111000.0,
        "Net Income": -28111000.0,
        "Net Income Including Noncontrolling Interests": -28111000.0,
        "Net Income Continuous Operations": -28111000.0,
        "Pretax Income": -28111000.0,
        "Other Income Expense": 848000.0,
        "Other Non Operating Income Expenses": 59000.0,
        "Special Income Charges": 848000.0,
        "Gain On Sale Of Business": NaN,
        "Other Special Charges": NaN,
        "Restructuring And Mergern Acquisition": -848000.0,
        "Net Non Operating Interest Income Expense": -2139000.0,
        "Interest Expense Non Operating": 2207000.0,
        "Interest Income Non Operating": 68000.0,
        "Operating Income": -26820000.0,
        "Operating Expense": 27146000.0,
        "Research And Development": 4473000.0,
        "Selling General And Administration": 22673000.0,
        "Gross Profit": 326000.0,
        "Cost Of Revenue": 1774000.0,
        "Total Revenue": 2100000.0,
        "Operating Revenue": 2100000.0
    },
    "2022-03-31": {
        "Diluted EPS": -22.18,
        "Total Revenue": 1,
        "Gross Profit": 1,
        "Operating Income": -31,
        "EBIT": -30,
        "Net Income": -33
    },
    "2021-12-31": {
        "Diluted EPS": -33.91,
        "Total Revenue": 2,
        "Gross Profit": 0,
        "Operating Income": -47,
        "EBIT": -46,
        "Net Income": -48
    },
    "2021-09-30": {
        "Diluted EPS": -21.41,
        "Total Revenue": 3,
        "Gross Profit": 2,
        "Operating Income": -26,
        "EBIT": -25,
        "Net Income": -28
    },
    "2021-06-30": {
        "Diluted EPS": -28.5,
        "Total Revenue": 3,
        "Gross Profit": 2,
        "Operating Income": -29,
        "EBIT": -28,
        "Net Income": -36
    },
    "2021-03-31": {
        "Diluted EPS": -24.5,
        "Total Revenue": 3,
        "Gross Profit": 3,
        "Operating Income": -28,
        "EBIT": -28,
        "Net Income": -30
    },
    "2020-12-31": {
        "Diluted EPS": -26.5,
        "Total Revenue": 2,
        "Gross Profit": 1,
        "Operating Income": -29,
        "EBIT": -28,
        "Net Income": -31
    },
    "2020-09-30": {
        "Diluted EPS": -25.0,
        "Total Revenue": 2,
        "Gross Profit": 2,
        "Operating Income": -26,
        "EBIT": -25,
        "Net Income": -28
    },
    "2020-06-30": {
        "Diluted EPS": -21.0,
        "Total Revenue": 1,
        "Gross Profit": 0,
        "Operating Income": -21,
        "EBIT": -21,
        "Net Income": -23
    },
    "2020-03-31": {
        "Diluted EPS": -27.0,
        "Total Revenue": 1,
        "Gross Profit": 1,
        "Operating Income": -20,
        "EBIT": -20,
        "Net Income": -22
    },
    "2019-12-31": {
        "Diluted EPS": -31.5,
        "Total Revenue": 1,
        "Gross Profit": 0,
        "Operating Income": -20,
        "EBIT": -20,
        "Net Income": -22
    },
    "2019-09-30": {
        "Diluted EPS": -34.0,
        "Total Revenue": 1,
        "Gross Profit": 1,
        "Operating Income": -22,
        "EBIT": -21,
        "Net Income": -23
    },
    "2019-06-30": {
        "Diluted EPS": -35.0,
        "Total Revenue": 2,
        "Gross Profit": 2,
        "Operating Income": -22,
        "EBIT": -22,
        "Net Income": -24
    },
    "2019-03-31": {
        "Diluted EPS": -37.5,
        "Total Revenue": 1,
        "Gross Profit": 1,
        "Operating Income": -24,
        "EBIT": -24,
        "Net Income": -25
    },
    "2018-12-31": {
        "Diluted EPS": -40.0,
        "Total Revenue": NaN,
        "Gross Profit": NaN,
        "Operating Income": -24,
        "EBIT": -24,
        "Net Income": -25
    },
    "2018-09-30": {
        "Diluted EPS": -31.5,
        "Total Revenue": NaN,
        "Gross Profit": NaN,
        "Operating Income": -15,
        "EBIT": -15,
        "Net Income": -16
    },
    "2018-06-30": {
        "Diluted EPS": -30.0,
        "Total Revenue": NaN,
        "Gross Profit": NaN,
        "Operating Income": -15,
        "EBIT": -14,
        "Net Income": -15
    },
    "2018-03-31": {
        "Diluted EPS": -23.0,
        "Total Revenue": NaN,
        "Gross Profit": NaN,
        "Operating Income": -11,
        "EBIT": -11,
        "Net Income": -11
    },
    "2017-12-31": {
        "Diluted EPS": 720.5,
        "Total Revenue": NaN,
        "Gross Profit": NaN,
        "Operating Income": -11,
        "EBIT": -11,
        "Net Income": -11
    },
    "2017-09-30": {
        "Diluted EPS": -28.0,
        "Total Revenue": NaN,
        "Gross Profit": NaN,
        "Operating Income": -10,
        "EBIT": -9,
        "Net Income": -10
    },
    "2017-06-30": {
        "Diluted EPS": -465.0,
        "Total Revenue": NaN,
        "Gross Profit": NaN,
        "Operating Income": -10,
        "EBIT": -9,
        "Net Income": -11
    },
    "2017-03-31": {
        "Diluted EPS": -413.0,
        "Total Revenue": NaN,
        "Gross Profit": NaN,
        "Operating Income": -10,
        "EBIT": -9,
        "Net Income": -10
    },
    "2016-12-31": {
        "Diluted EPS": 0.0,
        "Total Revenue": NaN,
        "Gross Profit": NaN,
        "Operating Income": NaN,
        "EBIT": NaN,
        "Net Income": NaN
    },
    "2016-09-30": {
        "Diluted EPS": -409.0,
        "Total Revenue": NaN,
        "Gross Profit": NaN,
        "Operating Income": -10,
        "EBIT": -10,
        "Net Income": -10
    },
    "2016-06-30": {
        "Diluted EPS": -417.0,
        "Total Revenue": NaN,
        "Gross Profit": NaN,
        "Operating Income": -10,
        "EBIT": -10,
        "Net Income": -10
    },
    "2015-12-31": {
        "Diluted EPS": 0.0,
        "Total Revenue": NaN,
        "Gross Profit": NaN,
        "Operating Income": NaN,
        "EBIT": NaN,
        "Net Income": NaN
    },
    "2023-06-30": {
        "Tax Effect Of Unusual Items": NaN,
        "Tax Rate For Calcs": NaN,
        "Normalized EBITDA": NaN,
        "Total Unusual Items": NaN,
        "Total Unusual Items Excluding Goodwill": NaN,
        "Net Income From Continuing Operation Net Minority Interest": NaN,
        "Reconciled Depreciation": NaN,
        "Reconciled Cost Of Revenue": 0.0,
        "EBITDA": NaN,
        "EBIT": NaN,
        "Net Interest Income": NaN,
        "Interest Expense": NaN,
        "Interest Income": NaN,
        "Normalized Income": NaN,
        "Net Income From Continuing And Discontinued Operation": NaN,
        "Total Expenses": NaN,
        "Total Operating Income As Reported": NaN,
        "Diluted Average Shares": NaN,
        "Basic Average Shares": NaN,
        "Diluted EPS": NaN,
        "Basic EPS": NaN,
        "Diluted NI Availto Com Stockholders": NaN,
        "Net Income Common Stockholders": NaN,
        "Net Income": NaN,
        "Net Income Including Noncontrolling Interests": NaN,
        "Net Income Continuous Operations": NaN,
        "Pretax Income": NaN,
        "Other Income Expense": NaN,
        "Other Non Operating Income Expenses": -119000.0,
        "Special Income Charges": NaN,
        "Gain On Sale Of Business": NaN,
        "Restructuring And Mergern Acquisition": NaN,
        "Net Non Operating Interest Income Expense": NaN,
        "Interest Expense Non Operating": NaN,
        "Interest Income Non Operating": NaN,
        "Operating Income": NaN,
        "Operating Expense": NaN,
        "Other Operating Expenses": NaN,
        "Research And Development": NaN,
        "Selling General And Administration": NaN,
        "General And Administrative Expense": NaN,
        "Other Gand A": NaN,
        "Gross Profit": 0.0,
        "Cost Of Revenue": 0.0,
        "Total Revenue": NaN,
        "Operating Revenue": NaN
    },
    "2023-09-30": {
        "Tax Effect Of Unusual Items": NaN,
        "Tax Rate For Calcs": NaN,
        "Normalized EBITDA": NaN,
        "Total Unusual Items": NaN,
        "Total Unusual Items Excluding Goodwill": NaN,
        "Net Income From Continuing Operation Net Minority Interest": NaN,
        "Reconciled Depreciation": NaN,
        "Reconciled Cost Of Revenue": 0.0,
        "EBITDA": NaN,
        "EBIT": NaN,
        "Net Interest Income": NaN,
        "Interest Expense": NaN,
        "Interest Income": NaN,
        "Normalized Income": NaN,
        "Net Income From Continuing And Discontinued Operation": NaN,
        "Total Expenses": NaN,
        "Total Operating Income As Reported": NaN,
        "Diluted Average Shares": NaN,
        "Basic Average Shares": NaN,
        "Diluted EPS": NaN,
        "Basic EPS": NaN,
        "Diluted NI Availto Com Stockholders": NaN,
        "Net Income Common Stockholders": NaN,
        "Net Income": NaN,
        "Net Income Including Noncontrolling Interests": NaN,
        "Net Income Continuous Operations": NaN,
        "Pretax Income": NaN,
        "Other Income Expense": NaN,
        "Other Non Operating Income Expenses": -2161000.0,
        "Special Income Charges": NaN,
        "Gain On Sale Of Business": 0.0,
        "Restructuring And Mergern Acquisition": NaN,
        "Net Non Operating Interest Income Expense": NaN,
        "Interest Expense Non Operating": NaN,
        "Interest Income Non Operating": NaN,
        "Operating Income": NaN,
        "Operating Expense": NaN,
        "Other Operating Expenses": NaN,
        "Research And Development": NaN,
        "Selling General And Administration": NaN,
        "General And Administrative Expense": NaN,
        "Other Gand A": NaN,
        "Gross Profit": 0.0,
        "Cost Of Revenue": 0.0,
        "Total Revenue": NaN,
        "Operating Revenue": NaN
    },
    "2023-12-31": {
        "Tax Effect Of Unusual Items": NaN,
        "Tax Rate For Calcs": NaN,
        "Normalized EBITDA": NaN,
        "Total Unusual Items": NaN,
        "Total Unusual Items Excluding Goodwill": NaN,
        "Net Income From Continuing Operation Net Minority Interest": NaN,
        "Reconciled Depreciation": NaN,
        "Reconciled Cost Of Revenue": 0.0,
        "EBITDA": NaN,
        "EBIT": NaN,
        "Net Interest Income": NaN,
        "Interest Expense": NaN,
        "Interest Income": NaN,
        "Normalized Income": NaN,
        "Net Income From Continuing And Discontinued Operation": NaN,
        "Total Expenses": NaN,
        "Total Operating Income As Reported": NaN,
        "Diluted Average Shares": NaN,
        "Basic Average Shares": NaN,
        "Diluted EPS": NaN,
        "Basic EPS": NaN,
        "Diluted NI Availto Com Stockholders": NaN,
        "Net Income Common Stockholders": NaN,
        "Net Income": NaN,
        "Net Income Including Noncontrolling Interests": NaN,
        "Net Income Continuous Operations": NaN,
        "Pretax Income": NaN,
        "Other Income Expense": NaN,
        "Other Non Operating Income Expenses": -5000.0,
        "Special Income Charges": NaN,
        "Gain On Sale Of Business": 0.0,
        "Restructuring And Mergern Acquisition": NaN,
        "Net Non Operating Interest Income Expense": NaN,
        "Interest Expense Non Operating": NaN,
        "Interest Income Non Operating": NaN,
        "Operating Income": NaN,
        "Operating Expense": NaN,
        "Other Operating Expenses": NaN,
        "Research And Development": NaN,
        "Selling General And Administration": NaN,
        "General And Administrative Expense": NaN,
        "Other Gand A": NaN,
        "Gross Profit": 0.0,
        "Cost Of Revenue": 0.0,
        "Total Revenue": NaN,
        "Operating Revenue": NaN
    },
    "2024-03-31": {
        "Tax Effect Of Unusual Items": 0.0,
        "Tax Rate For Calcs": 0.0,
        "Normalized EBITDA": -10128000.0,
        "Total Unusual Items": -158000.0,
        "Total Unusual Items Excluding Goodwill": -158000.0,
        "Net Income From Continuing Operation Net Minority Interest": -11807000.0,
        "Reconciled Depreciation": 66000.0,
        "Reconciled Cost Of Revenue": NaN,
        "EBITDA": -10286000.0,
        "EBIT": -10352000.0,
        "Net Interest Income": -951000.0,
        "Interest Expense": 1455000.0,
        "Interest Income": 504000.0,
        "Normalized Income": -11649000.0,
        "Net Income From Continuing And Discontinued Operation": -11807000.0,
        "Total Expenses": 10698000.0,
        "Total Operating Income As Reported": -11931000.0,
        "Diluted Average Shares": 2813210.0,
        "Basic Average Shares": 2813210.0,
        "Diluted EPS": -4.2,
        "Basic EPS": -4.2,
        "Diluted NI Availto Com Stockholders": -11807000.0,
        "Net Income Common Stockholders": -11807000.0,
        "Net Income": -11807000.0,
        "Net Income Including Noncontrolling Interests": -11807000.0,
        "Net Income Continuous Operations": -11807000.0,
        "Pretax Income": -11807000.0,
        "Other Income Expense": -158000.0,
        "Other Non Operating Income Expenses": NaN,
        "Special Income Charges": -158000.0,
        "Gain On Sale Of Business": NaN,
        "Restructuring And Mergern Acquisition": 158000.0,
        "Net Non Operating Interest Income Expense": -951000.0,
        "Interest Expense Non Operating": 1455000.0,
        "Interest Income Non Operating": 504000.0,
        "Operating Income": -10698000.0,
        "Operating Expense": 10698000.0,
        "Other Operating Expenses": -1075000.0,
        "Research And Development": 6351000.0,
        "Selling General And Administration": 5422000.0,
        "General And Administrative Expense": 5422000.0,
        "Other Gand A": 5422000.0,
        "Gross Profit": NaN,
        "Cost Of Revenue": NaN,
        "Total Revenue": 0.0,
        "Operating Revenue": 0.0
    },
    "2024-06-30": {
        "Tax Effect Of Unusual Items": 0.0,
        "Tax Rate For Calcs": 0.0,
        "Normalized EBITDA": -8089000.0,
        "Total Unusual Items": 29000.0,
        "Total Unusual Items Excluding Goodwill": 29000.0,
        "Net Income From Continuing Operation Net Minority Interest": -9579000.0,
        "Reconciled Depreciation": 61000.0,
        "EBITDA": -8060000.0,
        "EBIT": -8121000.0,
        "Net Interest Income": -954000.0,
        "Interest Expense": 1458000.0,
        "Interest Income": 504000.0,
        "Normalized Income": -9608000.0,
        "Net Income From Continuing And Discontinued Operation": -9579000.0,
        "Total Expenses": 8654000.0,
        "Total Operating Income As Reported": -9605000.0,
        "Diluted Average Shares": 3030213.0,
        "Basic Average Shares": 3030213.0,
        "Diluted EPS": -3.16,
        "Basic EPS": -3.16,
        "Diluted NI Availto Com Stockholders": -9579000.0,
        "Net Income Common Stockholders": -9579000.0,
        "Net Income": -9579000.0,
        "Net Income Including Noncontrolling Interests": -9579000.0,
        "Net Income Continuous Operations": -9579000.0,
        "Pretax Income": -9579000.0,
        "Other Income Expense": 29000.0,
        "Special Income Charges": 29000.0,
        "Restructuring And Mergern Acquisition": -29000.0,
        "Net Non Operating Interest Income Expense": -954000.0,
        "Interest Expense Non Operating": 1458000.0,
        "Interest Income Non Operating": 504000.0,
        "Operating Income": -8654000.0,
        "Operating Expense": 8654000.0,
        "Other Operating Expenses": -980000.0,
        "Research And Development": 5317000.0,
        "Selling General And Administration": 4317000.0,
        "General And Administrative Expense": 4317000.0,
        "Other Gand A": 4317000.0,
        "Total Revenue": 0.0,
        "Operating Revenue": 0.0
    },
    "2024-09-30": {
        "Tax Effect Of Unusual Items": 0.0,
        "Tax Rate For Calcs": 0.0,
        "Normalized EBITDA": -6989000.0,
        "Total Unusual Items": -420000.0,
        "Total Unusual Items Excluding Goodwill": -420000.0,
        "Net Income From Continuing Operation Net Minority Interest": -8950000.0,
        "Reconciled Depreciation": 63000.0,
        "EBITDA": -7409000.0,
        "EBIT": -7472000.0,
        "Net Interest Income": -908000.0,
        "Interest Expense": 1478000.0,
        "Interest Income": 570000.0,
        "Normalized Income": -8530000.0,
        "Net Income From Continuing And Discontinued Operation": -8950000.0,
        "Total Expenses": 7622000.0,
        "Total Operating Income As Reported": -9988000.0,
        "Diluted Average Shares": 4627578.0,
        "Basic Average Shares": 4627578.0,
        "Diluted EPS": -1.93,
        "Basic EPS": -1.93,
        "Diluted NI Availto Com Stockholders": -8950000.0,
        "Net Income Common Stockholders": -8950000.0,
        "Net Income": -8950000.0,
        "Net Income Including Noncontrolling Interests": -8950000.0,
        "Net Income Continuous Operations": -8950000.0,
        "Pretax Income": -8950000.0,
        "Other Income Expense": -420000.0,
        "Other Non Operating Income Expenses": NaN,
        "Special Income Charges": -420000.0,
        "Impairment Of Capital Assets": 0.0,
        "Restructuring And Mergern Acquisition": 420000.0,
        "Net Non Operating Interest Income Expense": -908000.0,
        "Interest Expense Non Operating": 1478000.0,
        "Interest Income Non Operating": 570000.0,
        "Operating Income": -7622000.0,
        "Operating Expense": 7622000.0,
        "Other Operating Expenses": -1946000.0,
        "Research And Development": 5168000.0,
        "Selling General And Administration": 4400000.0,
        "General And Administrative Expense": 4400000.0,
        "Other Gand A": 4400000.0,
        "Total Revenue": 0.0,
        "Operating Revenue": 0.0
    },
    "2024-12-31": {
        "Tax Effect Of Unusual Items": 0.0,
        "Tax Rate For Calcs": 0.0,
        "Normalized EBITDA": -6714000.0,
        "Total Unusual Items": 0.0,
        "Total Unusual Items Excluding Goodwill": 0.0,
        "Net Income From Continuing Operation Net Minority Interest": -8175000.0,
        "Reconciled Depreciation": 69000.0,
        "EBITDA": -6714000.0,
        "EBIT": -6783000.0,
        "Net Interest Income": -914000.0,
        "Interest Expense": 1392000.0,
        "Interest Income": 478000.0,
        "Normalized Income": -8175000.0,
        "Net Income From Continuing And Discontinued Operation": -8175000.0,
        "Total Expenses": 7261000.0,
        "Total Operating Income As Reported": -9459000.0,
        "Diluted Average Shares": 4694611.0,
        "Basic Average Shares": 4694611.0,
        "Diluted EPS": -1.74,
        "Basic EPS": -1.74,
        "Diluted NI Availto Com Stockholders": -8175000.0,
        "Net Income Common Stockholders": -8175000.0,
        "Net Income": -8175000.0,
        "Net Income Including Noncontrolling Interests": -8175000.0,
        "Net Income Continuous Operations": -8175000.0,
        "Pretax Income": -8175000.0,
        "Other Income Expense": 0.0,
        "Other Non Operating Income Expenses": NaN,
        "Special Income Charges": 0.0,
        "Impairment Of Capital Assets": NaN,
        "Restructuring And Mergern Acquisition": 0.0,
        "Net Non Operating Interest Income Expense": -914000.0,
        "Interest Expense Non Operating": 1392000.0,
        "Interest Income Non Operating": 478000.0,
        "Operating Income": -7261000.0,
        "Operating Expense": 7261000.0,
        "Other Operating Expenses": -2198000.0,
        "Research And Development": 5258000.0,
        "Selling General And Administration": 4201000.0,
        "General And Administrative Expense": 4201000.0,
        "Other Gand A": 4201000.0,
        "Total Revenue": 0.0,
        "Operating Revenue": 0.0
    },
    "2025-03-31": {
        "Tax Effect Of Unusual Items": 0.0,
        "Tax Rate For Calcs": 0.0,
        "Normalized EBITDA": -7767000.0,
        "Total Unusual Items": -21000.0,
        "Total Unusual Items Excluding Goodwill": -21000.0,
        "Net Income From Continuing Operation Net Minority Interest": -8947000.0,
        "Reconciled Depreciation": 68000.0,
        "EBITDA": -7788000.0,
        "EBIT": -7856000.0,
        "Net Interest Income": -628000.0,
        "Interest Expense": 1091000.0,
        "Interest Income": 463000.0,
        "Normalized Income": -8926000.0,
        "Net Income From Continuing And Discontinued Operation": -8947000.0,
        "Total Expenses": 8298000.0,
        "Total Operating Income As Reported": -10669000.0,
        "Diluted Average Shares": 6345869.0,
        "Basic Average Shares": 6345869.0,
        "Diluted EPS": -1.41,
        "Basic EPS": -1.41,
        "Diluted NI Availto Com Stockholders": -8947000.0,
        "Net Income Common Stockholders": -8947000.0,
        "Net Income": -8947000.0,
        "Net Income Including Noncontrolling Interests": -8947000.0,
        "Net Income Continuous Operations": -8947000.0,
        "Pretax Income": -8947000.0,
        "Other Income Expense": -21000.0,
        "Other Non Operating Income Expenses": NaN,
        "Special Income Charges": -21000.0,
        "Impairment Of Capital Assets": NaN,
        "Restructuring And Mergern Acquisition": 21000.0,
        "Net Non Operating Interest Income Expense": -628000.0,
        "Interest Expense Non Operating": 1091000.0,
        "Interest Income Non Operating": 463000.0,
        "Operating Income": -8298000.0,
        "Operating Expense": 8298000.0,
        "Other Operating Expenses": -2350000.0,
        "Research And Development": 6055000.0,
        "Selling General And Administration": 4593000.0,
        "General And Administrative Expense": 4593000.0,
        "Other Gand A": 4593000.0,
        "Total Revenue": 0.0,
        "Operating Revenue": 0.0
    },
    "2025-06-30": {
        "Tax Effect Of Unusual Items": 0.0,
        "Tax Rate For Calcs": 0.0,
        "Normalized EBITDA": -9854000.0,
        "Total Unusual Items": -153000.0,
        "Total Unusual Items Excluding Goodwill": -153000.0,
        "Net Income From Continuing Operation Net Minority Interest": -11155000.0,
        "Reconciled Depreciation": 67000.0,
        "EBITDA": -10007000.0,
        "EBIT": -10074000.0,
        "Net Interest Income": -674000.0,
        "Interest Expense": 1081000.0,
        "Interest Income": 407000.0,
        "Normalized Income": -11002000.0,
        "Net Income From Continuing And Discontinued Operation": -11155000.0,
        "Total Expenses": 10328000.0,
        "Total Operating Income As Reported": -11028000.0,
        "Diluted Average Shares": 6513108.0,
        "Basic Average Shares": 6513108.0,
        "Diluted EPS": -1.71,
        "Basic EPS": -1.71,
        "Diluted NI Availto Com Stockholders": -11155000.0,
        "Net Income Common Stockholders": -11155000.0,
        "Net Income": -11155000.0,
        "Net Income Including Noncontrolling Interests": -11155000.0,
        "Net Income Continuous Operations": -11155000.0,
        "Pretax Income": -11155000.0,
        "Other Income Expense": -153000.0,
        "Other Non Operating Income Expenses": NaN,
        "Special Income Charges": -153000.0,
        "Impairment Of Capital Assets": NaN,
        "Restructuring And Mergern Acquisition": 153000.0,
        "Net Non Operating Interest Income Expense": -674000.0,
        "Interest Expense Non Operating": 1081000.0,
        "Interest Income Non Operating": 407000.0,
        "Operating Income": -10328000.0,
        "Operating Expense": 10328000.0,
        "Other Operating Expenses": -547000.0,
        "Research And Development": 6232000.0,
        "Selling General And Administration": 4643000.0,
        "General And Administrative Expense": 4643000.0,
        "Other Gand A": 4643000.0,
        "Total Revenue": 0.0,
        "Operating Revenue": 0.0
    },
    "2025-09-30": {
        "Tax Effect Of Unusual Items": 0.0,
        "Tax Rate For Calcs": 0.0,
        "Normalized EBITDA": -9895000.0,
        "Total Unusual Items": 3422000.0,
        "Total Unusual Items Excluding Goodwill": 3422000.0,
        "Net Income From Continuing Operation Net Minority Interest": -7564000.0,
        "Reconciled Depreciation": 128000.0,
        "EBITDA": -6473000.0,
        "EBIT": -6601000.0,
        "Net Interest Income": -693000.0,
        "Interest Expense": 963000.0,
        "Interest Income": 270000.0,
        "Normalized Income": -10986000.0,
        "Net Income From Continuing And Discontinued Operation": -7564000.0,
        "Total Expenses": 10181000.0,
        "Total Operating Income As Reported": -7239000.0,
        "Diluted Average Shares": 7042457.0,
        "Basic Average Shares": 7042457.0,
        "Diluted EPS": -1.07,
        "Basic EPS": -1.07,
        "Diluted NI Availto Com Stockholders": -7564000.0,
        "Net Income Common Stockholders": -7564000.0,
        "Net Income": -7564000.0,
        "Net Income Including Noncontrolling Interests": -7564000.0,
        "Net Income Continuous Operations": -7564000.0,
        "Pretax Income": -7564000.0,
        "Other Income Expense": 3310000.0,
        "Other Non Operating Income Expenses": -112000.0,
        "Special Income Charges": 3422000.0,
        "Impairment Of Capital Assets": 1411000.0,
        "Restructuring And Mergern Acquisition": -4833000.0,
        "Net Non Operating Interest Income Expense": -693000.0,
        "Interest Expense Non Operating": 963000.0,
        "Interest Income Non Operating": 270000.0,
        "Operating Income": -10181000.0,
        "Operating Expense": 10181000.0,
        "Other Operating Expenses": -480000.0,
        "Research And Development": 6127000.0,
        "Selling General And Administration": 4534000.0,
        "General And Administrative Expense": 4534000.0,
        "Other Gand A": 4534000.0,
        "Total Revenue": 0.0,
        "Operating Revenue": 0.0
    }
}