{
    "2023-04-30": {
        "Tax Effect Of Unusual Items": NaN,
        "Tax Rate For Calcs": NaN,
        "Normalized EBITDA": NaN,
        "Total Unusual Items": NaN,
        "Total Unusual Items Excluding Goodwill": NaN,
        "Net Income From Continuing Operation Net Minority Interest": NaN,
        "Reconciled Depreciation": NaN,
        "EBITDA": NaN,
        "EBIT": NaN,
        "Net Interest Income": NaN,
        "Interest Income": NaN,
        "Normalized Income": NaN,
        "Net Income From Continuing And Discontinued Operation": NaN,
        "Total Expenses": NaN,
        "Total Operating Income As Reported": NaN,
        "Diluted Average Shares": 34342664.0,
        "Basic Average Shares": 34342664.0,
        "Diluted EPS": -0.77,
        "Basic EPS": -0.77,
        "Diluted NI Availto Com Stockholders": NaN,
        "Net Income Common Stockholders": NaN,
        "Net Income": NaN,
        "Net Income Including Noncontrolling Interests": NaN,
        "Net Income Continuous Operations": NaN,
        "Pretax Income": NaN,
        "Other Income Expense": NaN,
        "Other Non Operating Income Expenses": NaN,
        "Gain On Sale Of Security": NaN,
        "Net Non Operating Interest Income Expense": NaN,
        "Interest Income Non Operating": NaN,
        "Operating Income": NaN,
        "Operating Expense": NaN,
        "Research And Development": NaN,
        "Selling General And Administration": NaN,
        "General And Administrative Expense": NaN,
        "Other Gand A": NaN,
        "Total Revenue": NaN,
        "Operating Revenue": NaN
    },
    "2023-01-31": {
        "Tax Effect Of Unusual Items": NaN,
        "Tax Rate For Calcs": NaN,
        "Normalized EBITDA": NaN,
        "Total Unusual Items": NaN,
        "Total Unusual Items Excluding Goodwill": NaN,
        "Net Income From Continuing Operation Net Minority Interest": NaN,
        "Reconciled Depreciation": NaN,
        "EBITDA": NaN,
        "EBIT": NaN,
        "Net Interest Income": NaN,
        "Interest Income": NaN,
        "Normalized Income": NaN,
        "Net Income From Continuing And Discontinued Operation": NaN,
        "Total Expenses": NaN,
        "Total Operating Income As Reported": NaN,
        "Diluted Average Shares": 28278453.0,
        "Basic Average Shares": 28278453.0,
        "Diluted EPS": -0.75,
        "Basic EPS": -0.75,
        "Diluted NI Availto Com Stockholders": NaN,
        "Net Income Common Stockholders": NaN,
        "Net Income": NaN,
        "Net Income Including Noncontrolling Interests": NaN,
        "Net Income Continuous Operations": NaN,
        "Pretax Income": NaN,
        "Other Income Expense": NaN,
        "Other Non Operating Income Expenses": NaN,
        "Gain On Sale Of Security": NaN,
        "Net Non Operating Interest Income Expense": NaN,
        "Interest Income Non Operating": NaN,
        "Operating Income": NaN,
        "Operating Expense": NaN,
        "Research And Development": NaN,
        "Selling General And Administration": NaN,
        "General And Administrative Expense": NaN,
        "Other Gand A": NaN,
        "Total Revenue": NaN,
        "Operating Revenue": NaN
    },
    "2022-10-31": {
        "Tax Effect Of Unusual Items": 0.0,
        "Tax Rate For Calcs": 0.0,
        "Normalized EBITDA": -25393000.0,
        "Total Unusual Items": -317000.0,
        "Total Unusual Items Excluding Goodwill": -317000.0,
        "Net Income From Continuing Operation Net Minority Interest": -22257000.0,
        "Reconciled Depreciation": 173000.0,
        "EBITDA": -25710000.0,
        "EBIT": -25883000.0,
        "Net Interest Income": 449000.0,
        "Interest Income": 449000.0,
        "Normalized Income": -21940000.0,
        "Net Income From Continuing And Discontinued Operation": -22257000.0,
        "Total Expenses": 25883000.0,
        "Total Operating Income As Reported": -25883000.0,
        "Diluted Average Shares": 24595039.0,
        "Basic Average Shares": 24595039.0,
        "Diluted EPS": -0.9,
        "Basic EPS": -0.9,
        "Diluted NI Availto Com Stockholders": -22257000.0,
        "Net Income Common Stockholders": -22257000.0,
        "Net Income": -22257000.0,
        "Net Income Including Noncontrolling Interests": -22257000.0,
        "Net Income Continuous Operations": -22257000.0,
        "Pretax Income": -22257000.0,
        "Other Income Expense": 3177000.0,
        "Other Non Operating Income Expenses": 3494000.0,
        "Gain On Sale Of Security": -317000.0,
        "Net Non Operating Interest Income Expense": 449000.0,
        "Interest Income Non Operating": 449000.0,
        "Operating Income": -25883000.0,
        "Operating Expense": 25883000.0,
        "Research And Development": 18077000.0,
        "Selling General And Administration": 7806000.0,
        "General And Administrative Expense": 7806000.0,
        "Other Gand A": 7806000.0,
        "Total Revenue": 0.0,
        "Operating Revenue": 0.0
    },
    "2022-07-31": {
        "Tax Effect Of Unusual Items": 0.0,
        "Tax Rate For Calcs": 0.0,
        "Normalized EBITDA": -25641000.0,
        "Total Unusual Items": -517000.0,
        "Total Unusual Items Excluding Goodwill": -517000.0,
        "Net Income From Continuing Operation Net Minority Interest": -23042000.0,
        "Reconciled Depreciation": 158000.0,
        "EBITDA": -26158000.0,
        "EBIT": -26316000.0,
        "Net Interest Income": 242000.0,
        "Interest Income": 242000.0,
        "Normalized Income": -22525000.0,
        "Net Income From Continuing And Discontinued Operation": -23042000.0,
        "Total Expenses": 26316000.0,
        "Total Operating Income As Reported": -26316000.0,
        "Diluted Average Shares": 24557615.0,
        "Basic Average Shares": 24557615.0,
        "Diluted EPS": -0.94,
        "Basic EPS": -0.94,
        "Diluted NI Availto Com Stockholders": -23042000.0,
        "Net Income Common Stockholders": -23042000.0,
        "Net Income": -23042000.0,
        "Net Income Including Noncontrolling Interests": -23042000.0,
        "Net Income Continuous Operations": -23042000.0,
        "Pretax Income": -23042000.0,
        "Other Income Expense": 3032000.0,
        "Other Non Operating Income Expenses": 3549000.0,
        "Gain On Sale Of Security": -517000.0,
        "Net Non Operating Interest Income Expense": 242000.0,
        "Interest Income Non Operating": 242000.0,
        "Operating Income": -26316000.0,
        "Operating Expense": 26316000.0,
        "Research And Development": 18186000.0,
        "Selling General And Administration": 8130000.0,
        "General And Administrative Expense": 8130000.0,
        "Other Gand A": 8130000.0,
        "Total Revenue": 0.0,
        "Operating Revenue": 0.0
    },
    "2022-04-30": {
        "Diluted EPS": -0.98,
        "Total Revenue": NaN,
        "Gross Profit": NaN,
        "Operating Income": -27,
        "EBIT": -26,
        "Net Income": -24
    },
    "2022-01-31": {
        "Diluted EPS": -0.92,
        "Total Revenue": NaN,
        "Gross Profit": NaN,
        "Operating Income": -27,
        "EBIT": -26,
        "Net Income": -22
    },
    "2021-10-31": {
        "Diluted EPS": -0.8,
        "Total Revenue": NaN,
        "Gross Profit": NaN,
        "Operating Income": -24,
        "EBIT": -23,
        "Net Income": -20
    },
    "2021-07-31": {
        "Diluted EPS": -0.66,
        "Total Revenue": NaN,
        "Gross Profit": NaN,
        "Operating Income": -20,
        "EBIT": -19,
        "Net Income": -16
    },
    "2021-04-30": {
        "Diluted EPS": -0.67,
        "Total Revenue": NaN,
        "Gross Profit": NaN,
        "Operating Income": -18,
        "EBIT": -17,
        "Net Income": -15
    },
    "2021-01-31": {
        "Diluted EPS": -0.56,
        "Total Revenue": NaN,
        "Gross Profit": NaN,
        "Operating Income": -13,
        "EBIT": -12,
        "Net Income": -10
    },
    "2020-10-31": {
        "Diluted EPS": -0.58,
        "Total Revenue": NaN,
        "Gross Profit": NaN,
        "Operating Income": -13,
        "EBIT": -13,
        "Net Income": -10
    },
    "2020-07-31": {
        "Diluted EPS": -0.61,
        "Total Revenue": NaN,
        "Gross Profit": NaN,
        "Operating Income": -14,
        "EBIT": -14,
        "Net Income": -11
    },
    "2020-04-30": {
        "Diluted EPS": -0.37,
        "Total Revenue": 4,
        "Gross Profit": 4,
        "Operating Income": -9,
        "EBIT": -9,
        "Net Income": -7
    },
    "2020-01-31": {
        "Diluted EPS": -0.52,
        "Total Revenue": 2,
        "Gross Profit": 2,
        "Operating Income": -13,
        "EBIT": -13,
        "Net Income": -9
    },
    "2019-10-31": {
        "Diluted EPS": -0.33,
        "Total Revenue": 4,
        "Gross Profit": 4,
        "Operating Income": -9,
        "EBIT": -9,
        "Net Income": -6
    },
    "2019-07-31": {
        "Diluted EPS": -0.42,
        "Total Revenue": 3,
        "Gross Profit": 3,
        "Operating Income": -10,
        "EBIT": -9,
        "Net Income": -7
    },
    "2019-04-30": {
        "Diluted EPS": -0.46,
        "Total Revenue": 3,
        "Gross Profit": 3,
        "Operating Income": -11,
        "EBIT": -11,
        "Net Income": -9
    },
    "2019-01-31": {
        "Diluted EPS": -0.23,
        "Total Revenue": 4,
        "Gross Profit": 4,
        "Operating Income": -7,
        "EBIT": -7,
        "Net Income": -4
    },
    "2018-10-31": {
        "Diluted EPS": -0.22,
        "Total Revenue": 6,
        "Gross Profit": 6,
        "Operating Income": -5,
        "EBIT": -5,
        "Net Income": -3
    },
    "2018-07-31": {
        "Diluted EPS": -0.47,
        "Total Revenue": 4,
        "Gross Profit": 4,
        "Operating Income": -7,
        "EBIT": -7,
        "Net Income": -5
    },
    "2018-04-30": {
        "Diluted EPS": -0.03,
        "Total Revenue": 5,
        "Gross Profit": 5,
        "Operating Income": -3,
        "EBIT": -3,
        "Net Income": -1
    },
    "2018-01-31": {
        "Diluted EPS": -0.49,
        "Total Revenue": 2,
        "Gross Profit": 2,
        "Operating Income": -4,
        "EBIT": -4,
        "Net Income": -5
    },
    "2017-10-31": {
        "Diluted EPS": -0.5,
        "Total Revenue": 1,
        "Gross Profit": 1,
        "Operating Income": -6,
        "EBIT": -6,
        "Net Income": -5
    },
    "2017-07-31": {
        "Diluted EPS": -0.51,
        "Total Revenue": 0,
        "Gross Profit": 0,
        "Operating Income": -5,
        "EBIT": -5,
        "Net Income": -5
    },
    "2017-04-30": {
        "Diluted EPS": 1.74,
        "Total Revenue": 1,
        "Gross Profit": 1,
        "Operating Income": -5,
        "EBIT": -5,
        "Net Income": -3
    },
    "2017-01-31": {
        "Diluted EPS": -1.03,
        "Total Revenue": 0,
        "Gross Profit": 0,
        "Operating Income": -8,
        "EBIT": -8,
        "Net Income": -8
    },
    "2016-10-31": {
        "Diluted EPS": -5.98,
        "Total Revenue": 0,
        "Gross Profit": 0,
        "Operating Income": -4,
        "EBIT": -4,
        "Net Income": -4
    },
    "2016-09-30": {
        "Diluted EPS": -1.26,
        "Total Revenue": 0,
        "Gross Profit": 0,
        "Operating Income": -2,
        "EBIT": -3,
        "Net Income": -2
    },
    "2016-07-31": {
        "Diluted EPS": -6.66,
        "Total Revenue": 1,
        "Gross Profit": 1,
        "Operating Income": -5,
        "EBIT": -5,
        "Net Income": -4
    },
    "2016-06-30": {
        "Diluted EPS": -3.92,
        "Total Revenue": 0,
        "Gross Profit": 0,
        "Operating Income": -7,
        "EBIT": -7,
        "Net Income": -7
    },
    "2016-04-30": {
        "Diluted EPS": -15.16,
        "Total Revenue": 2,
        "Gross Profit": 2,
        "Operating Income": -1,
        "EBIT": -1,
        "Net Income": -1
    },
    "2016-03-31": {
        "Diluted EPS": -3.5,
        "Total Revenue": 0,
        "Gross Profit": 0,
        "Operating Income": -7,
        "EBIT": -6,
        "Net Income": -7
    },
    "2016-01-31": {
        "Diluted EPS": -4.85,
        "Total Revenue": 0,
        "Gross Profit": 0,
        "Operating Income": -4,
        "EBIT": -5,
        "Net Income": -3
    },
    "2015-12-31": {
        "Diluted EPS": 0.0,
        "Total Revenue": 0,
        "Gross Profit": 0,
        "Operating Income": -15,
        "EBIT": -15,
        "Net Income": -10
    },
    "2015-09-30": {
        "Diluted EPS": -2.66,
        "Total Revenue": 0,
        "Gross Profit": 0,
        "Operating Income": -5,
        "EBIT": -4,
        "Net Income": -5
    },
    "2015-06-30": {
        "Diluted EPS": -5.6,
        "Total Revenue": 0,
        "Gross Profit": 0,
        "Operating Income": -6,
        "EBIT": -6,
        "Net Income": -9
    },
    "2015-04-30": {
        "Diluted EPS": 0.0,
        "Total Revenue": 2,
        "Gross Profit": 2,
        "Operating Income": -2,
        "EBIT": -2,
        "Net Income": 5
    },
    "2015-03-31": {
        "Diluted EPS": -103.36,
        "Total Revenue": 0,
        "Gross Profit": 0,
        "Operating Income": -5,
        "EBIT": -5,
        "Net Income": -5
    },
    "2015-01-31": {
        "Diluted EPS": 0.0,
        "Total Revenue": 0,
        "Gross Profit": 0,
        "Operating Income": -1,
        "EBIT": -1,
        "Net Income": -5
    },
    "2014-12-31": {
        "Diluted EPS": 0.0,
        "Total Revenue": NaN,
        "Gross Profit": NaN,
        "Operating Income": NaN,
        "EBIT": NaN,
        "Net Income": NaN
    },
    "2014-10-31": {
        "Diluted EPS": 0.0,
        "Total Revenue": NaN,
        "Gross Profit": NaN,
        "Operating Income": -1,
        "EBIT": -1,
        "Net Income": -4
    },
    "2014-09-30": {
        "Diluted EPS": -82.49,
        "Total Revenue": 0,
        "Gross Profit": 0,
        "Operating Income": -4,
        "EBIT": -4,
        "Net Income": -4
    },
    "2014-07-31": {
        "Diluted EPS": 0.0,
        "Total Revenue": NaN,
        "Gross Profit": NaN,
        "Operating Income": -1,
        "EBIT": -1,
        "Net Income": -4
    },
    "2014-06-30": {
        "Diluted EPS": -59.66,
        "Total Revenue": 0,
        "Gross Profit": 0,
        "Operating Income": -2,
        "EBIT": -2,
        "Net Income": -3
    },
    "2014-04-30": {
        "Diluted EPS": 0.0,
        "Total Revenue": NaN,
        "Gross Profit": NaN,
        "Operating Income": NaN,
        "EBIT": NaN,
        "Net Income": NaN
    },
    "2014-03-31": {
        "Diluted EPS": -61.49,
        "Total Revenue": 0,
        "Gross Profit": 0,
        "Operating Income": -2,
        "EBIT": -2,
        "Net Income": -2
    },
    "2014-01-31": {
        "Diluted EPS": 0.0,
        "Total Revenue": 0,
        "Gross Profit": 0,
        "Operating Income": 0,
        "EBIT": 0,
        "Net Income": -2
    },
    "2013-01-31": {
        "Diluted EPS": 0.0,
        "Total Revenue": NaN,
        "Gross Profit": NaN,
        "Operating Income": NaN,
        "EBIT": NaN,
        "Net Income": NaN
    },
    "2023-07-31": {
        "Tax Effect Of Unusual Items": NaN,
        "Tax Rate For Calcs": NaN,
        "Normalized EBITDA": NaN,
        "Total Unusual Items": NaN,
        "Total Unusual Items Excluding Goodwill": NaN,
        "Net Income From Continuing Operation Net Minority Interest": NaN,
        "Reconciled Depreciation": NaN,
        "EBITDA": NaN,
        "EBIT": NaN,
        "Net Interest Income": NaN,
        "Interest Income": NaN,
        "Normalized Income": NaN,
        "Net Income From Continuing And Discontinued Operation": NaN,
        "Total Expenses": NaN,
        "Total Operating Income As Reported": NaN,
        "Diluted Average Shares": 34414226.0,
        "Basic Average Shares": 34414226.0,
        "Diluted EPS": -0.74,
        "Basic EPS": -0.74,
        "Diluted NI Availto Com Stockholders": NaN,
        "Net Income Common Stockholders": NaN,
        "Net Income": NaN,
        "Net Income Including Noncontrolling Interests": NaN,
        "Net Income Continuous Operations": NaN,
        "Pretax Income": NaN,
        "Other Income Expense": NaN,
        "Other Non Operating Income Expenses": NaN,
        "Gain On Sale Of Security": NaN,
        "Net Non Operating Interest Income Expense": NaN,
        "Interest Income Non Operating": NaN,
        "Operating Income": NaN,
        "Operating Expense": NaN,
        "Research And Development": NaN,
        "Selling General And Administration": NaN,
        "General And Administrative Expense": NaN,
        "Other Gand A": NaN,
        "Total Revenue": NaN,
        "Operating Revenue": NaN
    },
    "2023-10-31": {
        "Tax Effect Of Unusual Items": NaN,
        "Tax Rate For Calcs": NaN,
        "Normalized EBITDA": NaN,
        "Total Unusual Items": NaN,
        "Total Unusual Items Excluding Goodwill": NaN,
        "Net Income From Continuing Operation Net Minority Interest": NaN,
        "Reconciled Depreciation": NaN,
        "EBITDA": NaN,
        "EBIT": NaN,
        "Net Interest Income": NaN,
        "Interest Expense": NaN,
        "Interest Income": NaN,
        "Normalized Income": NaN,
        "Net Income From Continuing And Discontinued Operation": NaN,
        "Total Expenses": NaN,
        "Total Operating Income As Reported": NaN,
        "Diluted Average Shares": 34565955.0,
        "Basic Average Shares": 34565955.0,
        "Diluted EPS": -0.8,
        "Basic EPS": -0.8,
        "Diluted NI Availto Com Stockholders": NaN,
        "Net Income Common Stockholders": NaN,
        "Net Income": NaN,
        "Net Income Including Noncontrolling Interests": NaN,
        "Net Income Continuous Operations": NaN,
        "Tax Provision": NaN,
        "Pretax Income": NaN,
        "Other Income Expense": NaN,
        "Other Non Operating Income Expenses": NaN,
        "Gain On Sale Of Security": NaN,
        "Net Non Operating Interest Income Expense": NaN,
        "Interest Expense Non Operating": NaN,
        "Interest Income Non Operating": NaN,
        "Operating Income": NaN,
        "Operating Expense": NaN,
        "Research And Development": NaN,
        "Selling General And Administration": NaN,
        "General And Administrative Expense": NaN,
        "Other Gand A": NaN,
        "Total Revenue": NaN,
        "Operating Revenue": NaN
    },
    "2024-01-31": {
        "Tax Effect Of Unusual Items": NaN,
        "Tax Rate For Calcs": NaN,
        "Normalized EBITDA": NaN,
        "Total Unusual Items": NaN,
        "Total Unusual Items Excluding Goodwill": NaN,
        "Net Income From Continuing Operation Net Minority Interest": NaN,
        "Reconciled Depreciation": NaN,
        "Reconciled Cost Of Revenue": NaN,
        "EBITDA": NaN,
        "EBIT": NaN,
        "Net Interest Income": NaN,
        "Interest Expense": 0.0,
        "Interest Income": NaN,
        "Normalized Income": NaN,
        "Net Income From Continuing And Discontinued Operation": NaN,
        "Total Expenses": NaN,
        "Total Operating Income As Reported": NaN,
        "Diluted Average Shares": 34723379.0,
        "Basic Average Shares": 34723379.0,
        "Diluted EPS": -0.84,
        "Basic EPS": -0.84,
        "Diluted NI Availto Com Stockholders": NaN,
        "Net Income Common Stockholders": NaN,
        "Net Income": NaN,
        "Net Income Including Noncontrolling Interests": NaN,
        "Net Income Continuous Operations": NaN,
        "Tax Provision": 0.0,
        "Pretax Income": NaN,
        "Other Income Expense": NaN,
        "Other Non Operating Income Expenses": NaN,
        "Gain On Sale Of Security": NaN,
        "Net Non Operating Interest Income Expense": NaN,
        "Interest Expense Non Operating": 0.0,
        "Interest Income Non Operating": NaN,
        "Operating Income": NaN,
        "Operating Expense": NaN,
        "Research And Development": NaN,
        "Selling General And Administration": NaN,
        "General And Administrative Expense": NaN,
        "Other Gand A": NaN,
        "Gross Profit": NaN,
        "Cost Of Revenue": NaN,
        "Total Revenue": NaN,
        "Operating Revenue": NaN
    },
    "2024-04-30": {
        "Tax Effect Of Unusual Items": 0.0,
        "Tax Rate For Calcs": 0.0,
        "Normalized EBITDA": -40970000.0,
        "Total Unusual Items": 1186000.0,
        "Total Unusual Items Excluding Goodwill": 1186000.0,
        "Net Income From Continuing Operation Net Minority Interest": -44649000.0,
        "Reconciled Depreciation": 219000.0,
        "EBITDA": -39784000.0,
        "EBIT": -40003000.0,
        "Net Interest Income": 1513000.0,
        "Interest Expense": NaN,
        "Interest Income": 1513000.0,
        "Normalized Income": -45835000.0,
        "Net Income From Continuing And Discontinued Operation": -44649000.0,
        "Total Expenses": 40003000.0,
        "Total Operating Income As Reported": -48455000.0,
        "Diluted Average Shares": NaN,
        "Basic Average Shares": NaN,
        "Diluted EPS": NaN,
        "Basic EPS": NaN,
        "Diluted NI Availto Com Stockholders": -44649000.0,
        "Net Income Common Stockholders": -44649000.0,
        "Net Income": -44649000.0,
        "Net Income Including Noncontrolling Interests": -44649000.0,
        "Net Income Continuous Operations": -44649000.0,
        "Tax Provision": NaN,
        "Pretax Income": -44649000.0,
        "Other Income Expense": -6159000.0,
        "Other Non Operating Income Expenses": -7345000.0,
        "Gain On Sale Of Security": 1186000.0,
        "Net Non Operating Interest Income Expense": 1513000.0,
        "Interest Expense Non Operating": NaN,
        "Interest Income Non Operating": 1513000.0,
        "Operating Income": -40003000.0,
        "Operating Expense": 40003000.0,
        "Research And Development": 25248000.0,
        "Selling General And Administration": 23207000.0,
        "General And Administrative Expense": 23207000.0,
        "Other Gand A": 23207000.0,
        "Total Revenue": 0.0,
        "Operating Revenue": 0.0
    },
    "2024-07-31": {
        "Tax Effect Of Unusual Items": NaN,
        "Tax Rate For Calcs": NaN,
        "Normalized EBITDA": NaN,
        "Total Unusual Items": NaN,
        "Total Unusual Items Excluding Goodwill": NaN,
        "Net Income From Continuing Operation Net Minority Interest": NaN,
        "Reconciled Depreciation": 224000.0,
        "Reconciled Cost Of Revenue": 0.0,
        "EBITDA": NaN,
        "EBIT": NaN,
        "Net Interest Income": NaN,
        "Interest Expense": 0.0,
        "Interest Income": NaN,
        "Normalized Income": NaN,
        "Net Income From Continuing And Discontinued Operation": NaN,
        "Total Expenses": NaN,
        "Total Operating Income As Reported": NaN,
        "Diluted Average Shares": 46232977.0,
        "Basic Average Shares": 46232977.0,
        "Diluted EPS": -0.87,
        "Basic EPS": -0.87,
        "Diluted NI Availto Com Stockholders": NaN,
        "Net Income Common Stockholders": NaN,
        "Net Income": NaN,
        "Net Income Including Noncontrolling Interests": NaN,
        "Net Income Continuous Operations": NaN,
        "Tax Provision": 0.0,
        "Pretax Income": NaN,
        "Other Income Expense": NaN,
        "Other Non Operating Income Expenses": NaN,
        "Gain On Sale Of Security": NaN,
        "Net Non Operating Interest Income Expense": NaN,
        "Interest Expense Non Operating": 0.0,
        "Interest Income Non Operating": NaN,
        "Operating Income": NaN,
        "Operating Expense": NaN,
        "Research And Development": NaN,
        "Selling General And Administration": NaN,
        "General And Administrative Expense": NaN,
        "Other Gand A": NaN,
        "Gross Profit": 0.0,
        "Cost Of Revenue": 0.0,
        "Total Revenue": NaN,
        "Operating Revenue": NaN
    },
    "2024-10-31": {
        "Tax Effect Of Unusual Items": 0.0,
        "Tax Rate For Calcs": 0.0,
        "Normalized EBITDA": -45651000.0,
        "Total Unusual Items": 67000.0,
        "Total Unusual Items Excluding Goodwill": 67000.0,
        "Net Income From Continuing Operation Net Minority Interest": -42268000.0,
        "Reconciled Depreciation": 227000.0,
        "Reconciled Cost Of Revenue": NaN,
        "EBITDA": -45584000.0,
        "EBIT": -45811000.0,
        "Net Interest Income": 1357000.0,
        "Interest Expense": NaN,
        "Interest Income": 1357000.0,
        "Normalized Income": -42335000.0,
        "Net Income From Continuing And Discontinued Operation": -42268000.0,
        "Total Expenses": 45811000.0,
        "Total Operating Income As Reported": -45811000.0,
        "Diluted Average Shares": 46695220.0,
        "Basic Average Shares": 46695220.0,
        "Diluted EPS": -0.91,
        "Basic EPS": -0.91,
        "Diluted NI Availto Com Stockholders": -42268000.0,
        "Net Income Common Stockholders": -42268000.0,
        "Net Income": -42268000.0,
        "Net Income Including Noncontrolling Interests": -42268000.0,
        "Net Income Continuous Operations": -42268000.0,
        "Tax Provision": NaN,
        "Pretax Income": -42268000.0,
        "Other Income Expense": 2186000.0,
        "Other Non Operating Income Expenses": 2119000.0,
        "Gain On Sale Of Security": 67000.0,
        "Net Non Operating Interest Income Expense": 1357000.0,
        "Interest Expense Non Operating": NaN,
        "Interest Income Non Operating": 1357000.0,
        "Operating Income": -45811000.0,
        "Operating Expense": 45811000.0,
        "Research And Development": 16610000.0,
        "Selling General And Administration": 29201000.0,
        "General And Administrative Expense": 29201000.0,
        "Other Gand A": 29201000.0,
        "Gross Profit": NaN,
        "Cost Of Revenue": NaN,
        "Total Revenue": 0.0,
        "Operating Revenue": 0.0
    },
    "2025-01-31": {
        "Tax Effect Of Unusual Items": -206430.0,
        "Tax Rate For Calcs": 0.21,
        "Normalized EBITDA": -40208000.0,
        "Total Unusual Items": -983000.0,
        "Total Unusual Items Excluding Goodwill": -983000.0,
        "Net Income From Continuing Operation Net Minority Interest": -48509000.0,
        "Reconciled Depreciation": 229000.0,
        "Reconciled Cost Of Revenue": NaN,
        "EBITDA": -41191000.0,
        "EBIT": -41420000.0,
        "Net Interest Income": -1448000.0,
        "Interest Expense": 2842000.0,
        "Interest Income": 1394000.0,
        "Normalized Income": -47732430.0,
        "Net Income From Continuing And Discontinued Operation": -48509000.0,
        "Total Expenses": 42940000.0,
        "Total Operating Income As Reported": -42940000.0,
        "Diluted Average Shares": 52638888.0,
        "Basic Average Shares": 52638888.0,
        "Diluted EPS": -0.92,
        "Basic EPS": -0.92,
        "Diluted NI Availto Com Stockholders": -48509000.0,
        "Net Income Common Stockholders": -48509000.0,
        "Net Income": -48509000.0,
        "Net Income Including Noncontrolling Interests": -48509000.0,
        "Net Income Continuous Operations": -48509000.0,
        "Tax Provision": 4247000.0,
        "Pretax Income": -44262000.0,
        "Other Income Expense": 126000.0,
        "Other Non Operating Income Expenses": 1109000.0,
        "Gain On Sale Of Security": -983000.0,
        "Net Non Operating Interest Income Expense": -1448000.0,
        "Interest Expense Non Operating": 2842000.0,
        "Interest Income Non Operating": 1394000.0,
        "Operating Income": -42940000.0,
        "Operating Expense": 42940000.0,
        "Research And Development": 12594000.0,
        "Selling General And Administration": 30346000.0,
        "General And Administrative Expense": 30346000.0,
        "Other Gand A": 30346000.0,
        "Gross Profit": NaN,
        "Cost Of Revenue": NaN,
        "Total Revenue": 0.0,
        "Operating Revenue": 0.0
    },
    "2025-04-30": {
        "Tax Effect Of Unusual Items": 43216.310921,
        "Tax Rate For Calcs": 0.016107,
        "Normalized EBITDA": -52560000.0,
        "Total Unusual Items": 2683000.0,
        "Total Unusual Items Excluding Goodwill": 2683000.0,
        "Net Income From Continuing Operation Net Minority Interest": -52226000.0,
        "Reconciled Depreciation": 261000.0,
        "Reconciled Cost Of Revenue": NaN,
        "EBITDA": -49877000.0,
        "EBIT": -50138000.0,
        "Net Interest Income": -951000.0,
        "Interest Expense": 2943000.0,
        "Interest Income": 1992000.0,
        "Normalized Income": -54865783.689079,
        "Net Income From Continuing And Discontinued Operation": -52226000.0,
        "Total Expenses": 50016000.0,
        "Total Operating Income As Reported": -55030000.0,
        "Diluted Average Shares": NaN,
        "Basic Average Shares": NaN,
        "Diluted EPS": NaN,
        "Basic EPS": NaN,
        "Diluted NI Availto Com Stockholders": -52226000.0,
        "Net Income Common Stockholders": -52226000.0,
        "Net Income": -52226000.0,
        "Net Income Including Noncontrolling Interests": -52226000.0,
        "Net Income Continuous Operations": -52226000.0,
        "Tax Provision": -855000.0,
        "Pretax Income": -53081000.0,
        "Other Income Expense": -2114000.0,
        "Other Non Operating Income Expenses": -4797000.0,
        "Gain On Sale Of Security": 2683000.0,
        "Net Non Operating Interest Income Expense": -951000.0,
        "Interest Expense Non Operating": 2943000.0,
        "Interest Income Non Operating": 1992000.0,
        "Operating Income": -50016000.0,
        "Operating Expense": 50016000.0,
        "Research And Development": 15891000.0,
        "Selling General And Administration": 39139000.0,
        "General And Administrative Expense": 39139000.0,
        "Other Gand A": 39139000.0,
        "Gross Profit": NaN,
        "Cost Of Revenue": NaN,
        "Total Revenue": 0.0,
        "Operating Revenue": 0.0
    },
    "2025-07-31": {
        "Tax Effect Of Unusual Items": 404250.0,
        "Tax Rate For Calcs": 0.21,
        "Normalized EBITDA": -56090000.0,
        "Total Unusual Items": 1925000.0,
        "Total Unusual Items Excluding Goodwill": 1925000.0,
        "Net Income From Continuing Operation Net Minority Interest": -60096000.0,
        "Reconciled Depreciation": 252000.0,
        "Reconciled Cost Of Revenue": 590000.0,
        "EBITDA": -54165000.0,
        "EBIT": -54417000.0,
        "Net Interest Income": -1673000.0,
        "Interest Expense": 3522000.0,
        "Interest Income": 1849000.0,
        "Normalized Income": -61616750.0,
        "Net Income From Continuing And Discontinued Operation": -60096000.0,
        "Total Expenses": 60435000.0,
        "Total Operating Income As Reported": -59009000.0,
        "Diluted Average Shares": 53497128.0,
        "Basic Average Shares": 53497128.0,
        "Diluted EPS": -1.12,
        "Basic EPS": -1.12,
        "Diluted NI Availto Com Stockholders": -60096000.0,
        "Net Income Common Stockholders": -60096000.0,
        "Net Income": -60096000.0,
        "Net Income Including Noncontrolling Interests": -60096000.0,
        "Net Income Continuous Operations": -60096000.0,
        "Tax Provision": 2157000.0,
        "Pretax Income": -57939000.0,
        "Other Income Expense": 2743000.0,
        "Other Non Operating Income Expenses": 818000.0,
        "Gain On Sale Of Security": 1925000.0,
        "Net Non Operating Interest Income Expense": -1673000.0,
        "Interest Expense Non Operating": 3522000.0,
        "Interest Income Non Operating": 1849000.0,
        "Operating Income": -59009000.0,
        "Operating Expense": 59845000.0,
        "Research And Development": 15162000.0,
        "Selling General And Administration": 44683000.0,
        "General And Administrative Expense": 44683000.0,
        "Other Gand A": 44683000.0,
        "Gross Profit": 836000.0,
        "Cost Of Revenue": 590000.0,
        "Total Revenue": 1426000.0,
        "Operating Revenue": 1426000.0
    },
    "2025-09-30": {
        "Tax Effect Of Unusual Items": -185640.0,
        "Tax Rate For Calcs": 0.21,
        "Normalized EBITDA": -41684000.0,
        "Total Unusual Items": -884000.0,
        "Total Unusual Items Excluding Goodwill": -884000.0,
        "Net Income From Continuing Operation Net Minority Interest": -49482000.0,
        "Reconciled Depreciation": NaN,
        "Reconciled Cost Of Revenue": 1232000.0,
        "EBITDA": -42568000.0,
        "EBIT": -42568000.0,
        "Net Interest Income": -2882000.0,
        "Interest Expense": 4757000.0,
        "Interest Income": 1875000.0,
        "Normalized Income": -48783640.0,
        "Net Income From Continuing And Discontinued Operation": -49482000.0,
        "Total Expenses": 59742000.0,
        "Total Operating Income As Reported": -46050000.0,
        "Diluted Average Shares": 53883681.0,
        "Basic Average Shares": 53883681.0,
        "Diluted EPS": -0.92,
        "Basic EPS": -0.92,
        "Diluted NI Availto Com Stockholders": -49482000.0,
        "Net Income Common Stockholders": -49482000.0,
        "Net Income": -49482000.0,
        "Net Income Including Noncontrolling Interests": -49482000.0,
        "Net Income Continuous Operations": -49482000.0,
        "Tax Provision": 2157000.0,
        "Pretax Income": -47325000.0,
        "Other Income Expense": 1607000.0,
        "Other Non Operating Income Expenses": 2491000.0,
        "Gain On Sale Of Security": -884000.0,
        "Net Non Operating Interest Income Expense": -2882000.0,
        "Interest Expense Non Operating": 4757000.0,
        "Interest Income Non Operating": 1875000.0,
        "Operating Income": -46050000.0,
        "Operating Expense": 58510000.0,
        "Research And Development": 11993000.0,
        "Selling General And Administration": 46517000.0,
        "General And Administrative Expense": 46517000.0,
        "Other Gand A": 46517000.0,
        "Gross Profit": 12460000.0,
        "Cost Of Revenue": 1232000.0,
        "Total Revenue": 13692000.0,
        "Operating Revenue": 13692000.0
    }
}