{
    "2023-04-30": {
        "Tax Effect Of Unusual Items": NaN,
        "Tax Rate For Calcs": NaN,
        "Normalized EBITDA": NaN,
        "Total Unusual Items": 0.0,
        "Total Unusual Items Excluding Goodwill": 0.0,
        "Net Income From Continuing Operation Net Minority Interest": NaN,
        "Reconciled Depreciation": NaN,
        "Reconciled Cost Of Revenue": NaN,
        "EBITDA": NaN,
        "EBIT": NaN,
        "Net Interest Income": NaN,
        "Interest Expense": NaN,
        "Interest Income": 0.0,
        "Normalized Income": NaN,
        "Net Income From Continuing And Discontinued Operation": NaN,
        "Total Expenses": NaN,
        "Diluted Average Shares": 2674719.0,
        "Basic Average Shares": 2674719.0,
        "Diluted EPS": -1.48,
        "Basic EPS": -1.48,
        "Diluted NI Availto Com Stockholders": NaN,
        "Net Income Common Stockholders": NaN,
        "Preferred Stock Dividends": NaN,
        "Net Income": NaN,
        "Net Income Including Noncontrolling Interests": NaN,
        "Net Income Continuous Operations": NaN,
        "Tax Provision": NaN,
        "Pretax Income": NaN,
        "Other Income Expense": NaN,
        "Special Income Charges": 0.0,
        "Other Special Charges": NaN,
        "Net Non Operating Interest Income Expense": NaN,
        "Total Other Finance Cost": NaN,
        "Interest Expense Non Operating": NaN,
        "Interest Income Non Operating": 0.0,
        "Operating Income": NaN,
        "Operating Expense": NaN,
        "Selling General And Administration": NaN,
        "Selling And Marketing Expense": NaN,
        "General And Administrative Expense": NaN,
        "Other Gand A": NaN,
        "Gross Profit": NaN,
        "Cost Of Revenue": NaN,
        "Total Revenue": NaN,
        "Excise Taxes": NaN,
        "Operating Revenue": NaN
    },
    "2023-01-31": {
        "Tax Effect Of Unusual Items": NaN,
        "Tax Rate For Calcs": NaN,
        "Normalized EBITDA": NaN,
        "Total Unusual Items": NaN,
        "Total Unusual Items Excluding Goodwill": NaN,
        "Net Income From Continuing Operation Net Minority Interest": NaN,
        "Reconciled Depreciation": NaN,
        "Reconciled Cost Of Revenue": NaN,
        "EBITDA": NaN,
        "EBIT": NaN,
        "Net Interest Income": NaN,
        "Interest Expense": NaN,
        "Interest Income": 11952.0,
        "Normalized Income": NaN,
        "Net Income From Continuing And Discontinued Operation": NaN,
        "Total Expenses": NaN,
        "Diluted Average Shares": NaN,
        "Basic Average Shares": NaN,
        "Diluted EPS": NaN,
        "Basic EPS": NaN,
        "Diluted NI Availto Com Stockholders": NaN,
        "Net Income Common Stockholders": NaN,
        "Preferred Stock Dividends": NaN,
        "Net Income": NaN,
        "Net Income Including Noncontrolling Interests": NaN,
        "Net Income Continuous Operations": NaN,
        "Tax Provision": NaN,
        "Pretax Income": NaN,
        "Other Income Expense": NaN,
        "Special Income Charges": NaN,
        "Other Special Charges": NaN,
        "Net Non Operating Interest Income Expense": NaN,
        "Total Other Finance Cost": -11952.0,
        "Interest Expense Non Operating": NaN,
        "Interest Income Non Operating": 11952.0,
        "Operating Income": NaN,
        "Operating Expense": NaN,
        "Selling General And Administration": NaN,
        "Selling And Marketing Expense": NaN,
        "General And Administrative Expense": NaN,
        "Other Gand A": NaN,
        "Gross Profit": NaN,
        "Cost Of Revenue": NaN,
        "Total Revenue": NaN,
        "Excise Taxes": NaN,
        "Operating Revenue": NaN
    },
    "2022-10-31": {
        "Tax Effect Of Unusual Items": NaN,
        "Tax Rate For Calcs": NaN,
        "Normalized EBITDA": NaN,
        "Total Unusual Items": NaN,
        "Total Unusual Items Excluding Goodwill": NaN,
        "Net Income From Continuing Operation Net Minority Interest": NaN,
        "Reconciled Depreciation": NaN,
        "Reconciled Cost Of Revenue": NaN,
        "EBITDA": NaN,
        "EBIT": NaN,
        "Net Interest Income": NaN,
        "Interest Expense": NaN,
        "Interest Income": 4.0,
        "Normalized Income": NaN,
        "Net Income From Continuing And Discontinued Operation": NaN,
        "Total Expenses": NaN,
        "Diluted Average Shares": NaN,
        "Basic Average Shares": NaN,
        "Diluted EPS": NaN,
        "Basic EPS": NaN,
        "Diluted NI Availto Com Stockholders": NaN,
        "Net Income Common Stockholders": NaN,
        "Preferred Stock Dividends": NaN,
        "Net Income": NaN,
        "Net Income Including Noncontrolling Interests": NaN,
        "Net Income Continuous Operations": NaN,
        "Tax Provision": NaN,
        "Pretax Income": NaN,
        "Other Income Expense": NaN,
        "Special Income Charges": NaN,
        "Other Special Charges": NaN,
        "Net Non Operating Interest Income Expense": NaN,
        "Total Other Finance Cost": NaN,
        "Interest Expense Non Operating": NaN,
        "Interest Income Non Operating": 4.0,
        "Operating Income": NaN,
        "Operating Expense": NaN,
        "Selling General And Administration": NaN,
        "Selling And Marketing Expense": NaN,
        "General And Administrative Expense": NaN,
        "Other Gand A": NaN,
        "Gross Profit": NaN,
        "Cost Of Revenue": NaN,
        "Total Revenue": NaN,
        "Excise Taxes": NaN,
        "Operating Revenue": NaN
    },
    "2022-07-31": {
        "Tax Effect Of Unusual Items": 0.0,
        "Tax Rate For Calcs": 0.0,
        "Normalized EBITDA": -3856991.0,
        "Net Income From Continuing Operation Net Minority Interest": -3856991.0,
        "Reconciled Depreciation": NaN,
        "Reconciled Cost Of Revenue": 3405196.0,
        "EBITDA": -3856991.0,
        "EBIT": -3856991.0,
        "Net Interest Income": 0.0,
        "Interest Expense": NaN,
        "Interest Income": 0.0,
        "Normalized Income": -3856991.0,
        "Net Income From Continuing And Discontinued Operation": -3856991.0,
        "Total Expenses": 7704252.0,
        "Diluted Average Shares": 41493644.0,
        "Basic Average Shares": 41493644.0,
        "Diluted EPS": -0.09,
        "Basic EPS": -0.09,
        "Diluted NI Availto Com Stockholders": -3856991.0,
        "Net Income Common Stockholders": -3856991.0,
        "Preferred Stock Dividends": NaN,
        "Net Income": -3856991.0,
        "Net Income Including Noncontrolling Interests": -3856991.0,
        "Net Income Continuous Operations": -3856991.0,
        "Tax Provision": 0.0,
        "Pretax Income": -3856991.0,
        "Net Non Operating Interest Income Expense": 0.0,
        "Interest Expense Non Operating": NaN,
        "Interest Income Non Operating": 0.0,
        "Operating Income": -3856991.0,
        "Operating Expense": 4299056.0,
        "Selling General And Administration": 4299056.0,
        "Selling And Marketing Expense": 657561.0,
        "General And Administrative Expense": 3641495.0,
        "Other Gand A": 3641495.0,
        "Gross Profit": 442065.0,
        "Cost Of Revenue": 3405196.0,
        "Total Revenue": 3847261.0,
        "Excise Taxes": 36070.0,
        "Operating Revenue": 3883331.0
    },
    "2023-07-31": {
        "Tax Effect Of Unusual Items": NaN,
        "Tax Rate For Calcs": NaN,
        "Normalized EBITDA": NaN,
        "Total Unusual Items": NaN,
        "Total Unusual Items Excluding Goodwill": NaN,
        "Net Income From Continuing Operation Net Minority Interest": NaN,
        "Reconciled Depreciation": NaN,
        "Reconciled Cost Of Revenue": NaN,
        "EBITDA": NaN,
        "EBIT": NaN,
        "Net Interest Income": NaN,
        "Interest Expense": NaN,
        "Normalized Income": NaN,
        "Net Income From Continuing And Discontinued Operation": NaN,
        "Total Expenses": NaN,
        "Diluted Average Shares": 2741853.0,
        "Basic Average Shares": 2741853.0,
        "Diluted EPS": -0.67,
        "Basic EPS": -0.67,
        "Diluted NI Availto Com Stockholders": NaN,
        "Net Income Common Stockholders": NaN,
        "Preferred Stock Dividends": NaN,
        "Net Income": NaN,
        "Net Income Including Noncontrolling Interests": NaN,
        "Net Income Continuous Operations": NaN,
        "Tax Provision": NaN,
        "Pretax Income": NaN,
        "Other Income Expense": NaN,
        "Special Income Charges": NaN,
        "Other Special Charges": NaN,
        "Net Non Operating Interest Income Expense": NaN,
        "Total Other Finance Cost": NaN,
        "Interest Expense Non Operating": NaN,
        "Operating Income": NaN,
        "Operating Expense": NaN,
        "Selling General And Administration": NaN,
        "Selling And Marketing Expense": NaN,
        "General And Administrative Expense": NaN,
        "Other Gand A": NaN,
        "Gross Profit": NaN,
        "Cost Of Revenue": NaN,
        "Total Revenue": NaN,
        "Excise Taxes": NaN,
        "Operating Revenue": NaN
    },
    "2023-10-31": {
        "Tax Effect Of Unusual Items": NaN,
        "Tax Rate For Calcs": NaN,
        "Normalized EBITDA": NaN,
        "Total Unusual Items": NaN,
        "Total Unusual Items Excluding Goodwill": NaN,
        "Net Income From Continuing Operation Net Minority Interest": NaN,
        "Reconciled Depreciation": NaN,
        "Reconciled Cost Of Revenue": NaN,
        "EBITDA": NaN,
        "EBIT": NaN,
        "Net Interest Income": NaN,
        "Interest Expense": 331388.0,
        "Normalized Income": NaN,
        "Net Income From Continuing And Discontinued Operation": NaN,
        "Total Expenses": NaN,
        "Diluted Average Shares": NaN,
        "Basic Average Shares": NaN,
        "Diluted EPS": NaN,
        "Basic EPS": NaN,
        "Diluted NI Availto Com Stockholders": NaN,
        "Net Income Common Stockholders": NaN,
        "Preferred Stock Dividends": NaN,
        "Net Income": NaN,
        "Net Income Including Noncontrolling Interests": NaN,
        "Net Income Continuous Operations": NaN,
        "Tax Provision": NaN,
        "Pretax Income": NaN,
        "Other Income Expense": NaN,
        "Special Income Charges": NaN,
        "Other Special Charges": NaN,
        "Net Non Operating Interest Income Expense": NaN,
        "Total Other Finance Cost": NaN,
        "Interest Expense Non Operating": 331388.0,
        "Operating Income": NaN,
        "Operating Expense": NaN,
        "Selling General And Administration": NaN,
        "Selling And Marketing Expense": NaN,
        "General And Administrative Expense": NaN,
        "Other Gand A": NaN,
        "Gross Profit": NaN,
        "Cost Of Revenue": NaN,
        "Total Revenue": NaN,
        "Excise Taxes": NaN,
        "Operating Revenue": NaN
    },
    "2024-01-31": {
        "Tax Effect Of Unusual Items": -20670.72,
        "Tax Rate For Calcs": 0.21,
        "Normalized EBITDA": -1517849.0,
        "Total Unusual Items": -98432.0,
        "Total Unusual Items Excluding Goodwill": -98432.0,
        "Net Income From Continuing Operation Net Minority Interest": -2113686.0,
        "Reconciled Depreciation": 196773.0,
        "Reconciled Cost Of Revenue": 2013435.0,
        "EBITDA": -1616281.0,
        "EBIT": -1813054.0,
        "Net Interest Income": -299917.0,
        "Interest Expense": 299917.0,
        "Normalized Income": -2035924.72,
        "Net Income From Continuing And Discontinued Operation": -2113686.0,
        "Total Expenses": 4926195.0,
        "Diluted Average Shares": 2854850.0,
        "Basic Average Shares": 2854850.0,
        "Diluted EPS": -0.76,
        "Basic EPS": -0.76,
        "Diluted NI Availto Com Stockholders": -2181186.0,
        "Net Income Common Stockholders": -2181186.0,
        "Preferred Stock Dividends": 67500.0,
        "Net Income": -2113686.0,
        "Net Income Including Noncontrolling Interests": -2113686.0,
        "Net Income Continuous Operations": -2113686.0,
        "Tax Provision": 715.0,
        "Pretax Income": -2112971.0,
        "Other Income Expense": -98432.0,
        "Special Income Charges": -98432.0,
        "Other Special Charges": 98432.0,
        "Net Non Operating Interest Income Expense": -299917.0,
        "Total Other Finance Cost": 299917.0,
        "Interest Expense Non Operating": 299917.0,
        "Operating Income": -1714622.0,
        "Operating Expense": 2912760.0,
        "Selling General And Administration": 2912760.0,
        "Selling And Marketing Expense": 404892.0,
        "General And Administrative Expense": 2507868.0,
        "Other Gand A": 2507868.0,
        "Gross Profit": 1198138.0,
        "Cost Of Revenue": 2013435.0,
        "Total Revenue": 3211573.0,
        "Excise Taxes": 21607.0,
        "Operating Revenue": 3233180.0
    },
    "2024-04-30": {
        "Tax Effect Of Unusual Items": 0.0,
        "Tax Rate For Calcs": 0.0,
        "Normalized EBITDA": -1058938.0,
        "Total Unusual Items": 0.0,
        "Total Unusual Items Excluding Goodwill": 0.0,
        "Net Income From Continuing Operation Net Minority Interest": -1527178.0,
        "Reconciled Depreciation": 196774.0,
        "Reconciled Cost Of Revenue": 1726658.0,
        "EBITDA": -1058938.0,
        "EBIT": -1255712.0,
        "Net Interest Income": -271466.0,
        "Interest Expense": NaN,
        "Normalized Income": -1527178.0,
        "Net Income From Continuing And Discontinued Operation": -1527178.0,
        "Total Expenses": 3482026.0,
        "Diluted Average Shares": 2863002.0,
        "Basic Average Shares": 2863002.0,
        "Diluted EPS": -0.56,
        "Basic EPS": -0.56,
        "Diluted NI Availto Com Stockholders": -1594678.0,
        "Net Income Common Stockholders": -1594678.0,
        "Preferred Stock Dividends": 67500.0,
        "Net Income": -1527178.0,
        "Net Income Including Noncontrolling Interests": -1527178.0,
        "Net Income Continuous Operations": -1527178.0,
        "Tax Provision": 0.0,
        "Pretax Income": -1527178.0,
        "Other Income Expense": NaN,
        "Special Income Charges": 0.0,
        "Other Special Charges": NaN,
        "Net Non Operating Interest Income Expense": -271466.0,
        "Total Other Finance Cost": 271466.0,
        "Interest Expense Non Operating": NaN,
        "Operating Income": -1255712.0,
        "Operating Expense": 1755368.0,
        "Selling General And Administration": 1755368.0,
        "Selling And Marketing Expense": 251400.0,
        "General And Administrative Expense": 1503968.0,
        "Other Gand A": 1503968.0,
        "Gross Profit": 499656.0,
        "Cost Of Revenue": 1726658.0,
        "Total Revenue": 2226314.0,
        "Excise Taxes": 17249.0,
        "Operating Revenue": 2243563.0
    },
    "2024-07-31": {
        "Tax Effect Of Unusual Items": 0.0,
        "Tax Rate For Calcs": 0.0,
        "Normalized EBITDA": -1221006.0,
        "Total Unusual Items": 0.0,
        "Total Unusual Items Excluding Goodwill": 0.0,
        "Net Income From Continuing Operation Net Minority Interest": -1571861.0,
        "Reconciled Depreciation": 196772.0,
        "Reconciled Cost Of Revenue": 344998.0,
        "EBITDA": -1221006.0,
        "EBIT": -1417778.0,
        "Net Interest Income": -154083.0,
        "Interest Expense": 154083.0,
        "Normalized Income": -1571861.0,
        "Net Income From Continuing And Discontinued Operation": -1571861.0,
        "Total Expenses": 2131592.0,
        "Diluted Average Shares": 4482527.0,
        "Basic Average Shares": 4482527.0,
        "Diluted EPS": -0.39,
        "Basic EPS": -0.39,
        "Diluted NI Availto Com Stockholders": -1751861.0,
        "Net Income Common Stockholders": -1751861.0,
        "Preferred Stock Dividends": 180000.0,
        "Net Income": -1571861.0,
        "Net Income Including Noncontrolling Interests": -1571861.0,
        "Net Income Continuous Operations": -1571861.0,
        "Tax Provision": 0.0,
        "Pretax Income": -1571861.0,
        "Other Income Expense": NaN,
        "Special Income Charges": 0.0,
        "Other Special Charges": NaN,
        "Net Non Operating Interest Income Expense": -154083.0,
        "Total Other Finance Cost": NaN,
        "Interest Expense Non Operating": 154083.0,
        "Operating Income": -1417778.0,
        "Operating Expense": 1786594.0,
        "Selling General And Administration": 1786594.0,
        "Selling And Marketing Expense": 30000.0,
        "General And Administrative Expense": 1756594.0,
        "Other Gand A": 1756594.0,
        "Gross Profit": 368816.0,
        "Cost Of Revenue": 344998.0,
        "Total Revenue": 713814.0,
        "Excise Taxes": 3785.0,
        "Operating Revenue": 717599.0
    },
    "2024-10-31": {
        "Tax Effect Of Unusual Items": 0.0,
        "Tax Rate For Calcs": 0.21,
        "Normalized EBITDA": -1266747.0,
        "Total Unusual Items": 0.0,
        "Total Unusual Items Excluding Goodwill": 0.0,
        "Net Income From Continuing Operation Net Minority Interest": -1486557.0,
        "Reconciled Depreciation": 196775.0,
        "Reconciled Cost Of Revenue": 196080.0,
        "EBITDA": -1266747.0,
        "EBIT": -1463522.0,
        "Net Interest Income": -4092.0,
        "Interest Expense": 4092.0,
        "Normalized Income": -1486557.0,
        "Net Income From Continuing And Discontinued Operation": -1486557.0,
        "Total Expenses": 2055700.0,
        "Diluted Average Shares": NaN,
        "Basic Average Shares": NaN,
        "Diluted EPS": NaN,
        "Basic EPS": NaN,
        "Diluted NI Availto Com Stockholders": -1441557.0,
        "Net Income Common Stockholders": -1441557.0,
        "Preferred Stock Dividends": -45000.0,
        "Net Income": -1486557.0,
        "Net Income Including Noncontrolling Interests": -1486557.0,
        "Net Income Continuous Operations": -1486557.0,
        "Tax Provision": 18943.0,
        "Pretax Income": -1467614.0,
        "Other Income Expense": -142786.0,
        "Special Income Charges": 0.0,
        "Other Special Charges": 0.0,
        "Net Non Operating Interest Income Expense": -4092.0,
        "Total Other Finance Cost": NaN,
        "Interest Expense Non Operating": 4092.0,
        "Operating Income": -1320736.0,
        "Operating Expense": 1859620.0,
        "Selling General And Administration": 1859620.0,
        "Selling And Marketing Expense": 0.0,
        "General And Administrative Expense": 1859620.0,
        "Other Gand A": 1859620.0,
        "Gross Profit": 538884.0,
        "Cost Of Revenue": 196080.0,
        "Total Revenue": 734964.0,
        "Excise Taxes": 0.0,
        "Operating Revenue": 734964.0
    },
    "2025-01-31": {
        "Tax Effect Of Unusual Items": 0.0,
        "Tax Rate For Calcs": 0.004643,
        "Normalized EBITDA": -3879154.0,
        "Total Unusual Items": 0.0,
        "Total Unusual Items Excluding Goodwill": 0.0,
        "Net Income From Continuing Operation Net Minority Interest": -4061080.0,
        "Reconciled Depreciation": 196776.0,
        "Reconciled Cost Of Revenue": 0.0,
        "EBITDA": -3879154.0,
        "EBIT": -4075930.0,
        "Net Interest Income": -4092.0,
        "Interest Expense": 4092.0,
        "Normalized Income": -4061080.0,
        "Net Income From Continuing And Discontinued Operation": -4061080.0,
        "Total Expenses": 4278533.0,
        "Diluted Average Shares": 9503715.0,
        "Basic Average Shares": 9503715.0,
        "Diluted EPS": -0.43,
        "Basic EPS": -0.43,
        "Diluted NI Availto Com Stockholders": -4083580.0,
        "Net Income Common Stockholders": -4083580.0,
        "Preferred Stock Dividends": 22500.0,
        "Net Income": -4061080.0,
        "Net Income Including Noncontrolling Interests": -4061080.0,
        "Net Income Continuous Operations": -4061080.0,
        "Tax Provision": -18942.0,
        "Pretax Income": -4080022.0,
        "Other Income Expense": NaN,
        "Special Income Charges": 0.0,
        "Other Special Charges": NaN,
        "Net Non Operating Interest Income Expense": -4092.0,
        "Total Other Finance Cost": NaN,
        "Interest Expense Non Operating": 4092.0,
        "Operating Income": -4075930.0,
        "Operating Expense": 4278533.0,
        "Selling General And Administration": 4278533.0,
        "Selling And Marketing Expense": 0.0,
        "General And Administrative Expense": 4278533.0,
        "Other Gand A": 4278533.0,
        "Gross Profit": 202603.0,
        "Cost Of Revenue": 0.0,
        "Total Revenue": 202603.0,
        "Excise Taxes": 0.0,
        "Operating Revenue": 202603.0
    }
}