{
    "2023-03-31": {
        "Tax Effect Of Unusual Items": NaN,
        "Tax Rate For Calcs": NaN,
        "Total Unusual Items": -956000000.0,
        "Total Unusual Items Excluding Goodwill": -956000000.0,
        "Net Income From Continuing Operation Net Minority Interest": NaN,
        "Reconciled Depreciation": NaN,
        "Net Interest Income": NaN,
        "Interest Expense": NaN,
        "Interest Income": NaN,
        "Normalized Income": NaN,
        "Net Income From Continuing And Discontinued Operation": NaN,
        "Rent Expense Supplemental": 24975000000.0,
        "Diluted Average Shares": NaN,
        "Basic Average Shares": NaN,
        "Diluted EPS": NaN,
        "Basic EPS": NaN,
        "Diluted NI Availto Com Stockholders": NaN,
        "Average Dilution Earnings": 604566012.0,
        "Net Income Common Stockholders": NaN,
        "Otherunder Preferred Stock Dividend": 40704075000.0,
        "Net Income": NaN,
        "Minority Interests": NaN,
        "Net Income Including Noncontrolling Interests": NaN,
        "Net Income Continuous Operations": NaN,
        "Tax Provision": NaN,
        "Pretax Income": NaN,
        "Other Non Operating Income Expenses": NaN,
        "Special Income Charges": -956000000.0,
        "Restructuring And Mergern Acquisition": 956000000.0,
        "Gain On Sale Of Security": NaN,
        "Depreciation Amortization Depletion Income Statement": 378916000000.0,
        "Depreciation And Amortization In Income Statement": 378916000000.0,
        "Depreciation Income Statement": 378916000000.0,
        "Selling General And Administration": NaN,
        "Selling And Marketing Expense": 43992000000.0,
        "General And Administrative Expense": NaN,
        "Other Gand A": NaN,
        "Insurance And Claims": NaN,
        "Rent And Landing Fees": 24975000000.0,
        "Salaries And Wages": 948731000000.0,
        "Total Revenue": NaN,
        "Operating Revenue": NaN,
        "Occupancy And Equipment": 4210000000.0,
        "Other Non Interest Expense": NaN
    },
    "2022-12-31": {
        "Tax Effect Of Unusual Items": NaN,
        "Tax Rate For Calcs": NaN,
        "Total Unusual Items": 159654000000.0,
        "Total Unusual Items Excluding Goodwill": 159654000000.0,
        "Net Income From Continuing Operation Net Minority Interest": NaN,
        "Reconciled Depreciation": 269892000000.0,
        "Net Interest Income": NaN,
        "Interest Expense": NaN,
        "Interest Income": NaN,
        "Normalized Income": NaN,
        "Net Income From Continuing And Discontinued Operation": NaN,
        "Rent Expense Supplemental": 33342000000.0,
        "Diluted Average Shares": NaN,
        "Basic Average Shares": NaN,
        "Diluted EPS": NaN,
        "Basic EPS": NaN,
        "Diluted NI Availto Com Stockholders": NaN,
        "Average Dilution Earnings": NaN,
        "Net Income Common Stockholders": NaN,
        "Otherunder Preferred Stock Dividend": NaN,
        "Net Income": NaN,
        "Minority Interests": NaN,
        "Net Income Including Noncontrolling Interests": NaN,
        "Net Income Continuous Operations": NaN,
        "Tax Provision": NaN,
        "Pretax Income": NaN,
        "Other Non Operating Income Expenses": NaN,
        "Special Income Charges": 159654000000.0,
        "Restructuring And Mergern Acquisition": -6641000000.0,
        "Gain On Sale Of Security": NaN,
        "Depreciation Amortization Depletion Income Statement": 417764000000.0,
        "Depreciation And Amortization In Income Statement": 417764000000.0,
        "Depreciation Income Statement": 417764000000.0,
        "Selling General And Administration": NaN,
        "Selling And Marketing Expense": 85435000000.0,
        "General And Administrative Expense": NaN,
        "Other Gand A": NaN,
        "Insurance And Claims": 436436000000.0,
        "Rent And Landing Fees": 33342000000.0,
        "Salaries And Wages": 1525426000000.0,
        "Total Revenue": NaN,
        "Operating Revenue": NaN,
        "Occupancy And Equipment": 24477000000.0,
        "Other Non Interest Expense": NaN
    },
    "2022-09-30": {
        "Tax Effect Of Unusual Items": NaN,
        "Tax Rate For Calcs": NaN,
        "Total Unusual Items": -3080000000.0,
        "Total Unusual Items Excluding Goodwill": -3080000000.0,
        "Net Income From Continuing Operation Net Minority Interest": NaN,
        "Reconciled Depreciation": 359622000000.0,
        "Net Interest Income": NaN,
        "Interest Expense": NaN,
        "Interest Income": NaN,
        "Normalized Income": NaN,
        "Net Income From Continuing And Discontinued Operation": NaN,
        "Rent Expense Supplemental": 31254000000.0,
        "Diluted Average Shares": NaN,
        "Basic Average Shares": NaN,
        "Diluted EPS": NaN,
        "Basic EPS": NaN,
        "Diluted NI Availto Com Stockholders": NaN,
        "Average Dilution Earnings": 600130825.0,
        "Net Income Common Stockholders": NaN,
        "Otherunder Preferred Stock Dividend": 34514176495.0,
        "Net Income": NaN,
        "Minority Interests": NaN,
        "Net Income Including Noncontrolling Interests": NaN,
        "Net Income Continuous Operations": NaN,
        "Tax Provision": NaN,
        "Pretax Income": NaN,
        "Other Non Operating Income Expenses": NaN,
        "Special Income Charges": -3080000000.0,
        "Restructuring And Mergern Acquisition": 3080000000.0,
        "Gain On Sale Of Security": NaN,
        "Depreciation Amortization Depletion Income Statement": 394691000000.0,
        "Depreciation And Amortization In Income Statement": 394691000000.0,
        "Depreciation Income Statement": 394691000000.0,
        "Selling General And Administration": NaN,
        "Selling And Marketing Expense": 49223000000.0,
        "General And Administrative Expense": NaN,
        "Other Gand A": NaN,
        "Insurance And Claims": 151531000000.0,
        "Rent And Landing Fees": 31254000000.0,
        "Salaries And Wages": 1057509000000.0,
        "Total Revenue": NaN,
        "Operating Revenue": NaN
    },
    "2022-06-30": {
        "Tax Effect Of Unusual Items": -851914136.084752,
        "Tax Rate For Calcs": 0.270106,
        "Total Unusual Items": -3154000000.0,
        "Total Unusual Items Excluding Goodwill": -3154000000.0,
        "Net Income From Continuing Operation Net Minority Interest": 1303469000000.0,
        "Reconciled Depreciation": 248320000000.0,
        "Net Interest Income": 3234729000000.0,
        "Interest Expense": 1460411000000.0,
        "Interest Income": 4695140000000.0,
        "Normalized Income": 1305771085863.9153,
        "Net Income From Continuing And Discontinued Operation": 1303469000000.0,
        "Rent Expense Supplemental": 28162000000.0,
        "Diluted Average Shares": 398346423.0,
        "Basic Average Shares": 389610893.0,
        "Diluted EPS": 2967.0,
        "Basic EPS": 3032.0,
        "Diluted NI Availto Com Stockholders": 1275411268539.0,
        "Average Dilution Earnings": 593607663.0,
        "Net Income Common Stockholders": 1274817660876.0,
        "Otherunder Preferred Stock Dividend": 28651339124.0,
        "Net Income": 1303469000000.0,
        "Minority Interests": -4534000000.0,
        "Net Income Including Noncontrolling Interests": 1308003000000.0,
        "Net Income Continuous Operations": 1308003000000.0,
        "Tax Provision": 484042000000.0,
        "Pretax Income": 1792045000000.0,
        "Other Non Operating Income Expenses": 220073000000.0,
        "Special Income Charges": -3154000000.0,
        "Restructuring And Mergern Acquisition": 3154000000.0,
        "Gain On Sale Of Security": -295569000000.0,
        "Depreciation Amortization Depletion Income Statement": 379880000000.0,
        "Depreciation And Amortization In Income Statement": 379880000000.0,
        "Depreciation Income Statement": 379880000000.0,
        "Selling General And Administration": 1521166000000.0,
        "Selling And Marketing Expense": 64483000000.0,
        "General And Administrative Expense": 1456683000000.0,
        "Other Gand A": 216831000000.0,
        "Insurance And Claims": 150057000000.0,
        "Rent And Landing Fees": 28162000000.0,
        "Salaries And Wages": 1211690000000.0,
        "Total Revenue": 4657052000000.0,
        "Operating Revenue": 4657052000000.0
    },
    "2023-06-30": {
        "Tax Effect Of Unusual Items": NaN,
        "Tax Rate For Calcs": NaN,
        "Total Unusual Items": NaN,
        "Total Unusual Items Excluding Goodwill": NaN,
        "Net Income From Continuing Operation Net Minority Interest": NaN,
        "Reconciled Depreciation": 211331000000.0,
        "Net Interest Income": NaN,
        "Interest Expense": NaN,
        "Interest Income": NaN,
        "Normalized Income": NaN,
        "Net Income From Continuing And Discontinued Operation": NaN,
        "Rent Expense Supplemental": NaN,
        "Diluted Average Shares": 405770439.0,
        "Basic Average Shares": 396958686.0,
        "Diluted EPS": 3694.0,
        "Basic EPS": 3776.0,
        "Diluted NI Availto Com Stockholders": NaN,
        "Average Dilution Earnings": 611283413.0,
        "Net Income Common Stockholders": NaN,
        "Otherunder Preferred Stock Dividend": 48070480253.0,
        "Net Income": NaN,
        "Minority Interests": NaN,
        "Net Income Including Noncontrolling Interests": NaN,
        "Net Income Continuous Operations": NaN,
        "Tax Provision": NaN,
        "Pretax Income": NaN,
        "Other Non Operating Income Expenses": NaN,
        "Special Income Charges": NaN,
        "Restructuring And Mergern Acquisition": NaN,
        "Gain On Sale Of Security": NaN,
        "Depreciation Amortization Depletion Income Statement": 177103000000.0,
        "Depreciation And Amortization In Income Statement": 177103000000.0,
        "Depreciation Income Statement": 177103000000.0,
        "Selling General And Administration": NaN,
        "Selling And Marketing Expense": NaN,
        "General And Administrative Expense": NaN,
        "Other Gand A": NaN,
        "Insurance And Claims": 31785000000.0,
        "Rent And Landing Fees": NaN,
        "Salaries And Wages": NaN,
        "Total Revenue": NaN,
        "Operating Revenue": NaN,
        "Occupancy And Equipment": NaN,
        "Other Non Interest Expense": NaN
    },
    "2023-09-30": {
        "Tax Effect Of Unusual Items": NaN,
        "Tax Rate For Calcs": NaN,
        "Total Unusual Items": -2000000.0,
        "Total Unusual Items Excluding Goodwill": -2000000.0,
        "Net Income From Continuing Operation Net Minority Interest": NaN,
        "Reconciled Depreciation": NaN,
        "Net Interest Income": NaN,
        "Interest Expense": NaN,
        "Interest Income": NaN,
        "Normalized Income": NaN,
        "Net Income From Continuing And Discontinued Operation": NaN,
        "Rent Expense Supplemental": 23582000000.0,
        "Diluted Average Shares": 406440024.0,
        "Basic Average Shares": 383565730.0,
        "Diluted EPS": 3368.0,
        "Basic EPS": 3444.0,
        "Diluted NI Availto Com Stockholders": NaN,
        "Average Dilution Earnings": NaN,
        "Net Income Common Stockholders": NaN,
        "Otherunder Preferred Stock Dividend": NaN,
        "Net Income": NaN,
        "Minority Interests": NaN,
        "Net Income Including Noncontrolling Interests": NaN,
        "Net Income Continuous Operations": NaN,
        "Tax Provision": NaN,
        "Pretax Income": NaN,
        "Other Non Operating Income Expenses": NaN,
        "Special Income Charges": -2000000.0,
        "Restructuring And Mergern Acquisition": 2000000.0,
        "Gain On Sale Of Security": NaN,
        "Depreciation Amortization Depletion Income Statement": 398345000000.0,
        "Depreciation And Amortization In Income Statement": 398345000000.0,
        "Depreciation Income Statement": 398345000000.0,
        "Selling General And Administration": NaN,
        "Selling And Marketing Expense": 54257000000.0,
        "General And Administrative Expense": NaN,
        "Other Gand A": NaN,
        "Insurance And Claims": NaN,
        "Rent And Landing Fees": 23582000000.0,
        "Salaries And Wages": 940761000000.0,
        "Total Revenue": NaN,
        "Operating Revenue": NaN,
        "Occupancy And Equipment": 16144000000.0,
        "Other Non Interest Expense": NaN
    },
    "2023-12-31": {
        "Tax Effect Of Unusual Items": NaN,
        "Tax Rate For Calcs": NaN,
        "Total Unusual Items": NaN,
        "Total Unusual Items Excluding Goodwill": NaN,
        "Net Income From Continuing Operation Net Minority Interest": NaN,
        "Reconciled Depreciation": 232510000000.0,
        "Net Interest Income": NaN,
        "Interest Expense": NaN,
        "Interest Income": NaN,
        "Normalized Income": NaN,
        "Net Income From Continuing And Discontinued Operation": NaN,
        "Rent Expense Supplemental": NaN,
        "Diluted Average Shares": NaN,
        "Basic Average Shares": NaN,
        "Diluted EPS": NaN,
        "Basic EPS": NaN,
        "Diluted NI Availto Com Stockholders": NaN,
        "Average Dilution Earnings": NaN,
        "Net Income Common Stockholders": NaN,
        "Otherunder Preferred Stock Dividend": NaN,
        "Net Income": NaN,
        "Minority Interests": NaN,
        "Net Income Including Noncontrolling Interests": NaN,
        "Net Income Continuous Operations": NaN,
        "Tax Provision": NaN,
        "Pretax Income": NaN,
        "Other Non Operating Income Expenses": NaN,
        "Special Income Charges": NaN,
        "Restructuring And Mergern Acquisition": NaN,
        "Gain On Sale Of Security": NaN,
        "Depreciation Amortization Depletion Income Statement": NaN,
        "Depreciation And Amortization In Income Statement": NaN,
        "Depreciation Income Statement": NaN,
        "Selling General And Administration": NaN,
        "Selling And Marketing Expense": NaN,
        "General And Administrative Expense": NaN,
        "Other Gand A": NaN,
        "Insurance And Claims": NaN,
        "Rent And Landing Fees": NaN,
        "Salaries And Wages": NaN,
        "Total Revenue": NaN,
        "Operating Revenue": NaN,
        "Occupancy And Equipment": NaN,
        "Other Non Interest Expense": NaN
    },
    "2024-03-31": {
        "Tax Effect Of Unusual Items": NaN,
        "Tax Rate For Calcs": NaN,
        "Total Unusual Items": NaN,
        "Total Unusual Items Excluding Goodwill": NaN,
        "Net Income From Continuing Operation Net Minority Interest": NaN,
        "Reconciled Depreciation": NaN,
        "Net Interest Income": NaN,
        "Interest Expense": NaN,
        "Interest Income": NaN,
        "Normalized Income": NaN,
        "Net Income From Continuing And Discontinued Operation": NaN,
        "Rent Expense Supplemental": NaN,
        "Diluted Average Shares": 387560164.0,
        "Basic Average Shares": 381106133.0,
        "Diluted EPS": 2565.0,
        "Basic EPS": 2608.0,
        "Diluted NI Availto Com Stockholders": NaN,
        "Average Dilution Earnings": 306631690.0,
        "Net Income Common Stockholders": NaN,
        "Otherunder Preferred Stock Dividend": 48070089438.0,
        "Net Income": NaN,
        "Minority Interests": NaN,
        "Net Income Including Noncontrolling Interests": NaN,
        "Net Income Continuous Operations": NaN,
        "Tax Provision": NaN,
        "Pretax Income": NaN,
        "Other Non Operating Income Expenses": NaN,
        "Special Income Charges": NaN,
        "Restructuring And Mergern Acquisition": NaN,
        "Gain On Sale Of Security": NaN,
        "Depreciation Amortization Depletion Income Statement": NaN,
        "Depreciation And Amortization In Income Statement": NaN,
        "Depreciation Income Statement": NaN,
        "Selling General And Administration": NaN,
        "Selling And Marketing Expense": NaN,
        "General And Administrative Expense": NaN,
        "Other Gand A": NaN,
        "Insurance And Claims": NaN,
        "Rent And Landing Fees": NaN,
        "Salaries And Wages": NaN,
        "Total Revenue": NaN,
        "Operating Revenue": NaN,
        "Occupancy And Equipment": NaN,
        "Other Non Interest Expense": NaN
    },
    "2024-06-30": {
        "Tax Effect Of Unusual Items": NaN,
        "Tax Rate For Calcs": NaN,
        "Total Unusual Items": NaN,
        "Total Unusual Items Excluding Goodwill": NaN,
        "Net Income From Continuing Operation Net Minority Interest": NaN,
        "Reconciled Depreciation": NaN,
        "Net Interest Income": NaN,
        "Interest Expense": NaN,
        "Interest Income": NaN,
        "Normalized Income": NaN,
        "Net Income From Continuing And Discontinued Operation": NaN,
        "Rent Expense Supplemental": NaN,
        "Diluted Average Shares": 383801687.0,
        "Basic Average Shares": 380328992.0,
        "Diluted EPS": 4377.0,
        "Basic EPS": 4417.0,
        "Diluted NI Availto Com Stockholders": NaN,
        "Average Dilution Earnings": 0.0,
        "Net Income Common Stockholders": NaN,
        "Otherunder Preferred Stock Dividend": 52460089643.0,
        "Net Income": NaN,
        "Minority Interests": NaN,
        "Net Income Including Noncontrolling Interests": NaN,
        "Net Income Continuous Operations": NaN,
        "Tax Provision": NaN,
        "Pretax Income": NaN,
        "Other Non Operating Income Expenses": NaN,
        "Special Income Charges": NaN,
        "Restructuring And Mergern Acquisition": NaN,
        "Gain On Sale Of Security": NaN,
        "Depreciation Amortization Depletion Income Statement": NaN,
        "Depreciation And Amortization In Income Statement": NaN,
        "Depreciation Income Statement": NaN,
        "Selling General And Administration": NaN,
        "Selling And Marketing Expense": NaN,
        "General And Administrative Expense": NaN,
        "Other Gand A": NaN,
        "Insurance And Claims": NaN,
        "Rent And Landing Fees": NaN,
        "Salaries And Wages": NaN,
        "Total Revenue": NaN,
        "Operating Revenue": NaN,
        "Occupancy And Equipment": NaN,
        "Other Non Interest Expense": NaN
    },
    "2024-09-30": {
        "Tax Effect Of Unusual Items": -130086925.259774,
        "Tax Rate For Calcs": 0.301127,
        "Total Unusual Items": -432000000.0,
        "Total Unusual Items Excluding Goodwill": -432000000.0,
        "Net Income From Continuing Operation Net Minority Interest": 1619718000000.0,
        "Reconciled Depreciation": 232219000000.0,
        "Net Interest Income": 3187545000000.0,
        "Interest Expense": 4450130000000.0,
        "Interest Income": 7637675000000.0,
        "Normalized Income": 1620019913074.7402,
        "Net Income From Continuing And Discontinued Operation": 1619718000000.0,
        "Rent Expense Supplemental": 23079000000.0,
        "Diluted Average Shares": 382513572.0,
        "Basic Average Shares": 378880364.0,
        "Diluted EPS": 4105.0,
        "Basic EPS": 4144.0,
        "Diluted NI Availto Com Stockholders": 1570083420178.0,
        "Average Dilution Earnings": 0.0,
        "Net Income Common Stockholders": 1570083420178.0,
        "Otherunder Preferred Stock Dividend": 49634579822.0,
        "Net Income": 1619718000000.0,
        "Minority Interests": 17907000000.0,
        "Net Income Including Noncontrolling Interests": 1601811000000.0,
        "Net Income Continuous Operations": 1601811000000.0,
        "Tax Provision": 690181000000.0,
        "Pretax Income": 2291992000000.0,
        "Other Non Operating Income Expenses": -76170000000.0,
        "Special Income Charges": -432000000.0,
        "Restructuring And Mergern Acquisition": 432000000.0,
        "Gain On Sale Of Security": 797320000000.0,
        "Depreciation Amortization Depletion Income Statement": 407569000000.0,
        "Depreciation And Amortization In Income Statement": 407569000000.0,
        "Depreciation Income Statement": 407569000000.0,
        "Selling General And Administration": 1421577000000.0,
        "Selling And Marketing Expense": 59430000000.0,
        "General And Administrative Expense": 1362147000000.0,
        "Other Gand A": 211873000000.0,
        "Insurance And Claims": 147862000000.0,
        "Rent And Landing Fees": 23079000000.0,
        "Salaries And Wages": 979333000000.0,
        "Total Revenue": 5119268000000.0,
        "Operating Revenue": 5119268000000.0,
        "Occupancy And Equipment": 4729000000.0,
        "Other Non Interest Expense": 421514000000.0
    },
    "2024-12-31": {
        "Tax Effect Of Unusual Items": -97522053436.89824,
        "Tax Rate For Calcs": 0.287427,
        "Total Unusual Items": -339293000000.0,
        "Total Unusual Items Excluding Goodwill": -339293000000.0,
        "Net Income From Continuing Operation Net Minority Interest": 682932000000.0,
        "Reconciled Depreciation": 240345000000.0,
        "Net Interest Income": 3304025000000.0,
        "Interest Expense": 4324025000000.0,
        "Interest Income": 7628050000000.0,
        "Normalized Income": 924702946563.1018,
        "Net Income From Continuing And Discontinued Operation": 682932000000.0,
        "Rent Expense Supplemental": 25752000000.0,
        "Diluted Average Shares": NaN,
        "Basic Average Shares": NaN,
        "Diluted EPS": NaN,
        "Basic EPS": NaN,
        "Diluted NI Availto Com Stockholders": 483439375201.0,
        "Average Dilution Earnings": NaN,
        "Net Income Common Stockholders": 483132743511.0,
        "Otherunder Preferred Stock Dividend": NaN,
        "Net Income": 682932000000.0,
        "Minority Interests": 24244000000.0,
        "Net Income Including Noncontrolling Interests": 658688000000.0,
        "Net Income Continuous Operations": 658688000000.0,
        "Tax Provision": 265692000000.0,
        "Pretax Income": 924380000000.0,
        "Other Non Operating Income Expenses": -75355000000.0,
        "Special Income Charges": -339293000000.0,
        "Restructuring And Mergern Acquisition": 303455000000.0,
        "Gain On Sale Of Security": -466199000000.0,
        "Depreciation Amortization Depletion Income Statement": 412003000000.0,
        "Depreciation And Amortization In Income Statement": 412003000000.0,
        "Depreciation Income Statement": 412003000000.0,
        "Selling General And Administration": 1875107000000.0,
        "Selling And Marketing Expense": 78627000000.0,
        "General And Administrative Expense": 1796480000000.0,
        "Other Gand A": 268582000000.0,
        "Insurance And Claims": 512719000000.0,
        "Rent And Landing Fees": 25752000000.0,
        "Salaries And Wages": 989427000000.0,
        "Total Revenue": 4774115000000.0,
        "Operating Revenue": 4774115000000.0,
        "Occupancy And Equipment": 4859000000.0,
        "Other Non Interest Expense": 560434000000.0
    },
    "2025-03-31": {
        "Tax Effect Of Unusual Items": -535951931.105702,
        "Tax Rate For Calcs": 0.263367,
        "Total Unusual Items": -2035000000.0,
        "Total Unusual Items Excluding Goodwill": -2035000000.0,
        "Net Income From Continuing Operation Net Minority Interest": 1697271000000.0,
        "Reconciled Depreciation": 223912000000.0,
        "Net Interest Income": 3262165000000.0,
        "Interest Expense": 4192776000000.0,
        "Interest Income": 7454941000000.0,
        "Normalized Income": 1698770048068.8943,
        "Net Income From Continuing And Discontinued Operation": 1697271000000.0,
        "Rent Expense Supplemental": 25394000000.0,
        "Diluted Average Shares": 375839357.0,
        "Basic Average Shares": 372004102.0,
        "Diluted EPS": 4384.0,
        "Basic EPS": 4429.0,
        "Diluted NI Availto Com Stockholders": 1647637329308.0,
        "Average Dilution Earnings": 0.0,
        "Net Income Common Stockholders": 1647637329308.0,
        "Otherunder Preferred Stock Dividend": 49633670692.0,
        "Net Income": 1697271000000.0,
        "Minority Interests": -1851000000.0,
        "Net Income Including Noncontrolling Interests": 1699122000000.0,
        "Net Income Continuous Operations": 1699122000000.0,
        "Tax Provision": 607484000000.0,
        "Pretax Income": 2306606000000.0,
        "Other Non Operating Income Expenses": 8130000000.0,
        "Special Income Charges": -2035000000.0,
        "Restructuring And Mergern Acquisition": 2035000000.0,
        "Gain On Sale Of Security": 619288000000.0,
        "Depreciation Amortization Depletion Income Statement": 391241000000.0,
        "Depreciation And Amortization In Income Statement": 391241000000.0,
        "Depreciation Income Statement": 391241000000.0,
        "Selling General And Administration": 1485094000000.0,
        "Selling And Marketing Expense": 34184000000.0,
        "General And Administrative Expense": 1450910000000.0,
        "Other Gand A": 208412000000.0,
        "Insurance And Claims": 249822000000.0,
        "Rent And Landing Fees": 25394000000.0,
        "Salaries And Wages": 967282000000.0,
        "Total Revenue": 5320913000000.0,
        "Operating Revenue": 5320913000000.0,
        "Occupancy And Equipment": 4576000000.0,
        "Other Non Interest Expense": 489342000000.0
    },
    "2025-06-30": {
        "Tax Effect Of Unusual Items": -210454474.570672,
        "Tax Rate For Calcs": 0.254172,
        "Total Unusual Items": -828000000.0,
        "Total Unusual Items Excluding Goodwill": -828000000.0,
        "Net Income From Continuing Operation Net Minority Interest": 1738422000000.0,
        "Reconciled Depreciation": 223218000000.0,
        "Net Interest Income": 3106526000000.0,
        "Interest Expense": 4178107000000.0,
        "Interest Income": 7284633000000.0,
        "Normalized Income": 1739039545525.4294,
        "Net Income From Continuing And Discontinued Operation": 1738422000000.0,
        "Rent Expense Supplemental": 22875000000.0,
        "Diluted Average Shares": 369038458.0,
        "Basic Average Shares": 365983134.0,
        "Diluted EPS": 4565.0,
        "Basic EPS": 4603.0,
        "Diluted NI Availto Com Stockholders": 1684737486585.0,
        "Average Dilution Earnings": 0.0,
        "Net Income Common Stockholders": 1684737486585.0,
        "Otherunder Preferred Stock Dividend": 53684513415.0,
        "Net Income": 1738422000000.0,
        "Minority Interests": -9158000000.0,
        "Net Income Including Noncontrolling Interests": 1747580000000.0,
        "Net Income Continuous Operations": 1747580000000.0,
        "Tax Provision": 595561000000.0,
        "Pretax Income": 2343141000000.0,
        "Other Non Operating Income Expenses": 205357000000.0,
        "Special Income Charges": -828000000.0,
        "Restructuring And Mergern Acquisition": 828000000.0,
        "Gain On Sale Of Security": 1540877000000.0,
        "Depreciation Amortization Depletion Income Statement": 389207000000.0,
        "Depreciation And Amortization In Income Statement": 389207000000.0,
        "Depreciation Income Statement": 389207000000.0,
        "Selling General And Administration": 1618127000000.0,
        "Selling And Marketing Expense": 60694000000.0,
        "General And Administrative Expense": 1557433000000.0,
        "Other Gand A": 216410000000.0,
        "Insurance And Claims": 259728000000.0,
        "Rent And Landing Fees": 22875000000.0,
        "Salaries And Wages": 1058420000000.0,
        "Total Revenue": 5412457000000.0,
        "Operating Revenue": 5412457000000.0,
        "Occupancy And Equipment": 4693000000.0,
        "Other Non Interest Expense": 611520000000.0
    },
    "2025-09-30": {
        "Tax Effect Of Unusual Items": -267794268.059235,
        "Tax Rate For Calcs": 0.268062,
        "Total Unusual Items": -999000000.0,
        "Total Unusual Items Excluding Goodwill": -999000000.0,
        "Net Income From Continuing Operation Net Minority Interest": 1686040000000.0,
        "Reconciled Depreciation": 228045000000.0,
        "Net Interest Income": 3336182000000.0,
        "Interest Expense": 3858787000000.0,
        "Interest Income": 7194969000000.0,
        "Normalized Income": 1686771205731.9407,
        "Net Income From Continuing And Discontinued Operation": 1686040000000.0,
        "Rent Expense Supplemental": 23414000000.0,
        "Diluted Average Shares": 366764821.0,
        "Basic Average Shares": 363482627.0,
        "Diluted EPS": 4458.0,
        "Basic EPS": 4498.0,
        "Diluted NI Availto Com Stockholders": 1635037323505.0,
        "Average Dilution Earnings": 0.0,
        "Net Income Common Stockholders": 1635037323505.0,
        "Otherunder Preferred Stock Dividend": 51002676495.0,
        "Net Income": 1686040000000.0,
        "Minority Interests": 30812000000.0,
        "Net Income Including Noncontrolling Interests": 1655228000000.0,
        "Net Income Continuous Operations": 1655228000000.0,
        "Tax Provision": 606205000000.0,
        "Pretax Income": 2261433000000.0,
        "Other Non Operating Income Expenses": -78970000000.0,
        "Special Income Charges": -999000000.0,
        "Restructuring And Mergern Acquisition": 999000000.0,
        "Gain On Sale Of Security": 470569000000.0,
        "Depreciation Amortization Depletion Income Statement": 392029000000.0,
        "Depreciation And Amortization In Income Statement": 392029000000.0,
        "Depreciation Income Statement": 392029000000.0,
        "Selling General And Administration": 1430967000000.0,
        "Selling And Marketing Expense": 59995000000.0,
        "General And Administrative Expense": 1370972000000.0,
        "Other Gand A": 199875000000.0,
        "Insurance And Claims": 155141000000.0,
        "Rent And Landing Fees": 23414000000.0,
        "Salaries And Wages": 992542000000.0,
        "Total Revenue": 5036164000000.0,
        "Operating Revenue": 5036164000000.0,
        "Occupancy And Equipment": 5057000000.0,
        "Other Non Interest Expense": 507630000000.0
    }
}