{
    "2023-03-31": {
        "Tax Effect Of Unusual Items": 0.0,
        "Tax Rate For Calcs": 0.0,
        "Normalized EBITDA": -2463218.0,
        "Total Unusual Items": 0.0,
        "Total Unusual Items Excluding Goodwill": 0.0,
        "Net Income From Continuing Operation Net Minority Interest": -2465664.0,
        "Reconciled Depreciation": 0.0,
        "EBITDA": -2463218.0,
        "EBIT": -2463218.0,
        "Net Interest Income": 1999.0,
        "Interest Expense": 2446.0,
        "Interest Income": 4445.0,
        "Normalized Income": -2465664.0,
        "Net Income From Continuing And Discontinued Operation": -2465664.0,
        "Total Expenses": 2497611.0,
        "Total Operating Income As Reported": -2485863.0,
        "Diluted Average Shares": 14440464.0,
        "Basic Average Shares": 14440464.0,
        "Diluted EPS": -0.17,
        "Basic EPS": -0.17,
        "Diluted NI Availto Com Stockholders": -2465664.0,
        "Net Income Common Stockholders": -2465664.0,
        "Net Income": -2465664.0,
        "Net Income Including Noncontrolling Interests": -2465664.0,
        "Net Income Continuous Operations": -2465664.0,
        "Pretax Income": -2465664.0,
        "Other Income Expense": 18200.0,
        "Other Non Operating Income Expenses": 18200.0,
        "Special Income Charges": 0.0,
        "Impairment Of Capital Assets": NaN,
        "Restructuring And Mergern Acquisition": 0.0,
        "Net Non Operating Interest Income Expense": 1999.0,
        "Interest Expense Non Operating": 2446.0,
        "Interest Income Non Operating": 4445.0,
        "Operating Income": -2485863.0,
        "Operating Expense": 2497611.0,
        "Other Operating Expenses": 519194.0,
        "Selling General And Administration": 1978417.0,
        "Selling And Marketing Expense": 735033.0,
        "General And Administrative Expense": 1243384.0,
        "Other Gand A": 1243384.0,
        "Total Revenue": 11748.0,
        "Operating Revenue": 11748.0
    },
    "2022-12-31": {
        "Tax Effect Of Unusual Items": 0.0,
        "Tax Rate For Calcs": 0.0,
        "Normalized EBITDA": -2506344.0,
        "Total Unusual Items": 0.0,
        "Total Unusual Items Excluding Goodwill": 0.0,
        "Net Income From Continuing Operation Net Minority Interest": -2508337.0,
        "Reconciled Depreciation": 0.0,
        "EBITDA": -2506344.0,
        "EBIT": -2506344.0,
        "Net Interest Income": 4683.0,
        "Interest Expense": 1993.0,
        "Interest Income": 6676.0,
        "Normalized Income": -2508337.0,
        "Net Income From Continuing And Discontinued Operation": -2508337.0,
        "Total Expenses": 2788961.0,
        "Total Operating Income As Reported": -2513020.0,
        "Diluted Average Shares": 14376174.0,
        "Basic Average Shares": 14376174.0,
        "Diluted EPS": -0.17,
        "Basic EPS": -0.17,
        "Diluted NI Availto Com Stockholders": -2508337.0,
        "Net Income Common Stockholders": -2508337.0,
        "Net Income": -2508337.0,
        "Net Income Including Noncontrolling Interests": -2508337.0,
        "Net Income Continuous Operations": -2508337.0,
        "Pretax Income": -2508337.0,
        "Other Income Expense": 0.0,
        "Other Non Operating Income Expenses": 0.0,
        "Special Income Charges": 0.0,
        "Impairment Of Capital Assets": 0.0,
        "Restructuring And Mergern Acquisition": 0.0,
        "Net Non Operating Interest Income Expense": 4683.0,
        "Interest Expense Non Operating": 1993.0,
        "Interest Income Non Operating": 6676.0,
        "Operating Income": -2513020.0,
        "Operating Expense": 2788961.0,
        "Other Operating Expenses": 394535.0,
        "Selling General And Administration": 2394426.0,
        "Selling And Marketing Expense": 660780.0,
        "General And Administrative Expense": 1733646.0,
        "Other Gand A": 1733646.0,
        "Total Revenue": 275941.0,
        "Operating Revenue": 275941.0
    },
    "2022-09-30": {
        "Tax Effect Of Unusual Items": 0.0,
        "Tax Rate For Calcs": 0.0,
        "Normalized EBITDA": -1671656.0,
        "Total Unusual Items": 0.0,
        "Total Unusual Items Excluding Goodwill": 0.0,
        "Net Income From Continuing Operation Net Minority Interest": -1674164.0,
        "Reconciled Depreciation": 0.0,
        "EBITDA": -1671656.0,
        "EBIT": -1671656.0,
        "Net Interest Income": 4388.0,
        "Interest Expense": 2508.0,
        "Interest Income": 6896.0,
        "Normalized Income": -1674164.0,
        "Net Income From Continuing And Discontinued Operation": -1674164.0,
        "Total Expenses": 2160364.0,
        "Total Operating Income As Reported": -1678552.0,
        "Diluted Average Shares": 14337412.0,
        "Basic Average Shares": 14337412.0,
        "Diluted EPS": -0.12,
        "Basic EPS": -0.12,
        "Diluted NI Availto Com Stockholders": -1674164.0,
        "Net Income Common Stockholders": -1674164.0,
        "Net Income": -1674164.0,
        "Net Income Including Noncontrolling Interests": -1674164.0,
        "Net Income Continuous Operations": -1674164.0,
        "Pretax Income": -1674164.0,
        "Other Income Expense": NaN,
        "Other Non Operating Income Expenses": NaN,
        "Special Income Charges": 0.0,
        "Impairment Of Capital Assets": 0.0,
        "Restructuring And Mergern Acquisition": 0.0,
        "Net Non Operating Interest Income Expense": 4388.0,
        "Interest Expense Non Operating": 2508.0,
        "Interest Income Non Operating": 6896.0,
        "Operating Income": -1678552.0,
        "Operating Expense": 2160364.0,
        "Other Operating Expenses": 292419.0,
        "Selling General And Administration": 1867945.0,
        "Selling And Marketing Expense": 735296.0,
        "General And Administrative Expense": 1132649.0,
        "Other Gand A": 1132649.0,
        "Total Revenue": 481812.0,
        "Operating Revenue": 481812.0
    },
    "2022-06-30": {
        "Tax Effect Of Unusual Items": 0.0,
        "Tax Rate For Calcs": 0.0,
        "Normalized EBITDA": -2522039.0,
        "Total Unusual Items": -3116544.0,
        "Total Unusual Items Excluding Goodwill": -3116544.0,
        "Net Income From Continuing Operation Net Minority Interest": -5809891.0,
        "Reconciled Depreciation": 168772.0,
        "EBITDA": -5638583.0,
        "EBIT": -5807355.0,
        "Net Interest Income": 198.0,
        "Interest Expense": 2536.0,
        "Interest Income": 2734.0,
        "Normalized Income": -2693347.0,
        "Net Income From Continuing And Discontinued Operation": -5809891.0,
        "Total Expenses": 3104870.0,
        "Total Operating Income As Reported": -5844441.0,
        "Diluted Average Shares": 14316483.0,
        "Basic Average Shares": 14316483.0,
        "Diluted EPS": -0.41,
        "Basic EPS": -0.41,
        "Diluted NI Availto Com Stockholders": -5809891.0,
        "Net Income Common Stockholders": -5809891.0,
        "Net Income": -5809891.0,
        "Net Income Including Noncontrolling Interests": -5809891.0,
        "Net Income Continuous Operations": -5809891.0,
        "Pretax Income": -5809891.0,
        "Other Income Expense": -3105570.0,
        "Other Non Operating Income Expenses": 10974.0,
        "Special Income Charges": -3116544.0,
        "Impairment Of Capital Assets": 3139922.0,
        "Restructuring And Mergern Acquisition": -23378.0,
        "Net Non Operating Interest Income Expense": 198.0,
        "Interest Expense Non Operating": 2536.0,
        "Interest Income Non Operating": 2734.0,
        "Operating Income": -2704519.0,
        "Operating Expense": 3104870.0,
        "Other Operating Expenses": 545239.0,
        "Selling General And Administration": 2559631.0,
        "Selling And Marketing Expense": 1050423.0,
        "General And Administrative Expense": 1509208.0,
        "Other Gand A": 1509208.0,
        "Total Revenue": 400351.0,
        "Operating Revenue": 400351.0
    },
    "2022-03-31": {
        "Diluted EPS": -0.25,
        "Total Revenue": 1,
        "Gross Profit": 1,
        "Operating Income": -4,
        "EBIT": -4,
        "Net Income": -4
    },
    "2021-12-31": {
        "Diluted EPS": -0.33,
        "Total Revenue": 1,
        "Gross Profit": 1,
        "Operating Income": -4,
        "EBIT": -4,
        "Net Income": -4
    },
    "2021-09-30": {
        "Diluted EPS": -0.16,
        "Total Revenue": 1,
        "Gross Profit": 1,
        "Operating Income": -2,
        "EBIT": -2,
        "Net Income": -2
    },
    "2021-06-30": {
        "Diluted EPS": -0.12,
        "Total Revenue": 0,
        "Gross Profit": 0,
        "Operating Income": -2,
        "EBIT": -2,
        "Net Income": -2
    },
    "2021-03-31": {
        "Diluted EPS": -0.14,
        "Total Revenue": 1,
        "Gross Profit": 1,
        "Operating Income": -2,
        "EBIT": -2,
        "Net Income": -2
    },
    "2020-12-31": {
        "Diluted EPS": -0.38,
        "Total Revenue": 1,
        "Gross Profit": 1,
        "Operating Income": -2,
        "EBIT": -2,
        "Net Income": -2
    },
    "2020-09-30": {
        "Diluted EPS": -1.03,
        "Total Revenue": 0,
        "Gross Profit": 0,
        "Operating Income": -1,
        "EBIT": 1,
        "Net Income": -6
    },
    "2020-06-30": {
        "Diluted EPS": -0.42,
        "Total Revenue": 0,
        "Gross Profit": 0,
        "Operating Income": -1,
        "EBIT": -1,
        "Net Income": -2
    },
    "2020-03-31": {
        "Diluted EPS": -0.02,
        "Total Revenue": 1,
        "Gross Profit": 1,
        "Operating Income": 0,
        "EBIT": 1,
        "Net Income": 0
    },
    "2019-12-31": {
        "Diluted EPS": 0.0,
        "Total Revenue": NaN,
        "Gross Profit": NaN,
        "Operating Income": NaN,
        "EBIT": NaN,
        "Net Income": NaN
    },
    "2019-09-30": {
        "Diluted EPS": -0.38,
        "Total Revenue": 0,
        "Gross Profit": 0,
        "Operating Income": -1,
        "EBIT": -1,
        "Net Income": -1
    },
    "2019-06-30": {
        "Diluted EPS": -0.32,
        "Total Revenue": 0,
        "Gross Profit": 0,
        "Operating Income": -1,
        "EBIT": -1,
        "Net Income": -1
    }
}