{
    "2023-06-30": {
        "Tax Effect Of Unusual Items": NaN,
        "Tax Rate For Calcs": NaN,
        "Normalized EBITDA": NaN,
        "Total Unusual Items": NaN,
        "Total Unusual Items Excluding Goodwill": NaN,
        "Net Income From Continuing Operation Net Minority Interest": NaN,
        "Reconciled Depreciation": NaN,
        "Reconciled Cost Of Revenue": NaN,
        "EBITDA": NaN,
        "EBIT": NaN,
        "Net Interest Income": NaN,
        "Interest Expense": NaN,
        "Normalized Income": NaN,
        "Net Income From Continuing And Discontinued Operation": NaN,
        "Total Expenses": NaN,
        "Total Operating Income As Reported": NaN,
        "Diluted Average Shares": NaN,
        "Basic Average Shares": NaN,
        "Diluted EPS": NaN,
        "Basic EPS": NaN,
        "Diluted NI Availto Com Stockholders": NaN,
        "Average Dilution Earnings": 0.0,
        "Net Income Common Stockholders": NaN,
        "Otherunder Preferred Stock Dividend": 0.0,
        "Net Income": NaN,
        "Minority Interests": NaN,
        "Net Income Including Noncontrolling Interests": NaN,
        "Net Income Continuous Operations": NaN,
        "Tax Provision": NaN,
        "Pretax Income": NaN,
        "Other Income Expense": NaN,
        "Other Non Operating Income Expenses": NaN,
        "Special Income Charges": NaN,
        "Gain On Sale Of Ppe": 0.0,
        "Other Special Charges": 144000000.0,
        "Earnings From Equity Interest": NaN,
        "Net Non Operating Interest Income Expense": NaN,
        "Interest Expense Non Operating": NaN,
        "Operating Income": NaN,
        "Operating Expense": NaN,
        "Other Operating Expenses": NaN,
        "Selling General And Administration": NaN,
        "Gross Profit": NaN,
        "Cost Of Revenue": NaN,
        "Total Revenue": NaN,
        "Operating Revenue": NaN
    },
    "2023-03-31": {
        "Tax Effect Of Unusual Items": NaN,
        "Tax Rate For Calcs": NaN,
        "Normalized EBITDA": NaN,
        "Total Unusual Items": NaN,
        "Total Unusual Items Excluding Goodwill": NaN,
        "Net Income From Continuing Operation Net Minority Interest": NaN,
        "Reconciled Depreciation": NaN,
        "Reconciled Cost Of Revenue": NaN,
        "EBITDA": NaN,
        "EBIT": NaN,
        "Net Interest Income": NaN,
        "Interest Expense": NaN,
        "Normalized Income": NaN,
        "Net Income From Continuing And Discontinued Operation": NaN,
        "Total Expenses": NaN,
        "Total Operating Income As Reported": NaN,
        "Diluted Average Shares": NaN,
        "Basic Average Shares": NaN,
        "Diluted EPS": NaN,
        "Basic EPS": NaN,
        "Diluted NI Availto Com Stockholders": NaN,
        "Average Dilution Earnings": 2000000.0,
        "Net Income Common Stockholders": NaN,
        "Otherunder Preferred Stock Dividend": NaN,
        "Net Income": NaN,
        "Minority Interests": NaN,
        "Net Income Including Noncontrolling Interests": NaN,
        "Net Income Continuous Operations": NaN,
        "Tax Provision": NaN,
        "Pretax Income": NaN,
        "Other Income Expense": NaN,
        "Other Non Operating Income Expenses": NaN,
        "Special Income Charges": NaN,
        "Gain On Sale Of Ppe": NaN,
        "Other Special Charges": NaN,
        "Earnings From Equity Interest": NaN,
        "Net Non Operating Interest Income Expense": NaN,
        "Interest Expense Non Operating": NaN,
        "Operating Income": NaN,
        "Operating Expense": NaN,
        "Other Operating Expenses": NaN,
        "Selling General And Administration": NaN,
        "Gross Profit": NaN,
        "Cost Of Revenue": NaN,
        "Total Revenue": NaN,
        "Operating Revenue": NaN
    },
    "2022-12-31": {
        "Tax Effect Of Unusual Items": NaN,
        "Tax Rate For Calcs": NaN,
        "Normalized EBITDA": NaN,
        "Total Unusual Items": NaN,
        "Total Unusual Items Excluding Goodwill": NaN,
        "Net Income From Continuing Operation Net Minority Interest": NaN,
        "Reconciled Depreciation": NaN,
        "Reconciled Cost Of Revenue": NaN,
        "EBITDA": NaN,
        "EBIT": NaN,
        "Net Interest Income": NaN,
        "Interest Expense": NaN,
        "Normalized Income": NaN,
        "Net Income From Continuing And Discontinued Operation": NaN,
        "Total Expenses": NaN,
        "Total Operating Income As Reported": NaN,
        "Diluted Average Shares": NaN,
        "Basic Average Shares": NaN,
        "Diluted EPS": NaN,
        "Basic EPS": NaN,
        "Diluted NI Availto Com Stockholders": NaN,
        "Average Dilution Earnings": NaN,
        "Net Income Common Stockholders": NaN,
        "Otherunder Preferred Stock Dividend": NaN,
        "Net Income": NaN,
        "Minority Interests": NaN,
        "Net Income Including Noncontrolling Interests": NaN,
        "Net Income Continuous Operations": NaN,
        "Tax Provision": NaN,
        "Pretax Income": NaN,
        "Other Income Expense": NaN,
        "Other Non Operating Income Expenses": NaN,
        "Special Income Charges": NaN,
        "Gain On Sale Of Ppe": NaN,
        "Other Special Charges": NaN,
        "Restructuring And Mergern Acquisition": 2000000.0,
        "Earnings From Equity Interest": NaN,
        "Gain On Sale Of Security": 0.0,
        "Net Non Operating Interest Income Expense": NaN,
        "Interest Expense Non Operating": NaN,
        "Operating Income": NaN,
        "Operating Expense": NaN,
        "Other Operating Expenses": NaN,
        "Selling General And Administration": NaN,
        "Gross Profit": NaN,
        "Cost Of Revenue": NaN,
        "Total Revenue": NaN,
        "Operating Revenue": NaN
    },
    "2022-09-30": {
        "Tax Effect Of Unusual Items": NaN,
        "Tax Rate For Calcs": NaN,
        "Normalized EBITDA": NaN,
        "Total Unusual Items": NaN,
        "Total Unusual Items Excluding Goodwill": NaN,
        "Net Income From Continuing Operation Net Minority Interest": NaN,
        "Reconciled Depreciation": NaN,
        "Reconciled Cost Of Revenue": NaN,
        "EBITDA": NaN,
        "EBIT": NaN,
        "Net Interest Income": NaN,
        "Interest Expense": NaN,
        "Normalized Income": NaN,
        "Net Income From Continuing And Discontinued Operation": NaN,
        "Total Expenses": NaN,
        "Total Operating Income As Reported": NaN,
        "Diluted Average Shares": NaN,
        "Basic Average Shares": NaN,
        "Diluted EPS": NaN,
        "Basic EPS": NaN,
        "Diluted NI Availto Com Stockholders": NaN,
        "Average Dilution Earnings": 2000000.0,
        "Net Income Common Stockholders": NaN,
        "Otherunder Preferred Stock Dividend": 0.0,
        "Net Income": NaN,
        "Minority Interests": NaN,
        "Net Income Including Noncontrolling Interests": NaN,
        "Net Income Continuous Operations": NaN,
        "Tax Provision": NaN,
        "Pretax Income": NaN,
        "Other Income Expense": NaN,
        "Other Non Operating Income Expenses": NaN,
        "Special Income Charges": NaN,
        "Gain On Sale Of Ppe": NaN,
        "Other Special Charges": NaN,
        "Restructuring And Mergern Acquisition": 1000000.0,
        "Earnings From Equity Interest": NaN,
        "Gain On Sale Of Security": NaN,
        "Net Non Operating Interest Income Expense": NaN,
        "Interest Expense Non Operating": NaN,
        "Operating Income": NaN,
        "Operating Expense": NaN,
        "Other Operating Expenses": 2000000.0,
        "Selling General And Administration": NaN,
        "Gross Profit": NaN,
        "Cost Of Revenue": NaN,
        "Total Revenue": NaN,
        "Operating Revenue": NaN
    },
    "2022-06-30": {
        "Tax Effect Of Unusual Items": 9880000.0,
        "Tax Rate For Calcs": 0.26,
        "Normalized EBITDA": 143000000.0,
        "Total Unusual Items": 38000000.0,
        "Total Unusual Items Excluding Goodwill": 38000000.0,
        "Net Income From Continuing Operation Net Minority Interest": 94000000.0,
        "Reconciled Depreciation": 33000000.0,
        "Reconciled Cost Of Revenue": 1415000000.0,
        "EBITDA": 181000000.0,
        "EBIT": 148000000.0,
        "Net Interest Income": -21000000.0,
        "Interest Expense": 21000000.0,
        "Normalized Income": 65880000.0,
        "Net Income From Continuing And Discontinued Operation": 94000000.0,
        "Total Expenses": 1520000000.0,
        "Total Operating Income As Reported": 127000000.0,
        "Diluted Average Shares": 156000000.0,
        "Basic Average Shares": 139000000.0,
        "Diluted EPS": 0.61,
        "Basic EPS": 0.68,
        "Diluted NI Availto Com Stockholders": 95000000.0,
        "Average Dilution Earnings": 1000000.0,
        "Net Income Common Stockholders": 94000000.0,
        "Otherunder Preferred Stock Dividend": NaN,
        "Net Income": 94000000.0,
        "Minority Interests": 0.0,
        "Net Income Including Noncontrolling Interests": 94000000.0,
        "Net Income Continuous Operations": 94000000.0,
        "Tax Provision": 33000000.0,
        "Pretax Income": 127000000.0,
        "Other Income Expense": 52000000.0,
        "Other Non Operating Income Expenses": 4000000.0,
        "Special Income Charges": 22000000.0,
        "Gain On Sale Of Ppe": 22000000.0,
        "Other Special Charges": NaN,
        "Restructuring And Mergern Acquisition": 0.0,
        "Earnings From Equity Interest": 10000000.0,
        "Gain On Sale Of Security": 16000000.0,
        "Net Non Operating Interest Income Expense": -21000000.0,
        "Interest Expense Non Operating": 21000000.0,
        "Operating Income": 96000000.0,
        "Operating Expense": 105000000.0,
        "Other Operating Expenses": 1000000.0,
        "Selling General And Administration": 105000000.0,
        "Gross Profit": 201000000.0,
        "Cost Of Revenue": 1415000000.0,
        "Total Revenue": 1616000000.0,
        "Operating Revenue": 1616000000.0
    },
    "2022-03-31": {
        "Diluted EPS": -0.51,
        "Total Revenue": NaN,
        "Gross Profit": 196,
        "Operating Income": -31,
        "EBIT": 2,
        "Net Income": -71
    },
    "2021-12-31": {
        "Diluted EPS": 0.54,
        "Total Revenue": NaN,
        "Gross Profit": 238,
        "Operating Income": 129,
        "EBIT": 161,
        "Net Income": 70
    },
    "2021-09-30": {
        "Diluted EPS": 0.38,
        "Total Revenue": NaN,
        "Gross Profit": 193,
        "Operating Income": 101,
        "EBIT": 139,
        "Net Income": 57
    },
    "2021-06-30": {
        "Diluted EPS": -1.06,
        "Total Revenue": NaN,
        "Gross Profit": 207,
        "Operating Income": -88,
        "EBIT": -50,
        "Net Income": -149
    },
    "2021-03-31": {
        "Diluted EPS": 0.33,
        "Total Revenue": NaN,
        "Gross Profit": 168,
        "Operating Income": 89,
        "EBIT": 127,
        "Net Income": 49
    },
    "2020-12-31": {
        "Diluted EPS": 0.21,
        "Total Revenue": NaN,
        "Gross Profit": 166,
        "Operating Income": 45,
        "EBIT": 86,
        "Net Income": 28
    },
    "2020-09-30": {
        "Diluted EPS": 0.36,
        "Total Revenue": NaN,
        "Gross Profit": 172,
        "Operating Income": 93,
        "EBIT": 119,
        "Net Income": 52
    },
    "2020-06-30": {
        "Diluted EPS": -0.28,
        "Total Revenue": NaN,
        "Gross Profit": 142,
        "Operating Income": -12,
        "EBIT": 46,
        "Net Income": -39
    },
    "2020-03-31": {
        "Diluted EPS": -0.73,
        "Total Revenue": NaN,
        "Gross Profit": 186,
        "Operating Income": -69,
        "EBIT": 20,
        "Net Income": -104
    },
    "2019-12-31": {
        "Diluted EPS": 0.4,
        "Total Revenue": NaN,
        "Gross Profit": 172,
        "Operating Income": 88,
        "EBIT": 116,
        "Net Income": 58
    },
    "2019-09-30": {
        "Diluted EPS": 0.39,
        "Total Revenue": NaN,
        "Gross Profit": 168,
        "Operating Income": 104,
        "EBIT": 132,
        "Net Income": 56
    },
    "2019-06-30": {
        "Diluted EPS": 0.34,
        "Total Revenue": NaN,
        "Gross Profit": 160,
        "Operating Income": 92,
        "EBIT": 115,
        "Net Income": 48
    },
    "2019-03-31": {
        "Diluted EPS": 0.28,
        "Total Revenue": NaN,
        "Gross Profit": 153,
        "Operating Income": 78,
        "EBIT": 103,
        "Net Income": 40
    },
    "2018-12-31": {
        "Diluted EPS": 0.33,
        "Total Revenue": NaN,
        "Gross Profit": 159,
        "Operating Income": 88,
        "EBIT": 104,
        "Net Income": 45
    },
    "2018-09-30": {
        "Diluted EPS": 0.38,
        "Total Revenue": NaN,
        "Gross Profit": 149,
        "Operating Income": 99,
        "EBIT": 116,
        "Net Income": 54
    },
    "2018-06-30": {
        "Diluted EPS": 0.31,
        "Total Revenue": NaN,
        "Gross Profit": 161,
        "Operating Income": 100,
        "EBIT": 117,
        "Net Income": 44
    },
    "2018-03-31": {
        "Diluted EPS": 0.97,
        "Total Revenue": NaN,
        "Gross Profit": 115,
        "Operating Income": 181,
        "EBIT": 194,
        "Net Income": 138
    },
    "2017-12-31": {
        "Diluted EPS": 1.93,
        "Total Revenue": 937,
        "Gross Profit": 162,
        "Operating Income": 25,
        "EBIT": 35,
        "Net Income": 273
    },
    "2017-09-30": {
        "Diluted EPS": 0.32,
        "Total Revenue": NaN,
        "Gross Profit": 87,
        "Operating Income": 73,
        "EBIT": 84,
        "Net Income": 45
    },
    "2017-06-30": {
        "Diluted EPS": 0.54,
        "Total Revenue": NaN,
        "Gross Profit": 108,
        "Operating Income": 103,
        "EBIT": 117,
        "Net Income": 77
    },
    "2017-03-31": {
        "Diluted EPS": 0.26,
        "Total Revenue": NaN,
        "Gross Profit": 82,
        "Operating Income": 63,
        "EBIT": 76,
        "Net Income": 37
    },
    "2016-12-31": {
        "Diluted EPS": -0.61,
        "Total Revenue": NaN,
        "Gross Profit": 6,
        "Operating Income": -33,
        "EBIT": -19,
        "Net Income": -87
    },
    "2016-09-30": {
        "Diluted EPS": -0.44,
        "Total Revenue": NaN,
        "Gross Profit": -36,
        "Operating Income": -67,
        "EBIT": -55,
        "Net Income": -63
    },
    "2016-06-30": {
        "Diluted EPS": 0.32,
        "Total Revenue": NaN,
        "Gross Profit": 74,
        "Operating Income": 63,
        "EBIT": 73,
        "Net Income": 47
    },
    "2016-03-31": {
        "Diluted EPS": 0.3,
        "Total Revenue": 996,
        "Gross Profit": 68,
        "Operating Income": 65,
        "EBIT": 74,
        "Net Income": 42
    },
    "2015-12-31": {
        "Diluted EPS": 0.29,
        "Total Revenue": NaN,
        "Gross Profit": 94,
        "Operating Income": 75,
        "EBIT": 85,
        "Net Income": 42
    },
    "2015-09-30": {
        "Diluted EPS": 0.38,
        "Total Revenue": NaN,
        "Gross Profit": 87,
        "Operating Income": 75,
        "EBIT": 85,
        "Net Income": 55
    },
    "2015-06-30": {
        "Diluted EPS": 0.43,
        "Total Revenue": NaN,
        "Gross Profit": 74,
        "Operating Income": 96,
        "EBIT": 104,
        "Net Income": 62
    },
    "2015-03-31": {
        "Diluted EPS": 0.3,
        "Total Revenue": NaN,
        "Gross Profit": 70,
        "Operating Income": 64,
        "EBIT": 75,
        "Net Income": 44
    },
    "2014-12-31": {
        "Diluted EPS": -8.52,
        "Total Revenue": NaN,
        "Gross Profit": -162,
        "Operating Income": -839,
        "EBIT": -376,
        "Net Income": NaN
    },
    "2014-09-30": {
        "Diluted EPS": 0.21,
        "Total Revenue": NaN,
        "Gross Profit": 30,
        "Operating Income": 10,
        "EBIT": 29,
        "Net Income": 30
    },
    "2014-06-30": {
        "Diluted EPS": -0.06,
        "Total Revenue": NaN,
        "Gross Profit": 28,
        "Operating Income": 25,
        "EBIT": 43,
        "Net Income": -8
    },
    "2014-03-31": {
        "Diluted EPS": -0.29,
        "Total Revenue": NaN,
        "Gross Profit": 39,
        "Operating Income": 10,
        "EBIT": 28,
        "Net Income": -43
    },
    "2013-12-31": {
        "Diluted EPS": -0.38,
        "Total Revenue": NaN,
        "Gross Profit": 7,
        "Operating Income": -27,
        "EBIT": -8,
        "Net Income": -56
    },
    "2013-09-30": {
        "Diluted EPS": -0.32,
        "Total Revenue": NaN,
        "Gross Profit": 114,
        "Operating Income": 79,
        "EBIT": 97,
        "Net Income": -47
    },
    "2013-06-30": {
        "Diluted EPS": 0.61,
        "Total Revenue": NaN,
        "Gross Profit": 140,
        "Operating Income": 123,
        "EBIT": 139,
        "Net Income": 90
    },
    "2013-03-31": {
        "Diluted EPS": 0.59,
        "Total Revenue": NaN,
        "Gross Profit": 156,
        "Operating Income": 133,
        "EBIT": 148,
        "Net Income": 88
    },
    "2012-12-31": {
        "Diluted EPS": 0.21,
        "Total Revenue": NaN,
        "Gross Profit": -53,
        "Operating Income": 69,
        "EBIT": 264,
        "Net Income": 30
    },
    "2012-09-30": {
        "Diluted EPS": -0.55,
        "Total Revenue": NaN,
        "Gross Profit": 225,
        "Operating Income": -11,
        "EBIT": 4,
        "Net Income": -81
    },
    "2012-06-30": {
        "Diluted EPS": 0.7,
        "Total Revenue": NaN,
        "Gross Profit": 183,
        "Operating Income": 129,
        "EBIT": 146,
        "Net Income": 104
    },
    "2012-03-31": {
        "Diluted EPS": 0.61,
        "Total Revenue": NaN,
        "Gross Profit": 163,
        "Operating Income": 112,
        "EBIT": 128,
        "Net Income": 91
    },
    "2011-12-31": {
        "Diluted EPS": 0.6,
        "Total Revenue": NaN,
        "Gross Profit": 28,
        "Operating Income": 136,
        "EBIT": 153,
        "Net Income": 90
    },
    "2011-09-30": {
        "Diluted EPS": 1.22,
        "Total Revenue": NaN,
        "Gross Profit": 199,
        "Operating Income": 138,
        "EBIT": 157,
        "Net Income": 185
    },
    "2011-06-30": {
        "Diluted EPS": 0.65,
        "Total Revenue": NaN,
        "Gross Profit": 226,
        "Operating Income": 169,
        "EBIT": 187,
        "Net Income": 100
    },
    "2011-03-31": {
        "Diluted EPS": 0.69,
        "Total Revenue": NaN,
        "Gross Profit": 187,
        "Operating Income": 144,
        "EBIT": 161,
        "Net Income": 105
    },
    "2010-12-31": {
        "Diluted EPS": 0.5,
        "Total Revenue": NaN,
        "Gross Profit": 205,
        "Operating Income": 148,
        "EBIT": 165,
        "Net Income": 78
    },
    "2010-09-30": {
        "Diluted EPS": 0.62,
        "Total Revenue": NaN,
        "Gross Profit": 217,
        "Operating Income": 163,
        "EBIT": 179,
        "Net Income": 97
    },
    "2010-06-30": {
        "Diluted EPS": 0.66,
        "Total Revenue": NaN,
        "Gross Profit": 256,
        "Operating Income": 199,
        "EBIT": 213,
        "Net Income": 106
    },
    "2010-03-31": {
        "Diluted EPS": 0.29,
        "Total Revenue": NaN,
        "Gross Profit": 148,
        "Operating Income": 99,
        "EBIT": 114,
        "Net Income": 46
    },
    "2009-12-31": {
        "Diluted EPS": 0.44,
        "Total Revenue": NaN,
        "Gross Profit": 183,
        "Operating Income": 124,
        "EBIT": 138,
        "Net Income": 73
    },
    "2009-09-30": {
        "Diluted EPS": 0.45,
        "Total Revenue": NaN,
        "Gross Profit": 192,
        "Operating Income": 131,
        "EBIT": 150,
        "Net Income": 73
    },
    "2009-06-30": {
        "Diluted EPS": 0.42,
        "Total Revenue": NaN,
        "Gross Profit": 191,
        "Operating Income": 137,
        "EBIT": 151,
        "Net Income": 67
    },
    "2009-03-31": {
        "Diluted EPS": 0.48,
        "Total Revenue": NaN,
        "Gross Profit": 191,
        "Operating Income": 144,
        "EBIT": 158,
        "Net Income": 77
    },
    "2023-09-30": {
        "Tax Effect Of Unusual Items": NaN,
        "Tax Rate For Calcs": NaN,
        "Normalized EBITDA": NaN,
        "Total Unusual Items": NaN,
        "Total Unusual Items Excluding Goodwill": NaN,
        "Net Income From Continuing Operation Net Minority Interest": NaN,
        "Reconciled Depreciation": NaN,
        "Reconciled Cost Of Revenue": NaN,
        "EBITDA": NaN,
        "EBIT": NaN,
        "Net Interest Income": NaN,
        "Interest Expense": NaN,
        "Normalized Income": NaN,
        "Net Income From Continuing And Discontinued Operation": NaN,
        "Total Expenses": NaN,
        "Total Operating Income As Reported": NaN,
        "Diluted Average Shares": NaN,
        "Basic Average Shares": NaN,
        "Diluted EPS": NaN,
        "Basic EPS": NaN,
        "Diluted NI Availto Com Stockholders": NaN,
        "Average Dilution Earnings": 0.0,
        "Net Income Common Stockholders": NaN,
        "Otherunder Preferred Stock Dividend": 0.0,
        "Net Income": NaN,
        "Minority Interests": NaN,
        "Net Income Including Noncontrolling Interests": NaN,
        "Net Income Continuous Operations": NaN,
        "Tax Provision": NaN,
        "Pretax Income": NaN,
        "Other Income Expense": NaN,
        "Other Non Operating Income Expenses": NaN,
        "Special Income Charges": NaN,
        "Gain On Sale Of Ppe": 0.0,
        "Other Special Charges": NaN,
        "Earnings From Equity Interest": NaN,
        "Net Non Operating Interest Income Expense": NaN,
        "Interest Expense Non Operating": NaN,
        "Operating Income": NaN,
        "Operating Expense": NaN,
        "Other Operating Expenses": NaN,
        "Selling General And Administration": NaN,
        "Gross Profit": NaN,
        "Cost Of Revenue": NaN,
        "Total Revenue": NaN,
        "Operating Revenue": NaN
    },
    "2023-12-31": {
        "Tax Effect Of Unusual Items": NaN,
        "Tax Rate For Calcs": NaN,
        "Normalized EBITDA": NaN,
        "Total Unusual Items": -7000000.0,
        "Total Unusual Items Excluding Goodwill": -7000000.0,
        "Net Income From Continuing Operation Net Minority Interest": NaN,
        "Reconciled Depreciation": NaN,
        "Reconciled Cost Of Revenue": NaN,
        "EBITDA": NaN,
        "EBIT": NaN,
        "Net Interest Income": NaN,
        "Interest Expense": NaN,
        "Normalized Income": NaN,
        "Net Income From Continuing And Discontinued Operation": NaN,
        "Total Expenses": NaN,
        "Total Operating Income As Reported": NaN,
        "Diluted Average Shares": NaN,
        "Basic Average Shares": NaN,
        "Diluted EPS": NaN,
        "Basic EPS": NaN,
        "Diluted NI Availto Com Stockholders": NaN,
        "Average Dilution Earnings": NaN,
        "Net Income Common Stockholders": NaN,
        "Otherunder Preferred Stock Dividend": NaN,
        "Net Income": NaN,
        "Minority Interests": NaN,
        "Net Income Including Noncontrolling Interests": NaN,
        "Net Income Discontinuous Operations": NaN,
        "Net Income Continuous Operations": NaN,
        "Tax Provision": NaN,
        "Pretax Income": NaN,
        "Other Income Expense": NaN,
        "Other Non Operating Income Expenses": NaN,
        "Special Income Charges": -7000000.0,
        "Gain On Sale Of Ppe": -7000000.0,
        "Other Special Charges": 0.0,
        "Earnings From Equity Interest": NaN,
        "Net Non Operating Interest Income Expense": NaN,
        "Interest Expense Non Operating": NaN,
        "Operating Income": NaN,
        "Operating Expense": NaN,
        "Other Operating Expenses": NaN,
        "Selling General And Administration": NaN,
        "Gross Profit": NaN,
        "Cost Of Revenue": NaN,
        "Total Revenue": NaN,
        "Operating Revenue": NaN
    },
    "2024-03-31": {
        "Tax Effect Of Unusual Items": NaN,
        "Tax Rate For Calcs": NaN,
        "Normalized EBITDA": NaN,
        "Total Unusual Items": 6000000.0,
        "Total Unusual Items Excluding Goodwill": 6000000.0,
        "Net Income From Continuing Operation Net Minority Interest": NaN,
        "Reconciled Depreciation": NaN,
        "Reconciled Cost Of Revenue": NaN,
        "EBITDA": NaN,
        "EBIT": NaN,
        "Net Interest Income": NaN,
        "Interest Expense": NaN,
        "Normalized Income": NaN,
        "Net Income From Continuing And Discontinued Operation": NaN,
        "Total Expenses": NaN,
        "Total Operating Income As Reported": NaN,
        "Diluted Average Shares": NaN,
        "Basic Average Shares": NaN,
        "Diluted EPS": NaN,
        "Basic EPS": NaN,
        "Diluted NI Availto Com Stockholders": NaN,
        "Average Dilution Earnings": 0.0,
        "Net Income Common Stockholders": NaN,
        "Otherunder Preferred Stock Dividend": 0.0,
        "Net Income": NaN,
        "Minority Interests": NaN,
        "Net Income Including Noncontrolling Interests": NaN,
        "Net Income Discontinuous Operations": NaN,
        "Net Income Continuous Operations": NaN,
        "Tax Provision": NaN,
        "Pretax Income": NaN,
        "Other Income Expense": NaN,
        "Other Non Operating Income Expenses": NaN,
        "Special Income Charges": 6000000.0,
        "Gain On Sale Of Ppe": 6000000.0,
        "Earnings From Equity Interest": NaN,
        "Net Non Operating Interest Income Expense": NaN,
        "Interest Expense Non Operating": NaN,
        "Operating Income": NaN,
        "Operating Expense": NaN,
        "Other Operating Expenses": -9000000.0,
        "Selling General And Administration": NaN,
        "Gross Profit": NaN,
        "Cost Of Revenue": NaN,
        "Total Revenue": NaN,
        "Operating Revenue": NaN
    },
    "2024-06-30": {
        "Tax Effect Of Unusual Items": 0.0,
        "Tax Rate For Calcs": 0.273973,
        "Normalized EBITDA": 213000000.0,
        "Total Unusual Items": 0.0,
        "Total Unusual Items Excluding Goodwill": 0.0,
        "Net Income From Continuing Operation Net Minority Interest": 105000000.0,
        "Reconciled Depreciation": 35000000.0,
        "Reconciled Cost Of Revenue": 1577000000.0,
        "EBITDA": 213000000.0,
        "EBIT": 178000000.0,
        "Net Interest Income": -32000000.0,
        "Interest Expense": 32000000.0,
        "Normalized Income": 105000000.0,
        "Net Income From Continuing And Discontinued Operation": 106000000.0,
        "Total Expenses": 1707000000.0,
        "Total Operating Income As Reported": 180000000.0,
        "Diluted Average Shares": 134000000.0,
        "Basic Average Shares": 133162928.0,
        "Diluted EPS": 0.79,
        "Basic EPS": 0.796017,
        "Diluted NI Availto Com Stockholders": 106000000.0,
        "Average Dilution Earnings": NaN,
        "Net Income Common Stockholders": 106000000.0,
        "Otherunder Preferred Stock Dividend": 0.0,
        "Net Income": 106000000.0,
        "Minority Interests": -1000000.0,
        "Net Income Including Noncontrolling Interests": 107000000.0,
        "Net Income Discontinuous Operations": 1000000.0,
        "Net Income Continuous Operations": 106000000.0,
        "Tax Provision": 40000000.0,
        "Pretax Income": 146000000.0,
        "Other Income Expense": 38000000.0,
        "Other Non Operating Income Expenses": -2000000.0,
        "Special Income Charges": 0.0,
        "Gain On Sale Of Ppe": 0.0,
        "Earnings From Equity Interest": 40000000.0,
        "Net Non Operating Interest Income Expense": -32000000.0,
        "Interest Expense Non Operating": 32000000.0,
        "Operating Income": 140000000.0,
        "Operating Expense": 130000000.0,
        "Other Operating Expenses": 1000000.0,
        "Selling General And Administration": 129000000.0,
        "Gross Profit": 270000000.0,
        "Cost Of Revenue": 1577000000.0,
        "Total Revenue": 1847000000.0,
        "Operating Revenue": 1847000000.0
    },
    "2024-09-30": {
        "Tax Effect Of Unusual Items": 0.0,
        "Tax Rate For Calcs": 0.24,
        "Normalized EBITDA": 212000000.0,
        "Total Unusual Items": 0.0,
        "Total Unusual Items Excluding Goodwill": 0.0,
        "Net Income From Continuing Operation Net Minority Interest": 100000000.0,
        "Reconciled Depreciation": 41000000.0,
        "Reconciled Cost Of Revenue": 1656000000.0,
        "EBITDA": 212000000.0,
        "EBIT": 171000000.0,
        "Net Interest Income": -37000000.0,
        "Interest Expense": 37000000.0,
        "Normalized Income": 100000000.0,
        "Net Income From Continuing And Discontinued Operation": 100000000.0,
        "Total Expenses": 1801000000.0,
        "Total Operating Income As Reported": 173000000.0,
        "Diluted Average Shares": 133231050.0,
        "Basic Average Shares": 133231050.0,
        "Diluted EPS": 0.75,
        "Basic EPS": 0.750576,
        "Diluted NI Availto Com Stockholders": 100000000.0,
        "Average Dilution Earnings": NaN,
        "Net Income Common Stockholders": 100000000.0,
        "Otherunder Preferred Stock Dividend": 0.0,
        "Net Income": 100000000.0,
        "Minority Interests": -2000000.0,
        "Net Income Including Noncontrolling Interests": 102000000.0,
        "Net Income Discontinuous Operations": NaN,
        "Net Income Continuous Operations": 102000000.0,
        "Tax Provision": 32000000.0,
        "Pretax Income": 134000000.0,
        "Other Income Expense": 25000000.0,
        "Other Non Operating Income Expenses": -2000000.0,
        "Special Income Charges": 0.0,
        "Gain On Sale Of Ppe": NaN,
        "Earnings From Equity Interest": 27000000.0,
        "Net Non Operating Interest Income Expense": -37000000.0,
        "Interest Expense Non Operating": 37000000.0,
        "Operating Income": 146000000.0,
        "Operating Expense": 145000000.0,
        "Other Operating Expenses": 5000000.0,
        "Selling General And Administration": 140000000.0,
        "Gross Profit": 291000000.0,
        "Cost Of Revenue": 1656000000.0,
        "Total Revenue": 1947000000.0,
        "Operating Revenue": 1947000000.0
    },
    "2024-12-31": {
        "Tax Effect Of Unusual Items": 1594059.405941,
        "Tax Rate For Calcs": 0.227723,
        "Normalized EBITDA": 182000000.0,
        "Total Unusual Items": 7000000.0,
        "Total Unusual Items Excluding Goodwill": 7000000.0,
        "Net Income From Continuing Operation Net Minority Interest": 76000000.0,
        "Reconciled Depreciation": 44000000.0,
        "Reconciled Cost Of Revenue": 1829000000.0,
        "EBITDA": 189000000.0,
        "EBIT": 145000000.0,
        "Net Interest Income": -44000000.0,
        "Interest Expense": 44000000.0,
        "Normalized Income": 70594059.405941,
        "Net Income From Continuing And Discontinued Operation": 76000000.0,
        "Total Expenses": 1997000000.0,
        "Total Operating Income As Reported": 142000000.0,
        "Diluted Average Shares": 133000000.0,
        "Basic Average Shares": 132435609.0,
        "Diluted EPS": 0.57,
        "Basic EPS": 0.570391,
        "Diluted NI Availto Com Stockholders": 77000000.0,
        "Average Dilution Earnings": NaN,
        "Net Income Common Stockholders": 77000000.0,
        "Otherunder Preferred Stock Dividend": NaN,
        "Net Income": 76000000.0,
        "Minority Interests": -2000000.0,
        "Net Income Including Noncontrolling Interests": 78000000.0,
        "Net Income Discontinuous Operations": NaN,
        "Net Income Continuous Operations": 78000000.0,
        "Tax Provision": 23000000.0,
        "Pretax Income": 101000000.0,
        "Other Income Expense": 20000000.0,
        "Other Non Operating Income Expenses": 3000000.0,
        "Special Income Charges": 7000000.0,
        "Gain On Sale Of Ppe": NaN,
        "Earnings From Equity Interest": 10000000.0,
        "Net Non Operating Interest Income Expense": -44000000.0,
        "Interest Expense Non Operating": 44000000.0,
        "Operating Income": 125000000.0,
        "Operating Expense": 168000000.0,
        "Other Operating Expenses": 14000000.0,
        "Selling General And Administration": 154000000.0,
        "Gross Profit": 293000000.0,
        "Cost Of Revenue": 1829000000.0,
        "Total Revenue": 2122000000.0,
        "Operating Revenue": 2122000000.0
    },
    "2025-03-31": {
        "Tax Effect Of Unusual Items": 0.0,
        "Tax Rate For Calcs": 0.27,
        "Normalized EBITDA": 239000000.0,
        "Total Unusual Items": NaN,
        "Total Unusual Items Excluding Goodwill": NaN,
        "Net Income From Continuing Operation Net Minority Interest": 116000000.0,
        "Reconciled Depreciation": 41000000.0,
        "Reconciled Cost Of Revenue": 1757000000.0,
        "EBITDA": 239000000.0,
        "EBIT": 198000000.0,
        "Net Interest Income": -41000000.0,
        "Interest Expense": 41000000.0,
        "Normalized Income": 116000000.0,
        "Net Income From Continuing And Discontinued Operation": 116000000.0,
        "Total Expenses": 1902000000.0,
        "Total Operating Income As Reported": 195000000.0,
        "Diluted Average Shares": 132000000.0,
        "Basic Average Shares": 129735945.0,
        "Diluted EPS": 0.88,
        "Basic EPS": 0.894129,
        "Diluted NI Availto Com Stockholders": 116000000.0,
        "Average Dilution Earnings": NaN,
        "Net Income Common Stockholders": 116000000.0,
        "Otherunder Preferred Stock Dividend": NaN,
        "Net Income": 116000000.0,
        "Minority Interests": 1000000.0,
        "Net Income Including Noncontrolling Interests": 115000000.0,
        "Net Income Discontinuous Operations": NaN,
        "Net Income Continuous Operations": 115000000.0,
        "Tax Provision": 42000000.0,
        "Pretax Income": 157000000.0,
        "Other Income Expense": 45000000.0,
        "Other Non Operating Income Expenses": 3000000.0,
        "Special Income Charges": NaN,
        "Gain On Sale Of Ppe": NaN,
        "Earnings From Equity Interest": 42000000.0,
        "Net Non Operating Interest Income Expense": -41000000.0,
        "Interest Expense Non Operating": 41000000.0,
        "Operating Income": 153000000.0,
        "Operating Expense": 145000000.0,
        "Other Operating Expenses": NaN,
        "Selling General And Administration": 145000000.0,
        "Gross Profit": 298000000.0,
        "Cost Of Revenue": 1757000000.0,
        "Total Revenue": 2055000000.0,
        "Operating Revenue": 2055000000.0
    },
    "2025-06-30": {
        "Tax Effect Of Unusual Items": 0.0,
        "Tax Rate For Calcs": 0.27,
        "Normalized EBITDA": 231000000.0,
        "Total Unusual Items": NaN,
        "Total Unusual Items Excluding Goodwill": NaN,
        "Net Income From Continuing Operation Net Minority Interest": 121000000.0,
        "Reconciled Depreciation": 45000000.0,
        "Reconciled Cost Of Revenue": 1662000000.0,
        "EBITDA": 231000000.0,
        "EBIT": 186000000.0,
        "Net Interest Income": -41000000.0,
        "Interest Expense": 41000000.0,
        "Normalized Income": 121000000.0,
        "Net Income From Continuing And Discontinued Operation": 73000000.0,
        "Total Expenses": 1809000000.0,
        "Total Operating Income As Reported": 194000000.0,
        "Diluted Average Shares": 129000000.0,
        "Basic Average Shares": 128841538.0,
        "Diluted EPS": 0.56,
        "Basic EPS": 0.562681,
        "Diluted NI Availto Com Stockholders": 72000000.0,
        "Average Dilution Earnings": NaN,
        "Net Income Common Stockholders": 72000000.0,
        "Otherunder Preferred Stock Dividend": 1000000.0,
        "Net Income": 73000000.0,
        "Minority Interests": 15000000.0,
        "Net Income Including Noncontrolling Interests": 58000000.0,
        "Net Income Discontinuous Operations": -48000000.0,
        "Net Income Continuous Operations": 106000000.0,
        "Tax Provision": 39000000.0,
        "Pretax Income": 145000000.0,
        "Other Income Expense": 43000000.0,
        "Other Non Operating Income Expenses": -8000000.0,
        "Special Income Charges": NaN,
        "Gain On Sale Of Ppe": NaN,
        "Earnings From Equity Interest": 51000000.0,
        "Net Non Operating Interest Income Expense": -41000000.0,
        "Interest Expense Non Operating": 41000000.0,
        "Operating Income": 143000000.0,
        "Operating Expense": 147000000.0,
        "Other Operating Expenses": 1000000.0,
        "Selling General And Administration": 146000000.0,
        "Gross Profit": 290000000.0,
        "Cost Of Revenue": 1662000000.0,
        "Total Revenue": 1952000000.0,
        "Operating Revenue": 1952000000.0
    }
}