{
    "2023-03-31": {
        "Tax Effect Of Unusual Items": NaN,
        "Tax Rate For Calcs": NaN,
        "Normalized EBITDA": NaN,
        "Total Unusual Items": NaN,
        "Total Unusual Items Excluding Goodwill": NaN,
        "Net Income From Continuing Operation Net Minority Interest": NaN,
        "Reconciled Cost Of Revenue": NaN,
        "EBITDA": NaN,
        "EBIT": NaN,
        "Net Interest Income": NaN,
        "Interest Expense": NaN,
        "Interest Income": NaN,
        "Normalized Income": NaN,
        "Net Income From Continuing And Discontinued Operation": NaN,
        "Total Expenses": NaN,
        "Total Operating Income As Reported": NaN,
        "Diluted Average Shares": NaN,
        "Basic Average Shares": NaN,
        "Diluted EPS": NaN,
        "Basic EPS": NaN,
        "Diluted NI Availto Com Stockholders": NaN,
        "Net Income Common Stockholders": NaN,
        "Net Income": NaN,
        "Minority Interests": NaN,
        "Net Income Including Noncontrolling Interests": NaN,
        "Net Income Continuous Operations": NaN,
        "Tax Provision": NaN,
        "Pretax Income": NaN,
        "Other Income Expense": NaN,
        "Other Non Operating Income Expenses": NaN,
        "Special Income Charges": NaN,
        "Write Off": 185135000.0,
        "Impairment Of Capital Assets": NaN,
        "Gain On Sale Of Security": NaN,
        "Net Non Operating Interest Income Expense": NaN,
        "Interest Expense Non Operating": NaN,
        "Interest Income Non Operating": NaN,
        "Operating Income": NaN,
        "Operating Expense": NaN,
        "Research And Development": NaN,
        "Selling General And Administration": NaN,
        "Selling And Marketing Expense": NaN,
        "General And Administrative Expense": NaN,
        "Other Gand A": NaN,
        "Gross Profit": NaN,
        "Cost Of Revenue": NaN,
        "Total Revenue": NaN,
        "Operating Revenue": NaN
    },
    "2022-12-31": {
        "Tax Effect Of Unusual Items": NaN,
        "Tax Rate For Calcs": NaN,
        "Normalized EBITDA": NaN,
        "Total Unusual Items": NaN,
        "Total Unusual Items Excluding Goodwill": NaN,
        "Net Income From Continuing Operation Net Minority Interest": NaN,
        "Reconciled Cost Of Revenue": NaN,
        "EBITDA": NaN,
        "EBIT": NaN,
        "Net Interest Income": NaN,
        "Interest Expense": NaN,
        "Interest Income": NaN,
        "Normalized Income": NaN,
        "Net Income From Continuing And Discontinued Operation": NaN,
        "Total Expenses": NaN,
        "Total Operating Income As Reported": NaN,
        "Diluted Average Shares": 235245358.0,
        "Basic Average Shares": 235245358.0,
        "Diluted EPS": -2.1,
        "Basic EPS": -2.1,
        "Diluted NI Availto Com Stockholders": NaN,
        "Net Income Common Stockholders": NaN,
        "Net Income": NaN,
        "Minority Interests": NaN,
        "Net Income Including Noncontrolling Interests": NaN,
        "Net Income Continuous Operations": NaN,
        "Tax Provision": NaN,
        "Pretax Income": NaN,
        "Other Income Expense": NaN,
        "Other Non Operating Income Expenses": 50037000.0,
        "Special Income Charges": NaN,
        "Write Off": NaN,
        "Impairment Of Capital Assets": NaN,
        "Gain On Sale Of Security": NaN,
        "Net Non Operating Interest Income Expense": NaN,
        "Interest Expense Non Operating": NaN,
        "Interest Income Non Operating": NaN,
        "Operating Income": NaN,
        "Operating Expense": NaN,
        "Research And Development": NaN,
        "Selling General And Administration": NaN,
        "Selling And Marketing Expense": NaN,
        "General And Administrative Expense": NaN,
        "Other Gand A": NaN,
        "Gross Profit": NaN,
        "Cost Of Revenue": NaN,
        "Total Revenue": NaN,
        "Operating Revenue": NaN
    },
    "2022-09-30": {
        "Tax Effect Of Unusual Items": NaN,
        "Tax Rate For Calcs": NaN,
        "Normalized EBITDA": NaN,
        "Total Unusual Items": NaN,
        "Total Unusual Items Excluding Goodwill": NaN,
        "Net Income From Continuing Operation Net Minority Interest": NaN,
        "Reconciled Cost Of Revenue": NaN,
        "EBITDA": NaN,
        "EBIT": NaN,
        "Net Interest Income": NaN,
        "Interest Expense": NaN,
        "Interest Income": NaN,
        "Normalized Income": NaN,
        "Net Income From Continuing And Discontinued Operation": NaN,
        "Total Expenses": NaN,
        "Total Operating Income As Reported": NaN,
        "Diluted Average Shares": NaN,
        "Basic Average Shares": NaN,
        "Diluted EPS": NaN,
        "Basic EPS": NaN,
        "Diluted NI Availto Com Stockholders": NaN,
        "Net Income Common Stockholders": NaN,
        "Net Income": NaN,
        "Minority Interests": NaN,
        "Net Income Including Noncontrolling Interests": NaN,
        "Net Income Continuous Operations": NaN,
        "Tax Provision": NaN,
        "Pretax Income": NaN,
        "Other Income Expense": NaN,
        "Other Non Operating Income Expenses": NaN,
        "Special Income Charges": 0.0,
        "Write Off": 0.0,
        "Impairment Of Capital Assets": 0.0,
        "Gain On Sale Of Security": NaN,
        "Net Non Operating Interest Income Expense": NaN,
        "Interest Expense Non Operating": NaN,
        "Interest Income Non Operating": NaN,
        "Operating Income": NaN,
        "Operating Expense": NaN,
        "Research And Development": NaN,
        "Selling General And Administration": NaN,
        "Selling And Marketing Expense": NaN,
        "General And Administrative Expense": NaN,
        "Other Gand A": NaN,
        "Gross Profit": NaN,
        "Cost Of Revenue": NaN,
        "Total Revenue": NaN,
        "Operating Revenue": NaN
    },
    "2022-06-30": {
        "Tax Effect Of Unusual Items": -1086591.314914,
        "Tax Rate For Calcs": 0.004279,
        "Normalized EBITDA": -235057000.0,
        "Total Unusual Items": -253927000.0,
        "Total Unusual Items Excluding Goodwill": -253927000.0,
        "Net Income From Continuing Operation Net Minority Interest": -802997000.0,
        "Reconciled Depreciation": 290756000.0,
        "Reconciled Cost Of Revenue": 1841294000.0,
        "EBITDA": -488984000.0,
        "EBIT": -779740000.0,
        "Net Interest Income": -16717000.0,
        "Interest Expense": 34207000.0,
        "Interest Income": 17490000.0,
        "Normalized Income": -550156591.314914,
        "Net Income From Continuing And Discontinued Operation": -802997000.0,
        "Total Expenses": 2440919000.0,
        "Total Operating Income As Reported": -552025000.0,
        "Diluted Average Shares": 243641965.0,
        "Basic Average Shares": 243641965.0,
        "Diluted EPS": -3.3,
        "Basic EPS": -3.3,
        "Diluted NI Availto Com Stockholders": -802997000.0,
        "Net Income Common Stockholders": -802997000.0,
        "Net Income": -802997000.0,
        "Minority Interests": 7467000.0,
        "Net Income Including Noncontrolling Interests": -810464000.0,
        "Net Income Continuous Operations": -810464000.0,
        "Tax Provision": -3483000.0,
        "Pretax Income": -813947000.0,
        "Other Income Expense": -262809000.0,
        "Other Non Operating Income Expenses": -8882000.0,
        "Gain On Sale Of Security": -243185000.0,
        "Net Non Operating Interest Income Expense": -16717000.0,
        "Interest Expense Non Operating": 34207000.0,
        "Interest Income Non Operating": 17490000.0,
        "Operating Income": -534421000.0,
        "Operating Expense": 599625000.0,
        "Research And Development": 220946000.0,
        "Selling General And Administration": 396283000.0,
        "Selling And Marketing Expense": 146210000.0,
        "General And Administrative Expense": 250073000.0,
        "Other Gand A": 250073000.0,
        "Gross Profit": 65204000.0,
        "Cost Of Revenue": 1841294000.0,
        "Total Revenue": 1906498000.0,
        "Operating Revenue": 1905718000.0
    },
    "2023-06-30": {
        "Tax Effect Of Unusual Items": NaN,
        "Tax Rate For Calcs": NaN,
        "Normalized EBITDA": NaN,
        "Total Unusual Items": NaN,
        "Total Unusual Items Excluding Goodwill": NaN,
        "Net Income From Continuing Operation Net Minority Interest": NaN,
        "Reconciled Cost Of Revenue": NaN,
        "EBITDA": NaN,
        "EBIT": NaN,
        "Net Interest Income": NaN,
        "Interest Expense": NaN,
        "Interest Income": NaN,
        "Normalized Income": NaN,
        "Net Income From Continuing And Discontinued Operation": NaN,
        "Total Expenses": NaN,
        "Total Operating Income As Reported": NaN,
        "Diluted Average Shares": NaN,
        "Basic Average Shares": NaN,
        "Diluted EPS": NaN,
        "Basic EPS": NaN,
        "Diluted NI Availto Com Stockholders": NaN,
        "Net Income Common Stockholders": NaN,
        "Net Income": NaN,
        "Minority Interests": NaN,
        "Net Income Including Noncontrolling Interests": NaN,
        "Net Income Continuous Operations": NaN,
        "Tax Provision": NaN,
        "Pretax Income": NaN,
        "Other Income Expense": NaN,
        "Other Non Operating Income Expenses": 25940000.0,
        "Special Income Charges": NaN,
        "Write Off": NaN,
        "Impairment Of Capital Assets": NaN,
        "Gain On Sale Of Security": NaN,
        "Net Non Operating Interest Income Expense": NaN,
        "Interest Expense Non Operating": NaN,
        "Interest Income Non Operating": NaN,
        "Operating Income": NaN,
        "Operating Expense": NaN,
        "Research And Development": NaN,
        "Selling General And Administration": NaN,
        "Selling And Marketing Expense": NaN,
        "General And Administrative Expense": NaN,
        "Other Gand A": NaN,
        "Gross Profit": NaN,
        "Cost Of Revenue": NaN,
        "Total Revenue": NaN,
        "Operating Revenue": NaN
    },
    "2023-09-30": {
        "Tax Effect Of Unusual Items": NaN,
        "Tax Rate For Calcs": NaN,
        "Normalized EBITDA": NaN,
        "Total Unusual Items": NaN,
        "Total Unusual Items Excluding Goodwill": NaN,
        "Net Income From Continuing Operation Net Minority Interest": NaN,
        "Reconciled Cost Of Revenue": NaN,
        "EBITDA": NaN,
        "EBIT": NaN,
        "Net Interest Income": NaN,
        "Interest Expense": NaN,
        "Interest Income": NaN,
        "Normalized Income": NaN,
        "Net Income From Continuing And Discontinued Operation": NaN,
        "Total Expenses": NaN,
        "Total Operating Income As Reported": NaN,
        "Diluted Average Shares": NaN,
        "Basic Average Shares": NaN,
        "Diluted EPS": NaN,
        "Basic EPS": NaN,
        "Diluted NI Availto Com Stockholders": NaN,
        "Net Income Common Stockholders": NaN,
        "Net Income": NaN,
        "Minority Interests": NaN,
        "Net Income Including Noncontrolling Interests": NaN,
        "Net Income Continuous Operations": NaN,
        "Tax Provision": NaN,
        "Pretax Income": NaN,
        "Other Income Expense": NaN,
        "Other Non Operating Income Expenses": 20375000.0,
        "Special Income Charges": NaN,
        "Write Off": 468535000.0,
        "Impairment Of Capital Assets": NaN,
        "Gain On Sale Of Security": NaN,
        "Net Non Operating Interest Income Expense": NaN,
        "Interest Expense Non Operating": NaN,
        "Interest Income Non Operating": NaN,
        "Operating Income": NaN,
        "Operating Expense": NaN,
        "Research And Development": NaN,
        "Selling General And Administration": NaN,
        "Selling And Marketing Expense": NaN,
        "General And Administrative Expense": NaN,
        "Other Gand A": NaN,
        "Gross Profit": NaN,
        "Cost Of Revenue": NaN,
        "Total Revenue": NaN,
        "Operating Revenue": NaN
    },
    "2023-12-31": {
        "Tax Effect Of Unusual Items": NaN,
        "Tax Rate For Calcs": NaN,
        "Normalized EBITDA": NaN,
        "Total Unusual Items": NaN,
        "Total Unusual Items Excluding Goodwill": NaN,
        "Net Income From Continuing Operation Net Minority Interest": NaN,
        "Reconciled Cost Of Revenue": NaN,
        "EBITDA": NaN,
        "EBIT": NaN,
        "Net Interest Income": NaN,
        "Interest Expense": NaN,
        "Interest Income": NaN,
        "Normalized Income": NaN,
        "Net Income From Continuing And Discontinued Operation": NaN,
        "Total Expenses": NaN,
        "Total Operating Income As Reported": NaN,
        "Diluted Average Shares": NaN,
        "Basic Average Shares": NaN,
        "Diluted EPS": NaN,
        "Basic EPS": NaN,
        "Diluted NI Availto Com Stockholders": NaN,
        "Net Income Common Stockholders": NaN,
        "Net Income": NaN,
        "Minority Interests": NaN,
        "Net Income Including Noncontrolling Interests": NaN,
        "Net Income Continuous Operations": NaN,
        "Tax Provision": NaN,
        "Pretax Income": NaN,
        "Other Income Expense": NaN,
        "Other Non Operating Income Expenses": NaN,
        "Special Income Charges": -8862000.0,
        "Write Off": 0.0,
        "Impairment Of Capital Assets": 0.0,
        "Gain On Sale Of Security": NaN,
        "Net Non Operating Interest Income Expense": NaN,
        "Interest Expense Non Operating": NaN,
        "Interest Income Non Operating": NaN,
        "Operating Income": NaN,
        "Operating Expense": NaN,
        "Research And Development": NaN,
        "Selling General And Administration": NaN,
        "Selling And Marketing Expense": NaN,
        "General And Administrative Expense": NaN,
        "Other Gand A": NaN,
        "Gross Profit": NaN,
        "Cost Of Revenue": NaN,
        "Total Revenue": NaN,
        "Operating Revenue": NaN
    },
    "2024-03-31": {
        "Tax Effect Of Unusual Items": -1733332.349131,
        "Tax Rate For Calcs": 0.040558,
        "Normalized EBITDA": -285184000.0,
        "Total Unusual Items": -42737000.0,
        "Total Unusual Items Excluding Goodwill": -42737000.0,
        "Net Income From Continuing Operation Net Minority Interest": -359410000.0,
        "Reconciled Cost Of Revenue": 1482431000.0,
        "EBITDA": -327921000.0,
        "EBIT": -327921000.0,
        "Net Interest Income": -42696000.0,
        "Interest Expense": 51066000.0,
        "Interest Income": 8370000.0,
        "Normalized Income": -318406332.349131,
        "Net Income From Continuing And Discontinued Operation": -359410000.0,
        "Total Expenses": 2049841000.0,
        "Total Operating Income As Reported": -274157000.0,
        "Diluted Average Shares": 240977523.0,
        "Basic Average Shares": 240977523.0,
        "Diluted EPS": -1.5,
        "Basic EPS": -1.5,
        "Diluted NI Availto Com Stockholders": -359410000.0,
        "Net Income Common Stockholders": -359410000.0,
        "Net Income": -359410000.0,
        "Minority Interests": 4206000.0,
        "Net Income Including Noncontrolling Interests": -363616000.0,
        "Net Income Continuous Operations": -363616000.0,
        "Tax Provision": -15371000.0,
        "Pretax Income": -378987000.0,
        "Other Income Expense": -62134000.0,
        "Other Non Operating Income Expenses": -19397000.0,
        "Special Income Charges": 0.0,
        "Write Off": 0.0,
        "Impairment Of Capital Assets": 0.0,
        "Gain On Sale Of Security": -42737000.0,
        "Net Non Operating Interest Income Expense": -42696000.0,
        "Interest Expense Non Operating": 51066000.0,
        "Interest Income Non Operating": 8370000.0,
        "Operating Income": -274157000.0,
        "Operating Expense": 567410000.0,
        "Research And Development": 231963000.0,
        "Selling General And Administration": 335447000.0,
        "Selling And Marketing Expense": 116752000.0,
        "General And Administrative Expense": 218695000.0,
        "Other Gand A": 218695000.0,
        "Gross Profit": 293253000.0,
        "Cost Of Revenue": 1482431000.0,
        "Total Revenue": 1775684000.0,
        "Operating Revenue": 1775532000.0
    },
    "2024-06-30": {
        "Tax Effect Of Unusual Items": -1749750.0,
        "Tax Rate For Calcs": 0.25,
        "Normalized EBITDA": -280414000.0,
        "Total Unusual Items": -6999000.0,
        "Total Unusual Items Excluding Goodwill": -6999000.0,
        "Net Income From Continuing Operation Net Minority Interest": -353176000.0,
        "Reconciled Cost Of Revenue": 1573433000.0,
        "EBITDA": -287413000.0,
        "EBIT": -287413000.0,
        "Net Interest Income": -49469000.0,
        "Interest Expense": 59414000.0,
        "Interest Income": 9945000.0,
        "Normalized Income": -347926750.0,
        "Net Income From Continuing And Discontinued Operation": -353176000.0,
        "Total Expenses": 2169349000.0,
        "Total Operating Income As Reported": -277569000.0,
        "Diluted Average Shares": 243287155.0,
        "Basic Average Shares": 243287155.0,
        "Diluted EPS": -1.5,
        "Basic EPS": -1.5,
        "Diluted NI Availto Com Stockholders": -353176000.0,
        "Net Income Common Stockholders": -353176000.0,
        "Net Income": -353176000.0,
        "Minority Interests": 542000.0,
        "Net Income Including Noncontrolling Interests": -353718000.0,
        "Net Income Continuous Operations": -353718000.0,
        "Tax Provision": 6891000.0,
        "Pretax Income": -346827000.0,
        "Other Income Expense": -19789000.0,
        "Other Non Operating Income Expenses": -12790000.0,
        "Special Income Charges": 0.0,
        "Write Off": NaN,
        "Impairment Of Capital Assets": 0.0,
        "Gain On Sale Of Security": -6999000.0,
        "Net Non Operating Interest Income Expense": -49469000.0,
        "Interest Expense Non Operating": 59414000.0,
        "Interest Income Non Operating": 9945000.0,
        "Operating Income": -277569000.0,
        "Operating Expense": 595916000.0,
        "Research And Development": 203959000.0,
        "Selling General And Administration": 391957000.0,
        "Selling And Marketing Expense": 125708000.0,
        "General And Administrative Expense": 266249000.0,
        "Other Gand A": 266249000.0,
        "Gross Profit": 318347000.0,
        "Cost Of Revenue": 1573433000.0,
        "Total Revenue": 1891780000.0,
        "Operating Revenue": 1891780000.0
    },
    "2024-09-30": {
        "Tax Effect Of Unusual Items": -195986750.0,
        "Tax Rate For Calcs": 0.25,
        "Normalized EBITDA": -209053000.0,
        "Total Unusual Items": -783947000.0,
        "Total Unusual Items Excluding Goodwill": -783947000.0,
        "Net Income From Continuing Operation Net Minority Interest": -1057135000.0,
        "Reconciled Cost Of Revenue": 1582220000.0,
        "EBITDA": -993000000.0,
        "EBIT": -993000000.0,
        "Net Interest Income": -52887000.0,
        "Interest Expense": 57404000.0,
        "Interest Income": 4517000.0,
        "Normalized Income": -469174750.0,
        "Net Income From Continuing And Discontinued Operation": -1057135000.0,
        "Total Expenses": 2109623000.0,
        "Total Operating Income As Reported": -1143773000.0,
        "Diluted Average Shares": 243725527.0,
        "Basic Average Shares": 243725527.0,
        "Diluted EPS": -4.35,
        "Basic EPS": -4.35,
        "Diluted NI Availto Com Stockholders": -1057135000.0,
        "Net Income Common Stockholders": -1057135000.0,
        "Net Income": -1057135000.0,
        "Minority Interests": 3931000.0,
        "Net Income Including Noncontrolling Interests": -1061066000.0,
        "Net Income Continuous Operations": -1061066000.0,
        "Tax Provision": 10662000.0,
        "Pretax Income": -1050404000.0,
        "Other Income Expense": -773468000.0,
        "Other Non Operating Income Expenses": 10479000.0,
        "Special Income Charges": -919724000.0,
        "Write Off": NaN,
        "Impairment Of Capital Assets": 919724000.0,
        "Gain On Sale Of Security": 135777000.0,
        "Net Non Operating Interest Income Expense": -52887000.0,
        "Interest Expense Non Operating": 57404000.0,
        "Interest Income Non Operating": 4517000.0,
        "Operating Income": -224049000.0,
        "Operating Expense": 527403000.0,
        "Research And Development": 235912000.0,
        "Selling General And Administration": 291491000.0,
        "Selling And Marketing Expense": 121117000.0,
        "General And Administrative Expense": 170374000.0,
        "Other Gand A": 170374000.0,
        "Gross Profit": 303354000.0,
        "Cost Of Revenue": 1582220000.0,
        "Total Revenue": 1885574000.0,
        "Operating Revenue": 1885574000.0
    },
    "2024-12-31": {
        "Tax Effect Of Unusual Items": -2149410.3588,
        "Tax Rate For Calcs": 0.018136,
        "Normalized EBITDA": -24009000.0,
        "Total Unusual Items": -118518000.0,
        "Total Unusual Items Excluding Goodwill": -118518000.0,
        "Net Income From Continuing Operation Net Minority Interest": -196959000.0,
        "Reconciled Cost Of Revenue": 1806170000.0,
        "EBITDA": -142527000.0,
        "EBIT": -142527000.0,
        "Net Interest Income": -57645000.0,
        "Interest Expense": 61821000.0,
        "Interest Income": 4176000.0,
        "Normalized Income": -80590410.3588,
        "Net Income From Continuing And Discontinued Operation": -196959000.0,
        "Total Expenses": 2282035000.0,
        "Total Operating Income As Reported": -43511000.0,
        "Diluted Average Shares": 247375480.0,
        "Basic Average Shares": 247375480.0,
        "Diluted EPS": -0.75,
        "Basic EPS": -0.75,
        "Diluted NI Availto Com Stockholders": -196959000.0,
        "Net Income Common Stockholders": -196959000.0,
        "Net Income": -196959000.0,
        "Minority Interests": 3683000.0,
        "Net Income Including Noncontrolling Interests": -200642000.0,
        "Net Income Continuous Operations": -200642000.0,
        "Tax Provision": -3706000.0,
        "Pretax Income": -204348000.0,
        "Other Income Expense": -96810000.0,
        "Other Non Operating Income Expenses": NaN,
        "Special Income Charges": 0.0,
        "Write Off": NaN,
        "Impairment Of Capital Assets": 0.0,
        "Gain On Sale Of Security": -118518000.0,
        "Net Non Operating Interest Income Expense": -57645000.0,
        "Interest Expense Non Operating": 61821000.0,
        "Interest Income Non Operating": 4176000.0,
        "Operating Income": -49893000.0,
        "Operating Expense": 475865000.0,
        "Research And Development": 174155000.0,
        "Selling General And Administration": -164836000.0,
        "Selling And Marketing Expense": -306783000.0,
        "General And Administrative Expense": 141947000.0,
        "Other Gand A": -552642000.0,
        "Gross Profit": 425972000.0,
        "Cost Of Revenue": 1806170000.0,
        "Total Revenue": 2232142000.0,
        "Operating Revenue": 2232142000.0
    },
    "2025-03-31": {
        "Tax Effect Of Unusual Items": 2262750.0,
        "Tax Rate For Calcs": 0.25,
        "Normalized EBITDA": -233023000.0,
        "Total Unusual Items": 9051000.0,
        "Total Unusual Items Excluding Goodwill": 9051000.0,
        "Net Income From Continuing Operation Net Minority Interest": -313926000.0,
        "Reconciled Cost Of Revenue": 1651671000.0,
        "EBITDA": -223972000.0,
        "EBIT": -223972000.0,
        "Net Interest Income": -77951000.0,
        "Interest Expense": 82897000.0,
        "Interest Income": 4946000.0,
        "Normalized Income": -320714250.0,
        "Net Income From Continuing And Discontinued Operation": -313926000.0,
        "Total Expenses": 2204178000.0,
        "Total Operating Income As Reported": -234201000.0,
        "Diluted Average Shares": 248539475.0,
        "Basic Average Shares": 248539475.0,
        "Diluted EPS": -1.2,
        "Basic EPS": -1.2,
        "Diluted NI Availto Com Stockholders": -313926000.0,
        "Net Income Common Stockholders": -313926000.0,
        "Net Income": -313926000.0,
        "Minority Interests": 2184000.0,
        "Net Income Including Noncontrolling Interests": -316110000.0,
        "Net Income Continuous Operations": -316110000.0,
        "Tax Provision": 9241000.0,
        "Pretax Income": -306869000.0,
        "Other Income Expense": 5283000.0,
        "Other Non Operating Income Expenses": -3768000.0,
        "Special Income Charges": NaN,
        "Write Off": NaN,
        "Impairment Of Capital Assets": NaN,
        "Gain On Sale Of Security": 9051000.0,
        "Net Non Operating Interest Income Expense": -77951000.0,
        "Interest Expense Non Operating": 82897000.0,
        "Interest Income Non Operating": 4946000.0,
        "Operating Income": -234201000.0,
        "Operating Expense": 552507000.0,
        "Research And Development": 226170000.0,
        "Selling General And Administration": 326337000.0,
        "Selling And Marketing Expense": 144338000.0,
        "General And Administrative Expense": 181999000.0,
        "Other Gand A": 181999000.0,
        "Gross Profit": 318306000.0,
        "Cost Of Revenue": 1651671000.0,
        "Total Revenue": 1969977000.0,
        "Operating Revenue": 1969977000.0
    }
}