{
    "2023-06-30": {
        "Tax Effect Of Unusual Items": NaN,
        "Tax Rate For Calcs": NaN,
        "Normalized EBITDA": NaN,
        "Total Unusual Items": 0.0,
        "Total Unusual Items Excluding Goodwill": 0.0,
        "Net Income From Continuing Operation Net Minority Interest": NaN,
        "Reconciled Depreciation": NaN,
        "Reconciled Cost Of Revenue": NaN,
        "EBITDA": NaN,
        "EBIT": NaN,
        "Net Interest Income": NaN,
        "Interest Expense": NaN,
        "Normalized Income": NaN,
        "Net Income From Continuing And Discontinued Operation": NaN,
        "Total Expenses": NaN,
        "Total Operating Income As Reported": NaN,
        "Diluted Average Shares": NaN,
        "Basic Average Shares": NaN,
        "Diluted EPS": NaN,
        "Basic EPS": NaN,
        "Diluted NI Availto Com Stockholders": NaN,
        "Net Income Common Stockholders": NaN,
        "Net Income": NaN,
        "Minority Interests": 0.0,
        "Net Income Including Noncontrolling Interests": NaN,
        "Net Income Continuous Operations": NaN,
        "Tax Provision": NaN,
        "Pretax Income": NaN,
        "Other Income Expense": NaN,
        "Other Non Operating Income Expenses": NaN,
        "Special Income Charges": 0.0,
        "Gain On Sale Of Business": 0.0,
        "Write Off": 0.0,
        "Impairment Of Capital Assets": NaN,
        "Net Non Operating Interest Income Expense": NaN,
        "Interest Expense Non Operating": NaN,
        "Operating Income": NaN,
        "Operating Expense": NaN,
        "Other Operating Expenses": NaN,
        "Selling General And Administration": NaN,
        "Gross Profit": NaN,
        "Cost Of Revenue": NaN,
        "Total Revenue": NaN,
        "Operating Revenue": NaN
    },
    "2023-03-31": {
        "Tax Effect Of Unusual Items": NaN,
        "Tax Rate For Calcs": NaN,
        "Normalized EBITDA": NaN,
        "Total Unusual Items": 0.0,
        "Total Unusual Items Excluding Goodwill": 0.0,
        "Net Income From Continuing Operation Net Minority Interest": NaN,
        "Reconciled Depreciation": NaN,
        "Reconciled Cost Of Revenue": NaN,
        "EBITDA": NaN,
        "EBIT": NaN,
        "Net Interest Income": NaN,
        "Interest Expense": NaN,
        "Normalized Income": NaN,
        "Net Income From Continuing And Discontinued Operation": NaN,
        "Total Expenses": NaN,
        "Total Operating Income As Reported": NaN,
        "Diluted Average Shares": NaN,
        "Basic Average Shares": NaN,
        "Diluted EPS": NaN,
        "Basic EPS": NaN,
        "Diluted NI Availto Com Stockholders": NaN,
        "Net Income Common Stockholders": NaN,
        "Net Income": NaN,
        "Minority Interests": 0.0,
        "Net Income Including Noncontrolling Interests": NaN,
        "Net Income Continuous Operations": NaN,
        "Tax Provision": NaN,
        "Pretax Income": NaN,
        "Other Income Expense": NaN,
        "Other Non Operating Income Expenses": NaN,
        "Special Income Charges": 0.0,
        "Gain On Sale Of Business": 0.0,
        "Write Off": 0.0,
        "Impairment Of Capital Assets": NaN,
        "Net Non Operating Interest Income Expense": NaN,
        "Interest Expense Non Operating": NaN,
        "Operating Income": NaN,
        "Operating Expense": NaN,
        "Other Operating Expenses": NaN,
        "Selling General And Administration": NaN,
        "Gross Profit": NaN,
        "Cost Of Revenue": NaN,
        "Total Revenue": NaN,
        "Operating Revenue": NaN
    },
    "2022-12-31": {
        "Tax Effect Of Unusual Items": NaN,
        "Tax Rate For Calcs": NaN,
        "Normalized EBITDA": NaN,
        "Total Unusual Items": -166000000.0,
        "Total Unusual Items Excluding Goodwill": -166000000.0,
        "Net Income From Continuing Operation Net Minority Interest": NaN,
        "Reconciled Depreciation": NaN,
        "Reconciled Cost Of Revenue": NaN,
        "EBITDA": NaN,
        "EBIT": NaN,
        "Net Interest Income": NaN,
        "Interest Expense": NaN,
        "Normalized Income": NaN,
        "Net Income From Continuing And Discontinued Operation": NaN,
        "Total Expenses": NaN,
        "Total Operating Income As Reported": NaN,
        "Diluted Average Shares": NaN,
        "Basic Average Shares": NaN,
        "Diluted EPS": NaN,
        "Basic EPS": NaN,
        "Diluted NI Availto Com Stockholders": NaN,
        "Net Income Common Stockholders": NaN,
        "Net Income": NaN,
        "Minority Interests": 0.0,
        "Net Income Including Noncontrolling Interests": NaN,
        "Net Income Continuous Operations": NaN,
        "Tax Provision": NaN,
        "Pretax Income": NaN,
        "Other Income Expense": NaN,
        "Other Non Operating Income Expenses": NaN,
        "Special Income Charges": -166000000.0,
        "Gain On Sale Of Business": 0.0,
        "Other Special Charges": 0.0,
        "Write Off": 0.0,
        "Impairment Of Capital Assets": 166000000.0,
        "Net Non Operating Interest Income Expense": NaN,
        "Interest Expense Non Operating": NaN,
        "Operating Income": NaN,
        "Operating Expense": NaN,
        "Other Operating Expenses": NaN,
        "Selling General And Administration": NaN,
        "Gross Profit": NaN,
        "Cost Of Revenue": NaN,
        "Total Revenue": NaN,
        "Operating Revenue": NaN
    },
    "2022-09-30": {
        "Tax Effect Of Unusual Items": NaN,
        "Tax Rate For Calcs": NaN,
        "Normalized EBITDA": NaN,
        "Total Unusual Items": NaN,
        "Total Unusual Items Excluding Goodwill": NaN,
        "Net Income From Continuing Operation Net Minority Interest": NaN,
        "Reconciled Depreciation": NaN,
        "Reconciled Cost Of Revenue": NaN,
        "EBITDA": NaN,
        "EBIT": NaN,
        "Net Interest Income": NaN,
        "Interest Expense": NaN,
        "Normalized Income": NaN,
        "Net Income From Continuing And Discontinued Operation": NaN,
        "Total Expenses": NaN,
        "Total Operating Income As Reported": NaN,
        "Diluted Average Shares": NaN,
        "Basic Average Shares": NaN,
        "Diluted EPS": NaN,
        "Basic EPS": NaN,
        "Diluted NI Availto Com Stockholders": NaN,
        "Net Income Common Stockholders": NaN,
        "Net Income": NaN,
        "Minority Interests": NaN,
        "Net Income Including Noncontrolling Interests": NaN,
        "Net Income Continuous Operations": NaN,
        "Tax Provision": NaN,
        "Pretax Income": NaN,
        "Other Income Expense": NaN,
        "Other Non Operating Income Expenses": NaN,
        "Special Income Charges": NaN,
        "Gain On Sale Of Business": NaN,
        "Other Special Charges": NaN,
        "Write Off": NaN,
        "Impairment Of Capital Assets": 311000000.0,
        "Net Non Operating Interest Income Expense": NaN,
        "Interest Expense Non Operating": NaN,
        "Operating Income": NaN,
        "Operating Expense": NaN,
        "Other Operating Expenses": NaN,
        "Selling General And Administration": NaN,
        "Gross Profit": NaN,
        "Cost Of Revenue": NaN,
        "Total Revenue": NaN,
        "Operating Revenue": NaN
    },
    "2022-06-30": {
        "Tax Effect Of Unusual Items": -70000000.0,
        "Tax Rate For Calcs": 0.4,
        "Normalized EBITDA": 739000000.0,
        "Total Unusual Items": -175000000.0,
        "Total Unusual Items Excluding Goodwill": -175000000.0,
        "Net Income From Continuing Operation Net Minority Interest": 218000000.0,
        "Reconciled Depreciation": 176000000.0,
        "Reconciled Cost Of Revenue": 1778000000.0,
        "EBITDA": 564000000.0,
        "EBIT": 388000000.0,
        "Net Interest Income": -175000000.0,
        "Interest Expense": 175000000.0,
        "Normalized Income": 323000000.0,
        "Net Income From Continuing And Discontinued Operation": 218000000.0,
        "Total Expenses": 2982000000.0,
        "Total Operating Income As Reported": 572000000.0,
        "Diluted Average Shares": 1428600000.0,
        "Basic Average Shares": 1417500000.0,
        "Diluted EPS": 0.15,
        "Basic EPS": 0.15,
        "Diluted NI Availto Com Stockholders": 218000000.0,
        "Net Income Common Stockholders": 218000000.0,
        "Net Income": 218000000.0,
        "Minority Interests": 0.0,
        "Net Income Including Noncontrolling Interests": 218000000.0,
        "Net Income Continuous Operations": 218000000.0,
        "Tax Provision": -5000000.0,
        "Pretax Income": 213000000.0,
        "Other Income Expense": -184000000.0,
        "Other Non Operating Income Expenses": -9000000.0,
        "Special Income Charges": -175000000.0,
        "Gain On Sale Of Business": 0.0,
        "Other Special Charges": 169000000.0,
        "Write Off": 6000000.0,
        "Impairment Of Capital Assets": NaN,
        "Earnings From Equity Interest": 0.0,
        "Net Non Operating Interest Income Expense": -175000000.0,
        "Interest Expense Non Operating": 175000000.0,
        "Operating Income": 572000000.0,
        "Operating Expense": 1204000000.0,
        "Other Operating Expenses": NaN,
        "Selling General And Administration": 1204000000.0,
        "Gross Profit": 1776000000.0,
        "Cost Of Revenue": 1778000000.0,
        "Total Revenue": 3554000000.0,
        "Operating Revenue": 3554000000.0
    },
    "2022-03-31": {
        "Diluted EPS": 0.41,
        "Total Revenue": NaN,
        "Gross Profit": NaN,
        "Operating Income": 966,
        "EBIT": NaN,
        "Net Income": 585
    },
    "2021-12-31": {
        "Diluted EPS": 0.59,
        "Total Revenue": NaN,
        "Gross Profit": NaN,
        "Operating Income": 725,
        "EBIT": 910,
        "Net Income": 843
    },
    "2021-09-30": {
        "Diluted EPS": 0.37,
        "Total Revenue": NaN,
        "Gross Profit": NaN,
        "Operating Income": 795,
        "EBIT": 965,
        "Net Income": 530
    },
    "2021-06-30": {
        "Diluted EPS": 0.31,
        "Total Revenue": NaN,
        "Gross Profit": NaN,
        "Operating Income": 734,
        "EBIT": 912,
        "Net Income": 448
    },
    "2021-03-31": {
        "Diluted EPS": 0.23,
        "Total Revenue": NaN,
        "Gross Profit": NaN,
        "Operating Income": 640,
        "EBIT": 815,
        "Net Income": 325
    },
    "2020-12-31": {
        "Diluted EPS": 0.3,
        "Total Revenue": NaN,
        "Gross Profit": NaN,
        "Operating Income": 700,
        "EBIT": 863,
        "Net Income": 428
    },
    "2020-09-30": {
        "Diluted EPS": 0.31,
        "Total Revenue": NaN,
        "Gross Profit": NaN,
        "Operating Income": 753,
        "EBIT": 918,
        "Net Income": 443
    },
    "2020-06-30": {
        "Diluted EPS": 0.21,
        "Total Revenue": NaN,
        "Gross Profit": NaN,
        "Operating Income": 561,
        "EBIT": 723,
        "Net Income": 298
    },
    "2020-03-31": {
        "Diluted EPS": 0.11,
        "Total Revenue": NaN,
        "Gross Profit": NaN,
        "Operating Income": 466,
        "EBIT": 629,
        "Net Income": 156
    },
    "2019-12-31": {
        "Diluted EPS": 0.29,
        "Total Revenue": NaN,
        "Gross Profit": NaN,
        "Operating Income": 713,
        "EBIT": 871,
        "Net Income": 406
    },
    "2019-09-30": {
        "Diluted EPS": 0.21,
        "Total Revenue": NaN,
        "Gross Profit": NaN,
        "Operating Income": 580,
        "EBIT": 755,
        "Net Income": 304
    },
    "2019-06-30": {
        "Diluted EPS": 0.22,
        "Total Revenue": NaN,
        "Gross Profit": NaN,
        "Operating Income": 587,
        "EBIT": 760,
        "Net Income": 314
    },
    "2019-03-31": {
        "Diluted EPS": 0.16,
        "Total Revenue": NaN,
        "Gross Profit": NaN,
        "Operating Income": 498,
        "EBIT": 650,
        "Net Income": 230
    },
    "2018-12-31": {
        "Diluted EPS": 0.21,
        "Total Revenue": NaN,
        "Gross Profit": NaN,
        "Operating Income": 547,
        "EBIT": 687,
        "Net Income": 266
    },
    "2018-09-30": {
        "Diluted EPS": 0.11,
        "Total Revenue": NaN,
        "Gross Profit": NaN,
        "Operating Income": 345,
        "EBIT": 508,
        "Net Income": 149
    },
    "2018-06-30": {
        "Diluted EPS": 0.1,
        "Total Revenue": 949,
        "Gross Profit": 491,
        "Operating Income": 167,
        "EBIT": 233,
        "Net Income": 83
    },
    "2018-03-31": {
        "Diluted EPS": 0.11,
        "Total Revenue": 948,
        "Gross Profit": 481,
        "Operating Income": 178,
        "EBIT": 243,
        "Net Income": 88
    },
    "2017-12-31": {
        "Diluted EPS": 3.77,
        "Total Revenue": NaN,
        "Gross Profit": NaN,
        "Operating Income": 489,
        "EBIT": 460,
        "Net Income": 595
    },
    "2017-09-30": {
        "Diluted EPS": 0.14,
        "Total Revenue": NaN,
        "Gross Profit": 555,
        "Operating Income": 238,
        "EBIT": 349,
        "Net Income": 116
    },
    "2017-06-30": {
        "Diluted EPS": 1.02,
        "Total Revenue": NaN,
        "Gross Profit": NaN,
        "Operating Income": 375,
        "EBIT": 414,
        "Net Income": 188
    },
    "2017-03-31": {
        "Diluted EPS": 0.96,
        "Total Revenue": NaN,
        "Gross Profit": 903,
        "Operating Income": 286,
        "EBIT": 330,
        "Net Income": 177
    },
    "2016-12-31": {
        "Diluted EPS": 0.9,
        "Total Revenue": NaN,
        "Gross Profit": 951,
        "Operating Income": 335,
        "EBIT": 377,
        "Net Income": 165
    },
    "2016-09-30": {
        "Diluted EPS": 1.29,
        "Total Revenue": NaN,
        "Gross Profit": 997,
        "Operating Income": 373,
        "EBIT": 412,
        "Net Income": 240
    },
    "2016-06-30": {
        "Diluted EPS": 1.39,
        "Total Revenue": NaN,
        "Gross Profit": NaN,
        "Operating Income": 412,
        "EBIT": 451,
        "Net Income": 260
    },
    "2016-03-31": {
        "Diluted EPS": 0.96,
        "Total Revenue": NaN,
        "Gross Profit": 885,
        "Operating Income": 313,
        "EBIT": 353,
        "Net Income": 182
    },
    "2015-12-31": {
        "Diluted EPS": 0.97,
        "Total Revenue": NaN,
        "Gross Profit": 936,
        "Operating Income": 322,
        "EBIT": 365,
        "Net Income": 185
    },
    "2015-09-30": {
        "Diluted EPS": 1.05,
        "Total Revenue": NaN,
        "Gross Profit": 957,
        "Operating Income": 337,
        "EBIT": 377,
        "Net Income": 202
    },
    "2015-06-30": {
        "Diluted EPS": 1.14,
        "Total Revenue": NaN,
        "Gross Profit": 981,
        "Operating Income": 369,
        "EBIT": 409,
        "Net Income": 220
    },
    "2015-03-31": {
        "Diluted EPS": 0.81,
        "Total Revenue": NaN,
        "Gross Profit": 849,
        "Operating Income": 270,
        "EBIT": 310,
        "Net Income": 157
    },
    "2014-12-31": {
        "Diluted EPS": 0.76,
        "Total Revenue": NaN,
        "Gross Profit": 895,
        "Operating Income": 256,
        "EBIT": 300,
        "Net Income": 150
    },
    "2014-09-30": {
        "Diluted EPS": 0.96,
        "Total Revenue": NaN,
        "Gross Profit": 925,
        "Operating Income": 316,
        "EBIT": 357,
        "Net Income": 188
    },
    "2014-06-30": {
        "Diluted EPS": 1.06,
        "Total Revenue": NaN,
        "Gross Profit": 966,
        "Operating Income": 348,
        "EBIT": 389,
        "Net Income": 210
    },
    "2014-03-31": {
        "Diluted EPS": 0.78,
        "Total Revenue": NaN,
        "Gross Profit": 844,
        "Operating Income": 260,
        "EBIT": 304,
        "Net Income": 155
    },
    "2013-12-31": {
        "Diluted EPS": 0.77,
        "Total Revenue": NaN,
        "Gross Profit": 880,
        "Operating Income": 264,
        "EBIT": 308,
        "Net Income": 156
    },
    "2013-09-30": {
        "Diluted EPS": 1.01,
        "Total Revenue": NaN,
        "Gross Profit": 893,
        "Operating Income": 300,
        "EBIT": 342,
        "Net Income": 207
    },
    "2013-06-30": {
        "Diluted EPS": 0.76,
        "Total Revenue": NaN,
        "Gross Profit": 935,
        "Operating Income": 285,
        "EBIT": 327,
        "Net Income": 155
    },
    "2013-03-31": {
        "Diluted EPS": 0.51,
        "Total Revenue": NaN,
        "Gross Profit": 790,
        "Operating Income": 197,
        "EBIT": 238,
        "Net Income": 106
    },
    "2012-12-31": {
        "Diluted EPS": 0.81,
        "Total Revenue": NaN,
        "Gross Profit": 879,
        "Operating Income": 292,
        "EBIT": 334,
        "Net Income": 170
    },
    "2012-09-30": {
        "Diluted EPS": 0.84,
        "Total Revenue": NaN,
        "Gross Profit": 902,
        "Operating Income": 308,
        "EBIT": 348,
        "Net Income": 179
    },
    "2012-06-30": {
        "Diluted EPS": 0.83,
        "Total Revenue": NaN,
        "Gross Profit": 936,
        "Operating Income": 300,
        "EBIT": 349,
        "Net Income": 178
    },
    "2012-03-31": {
        "Diluted EPS": 0.48,
        "Total Revenue": NaN,
        "Gross Profit": 778,
        "Operating Income": 192,
        "EBIT": 236,
        "Net Income": 102
    },
    "2011-12-31": {
        "Diluted EPS": 0.76,
        "Total Revenue": NaN,
        "Gross Profit": 857,
        "Operating Income": 271,
        "EBIT": 316,
        "Net Income": 166
    },
    "2011-09-30": {
        "Diluted EPS": 0.71,
        "Total Revenue": NaN,
        "Gross Profit": 857,
        "Operating Income": 261,
        "EBIT": 301,
        "Net Income": 154
    },
    "2011-06-30": {
        "Diluted EPS": 0.77,
        "Total Revenue": NaN,
        "Gross Profit": 920,
        "Operating Income": 290,
        "EBIT": 330,
        "Net Income": 172
    },
    "2011-03-31": {
        "Diluted EPS": 0.5,
        "Total Revenue": NaN,
        "Gross Profit": 784,
        "Operating Income": 202,
        "EBIT": 244,
        "Net Income": 114
    },
    "2010-12-31": {
        "Diluted EPS": 0.48,
        "Total Revenue": NaN,
        "Gross Profit": 858,
        "Operating Income": 268,
        "EBIT": 312,
        "Net Income": 112
    },
    "2010-09-30": {
        "Diluted EPS": 0.6,
        "Total Revenue": NaN,
        "Gross Profit": 857,
        "Operating Income": 260,
        "EBIT": 308,
        "Net Income": 144
    },
    "2010-06-30": {
        "Diluted EPS": 0.74,
        "Total Revenue": NaN,
        "Gross Profit": 926,
        "Operating Income": 310,
        "EBIT": 357,
        "Net Income": 183
    },
    "2010-03-31": {
        "Diluted EPS": 0.35,
        "Total Revenue": NaN,
        "Gross Profit": 752,
        "Operating Income": 187,
        "EBIT": 239,
        "Net Income": 89
    },
    "2009-12-31": {
        "Diluted EPS": 0.44,
        "Total Revenue": NaN,
        "Gross Profit": 828,
        "Operating Income": 251,
        "EBIT": 310,
        "Net Income": 114
    },
    "2009-09-30": {
        "Diluted EPS": 0.59,
        "Total Revenue": NaN,
        "Gross Profit": 855,
        "Operating Income": 272,
        "EBIT": 329,
        "Net Income": 151
    },
    "2009-06-30": {
        "Diluted EPS": 0.62,
        "Total Revenue": NaN,
        "Gross Profit": 885,
        "Operating Income": 297,
        "EBIT": 351,
        "Net Income": 158
    },
    "2009-03-31": {
        "Diluted EPS": 0.52,
        "Total Revenue": NaN,
        "Gross Profit": 729,
        "Operating Income": 265,
        "EBIT": 319,
        "Net Income": 132
    },
    "2023-09-30": {
        "Tax Effect Of Unusual Items": NaN,
        "Tax Rate For Calcs": NaN,
        "Normalized EBITDA": NaN,
        "Total Unusual Items": -2000000.0,
        "Total Unusual Items Excluding Goodwill": -2000000.0,
        "Net Income From Continuing Operation Net Minority Interest": NaN,
        "Reconciled Depreciation": NaN,
        "Reconciled Cost Of Revenue": NaN,
        "EBITDA": NaN,
        "EBIT": NaN,
        "Net Interest Income": NaN,
        "Interest Expense": NaN,
        "Normalized Income": NaN,
        "Net Income From Continuing And Discontinued Operation": NaN,
        "Total Expenses": NaN,
        "Total Operating Income As Reported": NaN,
        "Diluted Average Shares": 1406200000.0,
        "Basic Average Shares": 1397400000.0,
        "Diluted EPS": 0.37,
        "Basic EPS": 0.37,
        "Diluted NI Availto Com Stockholders": NaN,
        "Net Income Common Stockholders": NaN,
        "Net Income": NaN,
        "Minority Interests": 0.0,
        "Net Income Including Noncontrolling Interests": NaN,
        "Net Income Continuous Operations": NaN,
        "Tax Provision": NaN,
        "Pretax Income": NaN,
        "Other Income Expense": NaN,
        "Other Non Operating Income Expenses": NaN,
        "Special Income Charges": -2000000.0,
        "Gain On Sale Of Business": 0.0,
        "Write Off": 0.0,
        "Impairment Of Capital Assets": 2000000.0,
        "Net Non Operating Interest Income Expense": NaN,
        "Interest Expense Non Operating": NaN,
        "Operating Income": NaN,
        "Operating Expense": NaN,
        "Other Operating Expenses": NaN,
        "Selling General And Administration": NaN,
        "Gross Profit": NaN,
        "Cost Of Revenue": NaN,
        "Total Revenue": NaN,
        "Operating Revenue": NaN
    },
    "2023-12-31": {
        "Tax Effect Of Unusual Items": 0.0,
        "Tax Rate For Calcs": 0.229143,
        "Normalized EBITDA": 1145000000.0,
        "Total Unusual Items": 0.0,
        "Total Unusual Items Excluding Goodwill": 0.0,
        "Net Income From Continuing Operation Net Minority Interest": 693000000.0,
        "Reconciled Depreciation": 182000000.0,
        "Reconciled Cost Of Revenue": 1683000000.0,
        "EBITDA": 1145000000.0,
        "EBIT": 963000000.0,
        "Net Interest Income": -64000000.0,
        "Interest Expense": 64000000.0,
        "Normalized Income": 693000000.0,
        "Net Income From Continuing And Discontinued Operation": 693000000.0,
        "Total Expenses": 2924000000.0,
        "Total Operating Income As Reported": 943000000.0,
        "Diluted Average Shares": 1401300000.0,
        "Basic Average Shares": 1393600000.0,
        "Diluted EPS": 0.49,
        "Basic EPS": 0.5,
        "Diluted NI Availto Com Stockholders": 693000000.0,
        "Net Income Common Stockholders": 693000000.0,
        "Net Income": 693000000.0,
        "Minority Interests": 0.0,
        "Net Income Including Noncontrolling Interests": 693000000.0,
        "Net Income Continuous Operations": 693000000.0,
        "Tax Provision": 206000000.0,
        "Pretax Income": 899000000.0,
        "Other Income Expense": 20000000.0,
        "Other Non Operating Income Expenses": 20000000.0,
        "Special Income Charges": 0.0,
        "Gain On Sale Of Business": 0.0,
        "Write Off": 0.0,
        "Impairment Of Capital Assets": 0.0,
        "Net Non Operating Interest Income Expense": -64000000.0,
        "Interest Expense Non Operating": 64000000.0,
        "Operating Income": 943000000.0,
        "Operating Expense": 1241000000.0,
        "Other Operating Expenses": -17000000.0,
        "Selling General And Administration": 1258000000.0,
        "Gross Profit": 2184000000.0,
        "Cost Of Revenue": 1683000000.0,
        "Total Revenue": 3867000000.0,
        "Operating Revenue": 3867000000.0
    },
    "2024-03-31": {
        "Tax Effect Of Unusual Items": 0.0,
        "Tax Rate For Calcs": 0.236,
        "Normalized EBITDA": 942000000.0,
        "Total Unusual Items": NaN,
        "Total Unusual Items Excluding Goodwill": NaN,
        "Net Income From Continuing Operation Net Minority Interest": 454000000.0,
        "Reconciled Depreciation": 170000000.0,
        "Reconciled Cost Of Revenue": 1528000000.0,
        "EBITDA": 942000000.0,
        "EBIT": 772000000.0,
        "Net Interest Income": -178000000.0,
        "Interest Expense": 178000000.0,
        "Normalized Income": 454000000.0,
        "Net Income From Continuing And Discontinued Operation": 454000000.0,
        "Total Expenses": 2703000000.0,
        "Total Operating Income As Reported": 765000000.0,
        "Diluted Average Shares": 1387700000.0,
        "Basic Average Shares": 1380700000.0,
        "Diluted EPS": 0.33,
        "Basic EPS": 0.33,
        "Diluted NI Availto Com Stockholders": 454000000.0,
        "Net Income Common Stockholders": 454000000.0,
        "Net Income": 454000000.0,
        "Minority Interests": NaN,
        "Net Income Including Noncontrolling Interests": 454000000.0,
        "Net Income Continuous Operations": 454000000.0,
        "Tax Provision": 140000000.0,
        "Pretax Income": 594000000.0,
        "Other Income Expense": 7000000.0,
        "Other Non Operating Income Expenses": 7000000.0,
        "Special Income Charges": NaN,
        "Gain On Sale Of Business": NaN,
        "Write Off": NaN,
        "Impairment Of Capital Assets": NaN,
        "Net Non Operating Interest Income Expense": -178000000.0,
        "Interest Expense Non Operating": 178000000.0,
        "Operating Income": 765000000.0,
        "Operating Expense": 1175000000.0,
        "Other Operating Expenses": -1000000.0,
        "Selling General And Administration": 1176000000.0,
        "Gross Profit": 1940000000.0,
        "Cost Of Revenue": 1528000000.0,
        "Total Revenue": 3468000000.0,
        "Operating Revenue": 3468000000.0
    },
    "2024-06-30": {
        "Tax Effect Of Unusual Items": 0.0,
        "Tax Rate For Calcs": 0.234,
        "Normalized EBITDA": 1081000000.0,
        "Total Unusual Items": NaN,
        "Total Unusual Items Excluding Goodwill": NaN,
        "Net Income From Continuing Operation Net Minority Interest": 515000000.0,
        "Reconciled Depreciation": 205000000.0,
        "Reconciled Cost Of Revenue": 1750000000.0,
        "EBITDA": 1081000000.0,
        "EBIT": 876000000.0,
        "Net Interest Income": -204000000.0,
        "Interest Expense": 204000000.0,
        "Normalized Income": 515000000.0,
        "Net Income From Continuing And Discontinued Operation": 515000000.0,
        "Total Expenses": 3061000000.0,
        "Total Operating Income As Reported": 861000000.0,
        "Diluted Average Shares": 1361200000.0,
        "Basic Average Shares": 1355600000.0,
        "Diluted EPS": 0.38,
        "Basic EPS": 0.38,
        "Diluted NI Availto Com Stockholders": 515000000.0,
        "Net Income Common Stockholders": 515000000.0,
        "Net Income": 515000000.0,
        "Minority Interests": NaN,
        "Net Income Including Noncontrolling Interests": 515000000.0,
        "Net Income Continuous Operations": 515000000.0,
        "Tax Provision": 157000000.0,
        "Pretax Income": 672000000.0,
        "Other Income Expense": 15000000.0,
        "Other Non Operating Income Expenses": 15000000.0,
        "Special Income Charges": NaN,
        "Gain On Sale Of Business": NaN,
        "Write Off": NaN,
        "Impairment Of Capital Assets": NaN,
        "Net Non Operating Interest Income Expense": -204000000.0,
        "Interest Expense Non Operating": 204000000.0,
        "Operating Income": 861000000.0,
        "Operating Expense": 1311000000.0,
        "Other Operating Expenses": 16000000.0,
        "Selling General And Administration": 1295000000.0,
        "Gross Profit": 2172000000.0,
        "Cost Of Revenue": 1750000000.0,
        "Total Revenue": 3922000000.0,
        "Operating Revenue": 3922000000.0
    },
    "2024-09-30": {
        "Tax Effect Of Unusual Items": 0.0,
        "Tax Rate For Calcs": 0.232,
        "Normalized EBITDA": 1083000000.0,
        "Total Unusual Items": 0.0,
        "Total Unusual Items Excluding Goodwill": 0.0,
        "Net Income From Continuing Operation Net Minority Interest": 616000000.0,
        "Reconciled Depreciation": 175000000.0,
        "Reconciled Cost Of Revenue": 1751000000.0,
        "EBITDA": 1083000000.0,
        "EBIT": 908000000.0,
        "Net Interest Income": -106000000.0,
        "Interest Expense": 106000000.0,
        "Normalized Income": 616000000.0,
        "Net Income From Continuing And Discontinued Operation": 616000000.0,
        "Total Expenses": 2989000000.0,
        "Total Operating Income As Reported": 902000000.0,
        "Diluted Average Shares": 1361900000.0,
        "Basic Average Shares": 1356200000.0,
        "Diluted EPS": 0.45,
        "Basic EPS": 0.45,
        "Diluted NI Availto Com Stockholders": 616000000.0,
        "Net Income Common Stockholders": 616000000.0,
        "Net Income": 616000000.0,
        "Minority Interests": NaN,
        "Net Income Including Noncontrolling Interests": 616000000.0,
        "Net Income Continuous Operations": 616000000.0,
        "Tax Provision": 186000000.0,
        "Pretax Income": 802000000.0,
        "Other Income Expense": 6000000.0,
        "Other Non Operating Income Expenses": 6000000.0,
        "Special Income Charges": 0.0,
        "Gain On Sale Of Business": NaN,
        "Write Off": NaN,
        "Impairment Of Capital Assets": 0.0,
        "Net Non Operating Interest Income Expense": -106000000.0,
        "Interest Expense Non Operating": 106000000.0,
        "Operating Income": 902000000.0,
        "Operating Expense": 1238000000.0,
        "Other Operating Expenses": -7000000.0,
        "Selling General And Administration": 1245000000.0,
        "Gross Profit": 2140000000.0,
        "Cost Of Revenue": 1751000000.0,
        "Total Revenue": 3891000000.0,
        "Operating Revenue": 3891000000.0
    },
    "2024-12-31": {
        "Tax Effect Of Unusual Items": -46753246.753247,
        "Tax Rate For Calcs": 0.064935,
        "Normalized EBITDA": 996000000.0,
        "Total Unusual Items": -720000000.0,
        "Total Unusual Items Excluding Goodwill": -720000000.0,
        "Net Income From Continuing Operation Net Minority Interest": -144000000.0,
        "Reconciled Depreciation": 183000000.0,
        "Reconciled Cost Of Revenue": 1793000000.0,
        "EBITDA": 276000000.0,
        "EBIT": 93000000.0,
        "Net Interest Income": -247000000.0,
        "Interest Expense": 247000000.0,
        "Normalized Income": 529246753.246753,
        "Net Income From Continuing And Discontinued Operation": -144000000.0,
        "Total Expenses": 3289000000.0,
        "Total Operating Income As Reported": 63000000.0,
        "Diluted Average Shares": NaN,
        "Basic Average Shares": NaN,
        "Diluted EPS": NaN,
        "Basic EPS": NaN,
        "Diluted NI Availto Com Stockholders": -144000000.0,
        "Net Income Common Stockholders": -144000000.0,
        "Net Income": -144000000.0,
        "Minority Interests": NaN,
        "Net Income Including Noncontrolling Interests": -144000000.0,
        "Net Income Continuous Operations": -144000000.0,
        "Tax Provision": -10000000.0,
        "Pretax Income": -154000000.0,
        "Other Income Expense": -688000000.0,
        "Other Non Operating Income Expenses": 32000000.0,
        "Special Income Charges": -720000000.0,
        "Gain On Sale Of Business": NaN,
        "Write Off": NaN,
        "Impairment Of Capital Assets": 718000000.0,
        "Net Non Operating Interest Income Expense": -247000000.0,
        "Interest Expense Non Operating": 247000000.0,
        "Operating Income": 781000000.0,
        "Operating Expense": 1496000000.0,
        "Other Operating Expenses": 199000000.0,
        "Selling General And Administration": 1297000000.0,
        "Gross Profit": 2277000000.0,
        "Cost Of Revenue": 1793000000.0,
        "Total Revenue": 4070000000.0,
        "Operating Revenue": 4070000000.0
    }
}