{
    "2023-03-31": {
        "Tax Effect Of Unusual Items": NaN,
        "Tax Rate For Calcs": NaN,
        "Normalized EBITDA": NaN,
        "Total Unusual Items": NaN,
        "Total Unusual Items Excluding Goodwill": NaN,
        "Net Income From Continuing Operation Net Minority Interest": NaN,
        "Reconciled Depreciation": NaN,
        "Reconciled Cost Of Revenue": NaN,
        "EBITDA": NaN,
        "EBIT": NaN,
        "Net Interest Income": NaN,
        "Interest Expense": NaN,
        "Interest Income": NaN,
        "Normalized Income": NaN,
        "Net Income From Continuing And Discontinued Operation": NaN,
        "Total Expenses": NaN,
        "Total Operating Income As Reported": NaN,
        "Diluted Average Shares": NaN,
        "Basic Average Shares": NaN,
        "Diluted EPS": NaN,
        "Basic EPS": NaN,
        "Diluted NI Availto Com Stockholders": NaN,
        "Net Income Common Stockholders": NaN,
        "Otherunder Preferred Stock Dividend": NaN,
        "Net Income": NaN,
        "Net Income Including Noncontrolling Interests": NaN,
        "Net Income Continuous Operations": NaN,
        "Tax Provision": NaN,
        "Pretax Income": NaN,
        "Other Income Expense": NaN,
        "Other Non Operating Income Expenses": NaN,
        "Special Income Charges": 0.0,
        "Gain On Sale Of Ppe": NaN,
        "Write Off": 0.0,
        "Impairment Of Capital Assets": 0.0,
        "Restructuring And Mergern Acquisition": 0.0,
        "Gain On Sale Of Security": NaN,
        "Net Non Operating Interest Income Expense": NaN,
        "Total Other Finance Cost": NaN,
        "Interest Expense Non Operating": NaN,
        "Interest Income Non Operating": NaN,
        "Operating Income": NaN,
        "Operating Expense": NaN,
        "Other Operating Expenses": NaN,
        "Selling General And Administration": NaN,
        "Gross Profit": NaN,
        "Cost Of Revenue": NaN,
        "Total Revenue": NaN,
        "Operating Revenue": NaN
    },
    "2022-12-31": {
        "Tax Effect Of Unusual Items": 259135.277954,
        "Tax Rate For Calcs": 0.244698,
        "Normalized EBITDA": 25179000.0,
        "Total Unusual Items": 1059000.0,
        "Total Unusual Items Excluding Goodwill": 1059000.0,
        "Net Income From Continuing Operation Net Minority Interest": 10720000.0,
        "Reconciled Depreciation": 7997000.0,
        "Reconciled Cost Of Revenue": 402505000.0,
        "EBITDA": 26238000.0,
        "EBIT": 18241000.0,
        "Net Interest Income": -4022000.0,
        "Interest Expense": 4048000.0,
        "Interest Income": 26000.0,
        "Normalized Income": 9920135.277954,
        "Net Income From Continuing And Discontinued Operation": 10720000.0,
        "Total Expenses": 419207000.0,
        "Total Operating Income As Reported": 17489000.0,
        "Diluted Average Shares": 25000000.0,
        "Basic Average Shares": 24881000.0,
        "Diluted EPS": 0.43,
        "Basic EPS": 0.43,
        "Diluted NI Availto Com Stockholders": 10704000.0,
        "Net Income Common Stockholders": 10704000.0,
        "Otherunder Preferred Stock Dividend": 16000.0,
        "Net Income": 10720000.0,
        "Net Income Including Noncontrolling Interests": 10720000.0,
        "Net Income Continuous Operations": 10720000.0,
        "Tax Provision": 3473000.0,
        "Pretax Income": 14193000.0,
        "Other Income Expense": 726000.0,
        "Other Non Operating Income Expenses": -333000.0,
        "Gain On Sale Of Security": 1059000.0,
        "Net Non Operating Interest Income Expense": -4022000.0,
        "Interest Expense Non Operating": 4048000.0,
        "Interest Income Non Operating": 26000.0,
        "Operating Income": 17489000.0,
        "Operating Expense": 16702000.0,
        "Selling General And Administration": 16702000.0,
        "Gross Profit": 34191000.0,
        "Cost Of Revenue": 402505000.0,
        "Total Revenue": 436696000.0,
        "Operating Revenue": 436696000.0
    },
    "2022-09-30": {
        "Tax Effect Of Unusual Items": 0.0,
        "Tax Rate For Calcs": 0.218524,
        "Normalized EBITDA": 13571000.0,
        "Total Unusual Items": 299000.0,
        "Total Unusual Items Excluding Goodwill": 299000.0,
        "Net Income From Continuing Operation Net Minority Interest": 9509000.0,
        "Reconciled Depreciation": 7611000.0,
        "Reconciled Cost Of Revenue": 376568000.0,
        "EBITDA": 13571000.0,
        "EBIT": 13571000.0,
        "Net Interest Income": -1903000.0,
        "Interest Expense": 1920000.0,
        "Interest Income": 17000.0,
        "Normalized Income": 9509000.0,
        "Net Income From Continuing And Discontinued Operation": 9509000.0,
        "Total Expenses": 392318000.0,
        "Total Operating Income As Reported": 13571000.0,
        "Diluted Average Shares": 24955000.0,
        "Basic Average Shares": 24826000.0,
        "Diluted EPS": 0.38,
        "Basic EPS": 0.38,
        "Diluted NI Availto Com Stockholders": 9509000.0,
        "Net Income Common Stockholders": 9509000.0,
        "Otherunder Preferred Stock Dividend": 13000.0,
        "Net Income": 9509000.0,
        "Net Income Including Noncontrolling Interests": 9509000.0,
        "Net Income Continuous Operations": 9509000.0,
        "Tax Provision": 2659000.0,
        "Pretax Income": 12168000.0,
        "Other Income Expense": -1403000.0,
        "Other Non Operating Income Expenses": -1403000.0,
        "Gain On Sale Of Security": 299000.0,
        "Net Non Operating Interest Income Expense": -1903000.0,
        "Interest Expense Non Operating": 1920000.0,
        "Interest Income Non Operating": 17000.0,
        "Operating Income": 13571000.0,
        "Operating Expense": 15750000.0,
        "Other Operating Expenses": NaN,
        "Selling General And Administration": 15750000.0,
        "Gross Profit": 29321000.0,
        "Cost Of Revenue": 376568000.0,
        "Total Revenue": 405889000.0,
        "Operating Revenue": 405889000.0
    },
    "2022-06-30": {
        "Tax Effect Of Unusual Items": 0.0,
        "Tax Rate For Calcs": 0.351348,
        "Normalized EBITDA": 20578000.0,
        "Total Unusual Items": 1729000.0,
        "Total Unusual Items Excluding Goodwill": 1729000.0,
        "Net Income From Continuing Operation Net Minority Interest": 9938000.0,
        "Reconciled Depreciation": 6959000.0,
        "Reconciled Cost Of Revenue": 339276000.0,
        "EBITDA": 20578000.0,
        "EBIT": 20578000.0,
        "Net Interest Income": -1103000.0,
        "Interest Expense": 1118000.0,
        "Interest Income": 15000.0,
        "Normalized Income": 9938000.0,
        "Net Income From Continuing And Discontinued Operation": 9938000.0,
        "Total Expenses": 352919000.0,
        "Total Operating Income As Reported": 20578000.0,
        "Diluted Average Shares": 25011000.0,
        "Basic Average Shares": 24884000.0,
        "Diluted EPS": 0.4,
        "Basic EPS": 0.4,
        "Diluted NI Availto Com Stockholders": 9938000.0,
        "Net Income Common Stockholders": 9938000.0,
        "Otherunder Preferred Stock Dividend": 14000.0,
        "Net Income": 9938000.0,
        "Net Income Including Noncontrolling Interests": 9938000.0,
        "Net Income Continuous Operations": 9938000.0,
        "Tax Provision": 5383000.0,
        "Pretax Income": 15321000.0,
        "Other Income Expense": -5257000.0,
        "Other Non Operating Income Expenses": -5257000.0,
        "Special Income Charges": 0.0,
        "Gain On Sale Of Security": NaN,
        "Net Non Operating Interest Income Expense": -1103000.0,
        "Interest Expense Non Operating": 1118000.0,
        "Interest Income Non Operating": 15000.0,
        "Operating Income": 20578000.0,
        "Operating Expense": 13643000.0,
        "Other Operating Expenses": 0.0,
        "Selling General And Administration": 13643000.0,
        "Gross Profit": 34221000.0,
        "Cost Of Revenue": 339276000.0,
        "Total Revenue": 373497000.0,
        "Operating Revenue": 373497000.0
    },
    "2023-06-30": {
        "Tax Effect Of Unusual Items": NaN,
        "Tax Rate For Calcs": NaN,
        "Normalized EBITDA": NaN,
        "Total Unusual Items": NaN,
        "Total Unusual Items Excluding Goodwill": NaN,
        "Net Income From Continuing Operation Net Minority Interest": NaN,
        "Reconciled Depreciation": NaN,
        "Reconciled Cost Of Revenue": NaN,
        "EBITDA": NaN,
        "EBIT": NaN,
        "Net Interest Income": NaN,
        "Interest Expense": NaN,
        "Interest Income": NaN,
        "Normalized Income": NaN,
        "Net Income From Continuing And Discontinued Operation": NaN,
        "Total Expenses": NaN,
        "Total Operating Income As Reported": NaN,
        "Diluted Average Shares": 25161000.0,
        "Basic Average Shares": 25009000.0,
        "Diluted EPS": 0.76,
        "Basic EPS": 0.77,
        "Diluted NI Availto Com Stockholders": NaN,
        "Net Income Common Stockholders": NaN,
        "Otherunder Preferred Stock Dividend": NaN,
        "Net Income": NaN,
        "Net Income Including Noncontrolling Interests": NaN,
        "Net Income Continuous Operations": NaN,
        "Tax Provision": NaN,
        "Pretax Income": NaN,
        "Other Income Expense": NaN,
        "Other Non Operating Income Expenses": NaN,
        "Special Income Charges": NaN,
        "Gain On Sale Of Ppe": NaN,
        "Write Off": NaN,
        "Impairment Of Capital Assets": NaN,
        "Restructuring And Mergern Acquisition": NaN,
        "Gain On Sale Of Security": NaN,
        "Net Non Operating Interest Income Expense": NaN,
        "Total Other Finance Cost": NaN,
        "Interest Expense Non Operating": NaN,
        "Interest Income Non Operating": NaN,
        "Operating Income": NaN,
        "Operating Expense": NaN,
        "Other Operating Expenses": NaN,
        "Selling General And Administration": NaN,
        "Gross Profit": NaN,
        "Cost Of Revenue": NaN,
        "Total Revenue": NaN,
        "Operating Revenue": NaN
    },
    "2023-09-30": {
        "Tax Effect Of Unusual Items": NaN,
        "Tax Rate For Calcs": NaN,
        "Normalized EBITDA": NaN,
        "Total Unusual Items": NaN,
        "Total Unusual Items Excluding Goodwill": NaN,
        "Net Income From Continuing Operation Net Minority Interest": NaN,
        "Reconciled Depreciation": NaN,
        "Reconciled Cost Of Revenue": NaN,
        "EBITDA": NaN,
        "EBIT": NaN,
        "Net Interest Income": NaN,
        "Interest Expense": NaN,
        "Interest Income": NaN,
        "Normalized Income": NaN,
        "Net Income From Continuing And Discontinued Operation": NaN,
        "Total Expenses": NaN,
        "Total Operating Income As Reported": NaN,
        "Diluted Average Shares": NaN,
        "Basic Average Shares": NaN,
        "Diluted EPS": NaN,
        "Basic EPS": NaN,
        "Diluted NI Availto Com Stockholders": NaN,
        "Net Income Common Stockholders": NaN,
        "Otherunder Preferred Stock Dividend": NaN,
        "Net Income": NaN,
        "Net Income Including Noncontrolling Interests": NaN,
        "Net Income Continuous Operations": NaN,
        "Tax Provision": NaN,
        "Pretax Income": NaN,
        "Other Income Expense": NaN,
        "Other Non Operating Income Expenses": NaN,
        "Special Income Charges": NaN,
        "Gain On Sale Of Ppe": 0.0,
        "Write Off": NaN,
        "Impairment Of Capital Assets": NaN,
        "Restructuring And Mergern Acquisition": NaN,
        "Gain On Sale Of Security": NaN,
        "Net Non Operating Interest Income Expense": NaN,
        "Total Other Finance Cost": NaN,
        "Interest Expense Non Operating": NaN,
        "Interest Income Non Operating": NaN,
        "Operating Income": NaN,
        "Operating Expense": NaN,
        "Other Operating Expenses": NaN,
        "Selling General And Administration": NaN,
        "Gross Profit": NaN,
        "Cost Of Revenue": NaN,
        "Total Revenue": NaN,
        "Operating Revenue": NaN
    },
    "2023-12-31": {
        "Tax Effect Of Unusual Items": NaN,
        "Tax Rate For Calcs": NaN,
        "Normalized EBITDA": NaN,
        "Total Unusual Items": NaN,
        "Total Unusual Items Excluding Goodwill": NaN,
        "Net Income From Continuing Operation Net Minority Interest": NaN,
        "Reconciled Depreciation": NaN,
        "Reconciled Cost Of Revenue": NaN,
        "EBITDA": NaN,
        "EBIT": NaN,
        "Net Interest Income": NaN,
        "Interest Expense": NaN,
        "Interest Income": NaN,
        "Normalized Income": NaN,
        "Net Income From Continuing And Discontinued Operation": NaN,
        "Total Expenses": NaN,
        "Total Operating Income As Reported": NaN,
        "Diluted Average Shares": NaN,
        "Basic Average Shares": NaN,
        "Diluted EPS": NaN,
        "Basic EPS": NaN,
        "Diluted NI Availto Com Stockholders": NaN,
        "Net Income Common Stockholders": NaN,
        "Otherunder Preferred Stock Dividend": NaN,
        "Net Income": NaN,
        "Net Income Including Noncontrolling Interests": NaN,
        "Net Income Continuous Operations": NaN,
        "Tax Provision": NaN,
        "Pretax Income": NaN,
        "Other Income Expense": NaN,
        "Other Non Operating Income Expenses": NaN,
        "Special Income Charges": NaN,
        "Gain On Sale Of Ppe": 0.0,
        "Write Off": NaN,
        "Impairment Of Capital Assets": NaN,
        "Restructuring And Mergern Acquisition": NaN,
        "Gain On Sale Of Security": NaN,
        "Net Non Operating Interest Income Expense": NaN,
        "Total Other Finance Cost": NaN,
        "Interest Expense Non Operating": NaN,
        "Interest Income Non Operating": NaN,
        "Operating Income": NaN,
        "Operating Expense": NaN,
        "Other Operating Expenses": NaN,
        "Selling General And Administration": NaN,
        "Gross Profit": NaN,
        "Cost Of Revenue": NaN,
        "Total Revenue": NaN,
        "Operating Revenue": NaN
    },
    "2024-03-31": {
        "Tax Effect Of Unusual Items": NaN,
        "Tax Rate For Calcs": NaN,
        "Normalized EBITDA": NaN,
        "Total Unusual Items": NaN,
        "Total Unusual Items Excluding Goodwill": NaN,
        "Net Income From Continuing Operation Net Minority Interest": NaN,
        "Reconciled Depreciation": NaN,
        "Reconciled Cost Of Revenue": NaN,
        "EBITDA": NaN,
        "EBIT": NaN,
        "Net Interest Income": NaN,
        "Interest Expense": NaN,
        "Interest Income": NaN,
        "Normalized Income": NaN,
        "Net Income From Continuing And Discontinued Operation": NaN,
        "Total Expenses": NaN,
        "Total Operating Income As Reported": NaN,
        "Diluted Average Shares": 25118000.0,
        "Basic Average Shares": 25118000.0,
        "Diluted EPS": -0.24,
        "Basic EPS": -0.24,
        "Diluted NI Availto Com Stockholders": NaN,
        "Net Income Common Stockholders": NaN,
        "Otherunder Preferred Stock Dividend": NaN,
        "Net Income": NaN,
        "Net Income Including Noncontrolling Interests": NaN,
        "Net Income Continuous Operations": NaN,
        "Tax Provision": NaN,
        "Pretax Income": NaN,
        "Other Income Expense": NaN,
        "Other Non Operating Income Expenses": NaN,
        "Special Income Charges": NaN,
        "Gain On Sale Of Ppe": NaN,
        "Write Off": 16564000.0,
        "Impairment Of Capital Assets": 22384000.0,
        "Restructuring And Mergern Acquisition": NaN,
        "Gain On Sale Of Security": NaN,
        "Net Non Operating Interest Income Expense": NaN,
        "Total Other Finance Cost": 241000.0,
        "Interest Expense Non Operating": NaN,
        "Interest Income Non Operating": NaN,
        "Operating Income": NaN,
        "Operating Expense": NaN,
        "Other Operating Expenses": -892000.0,
        "Selling General And Administration": NaN,
        "Gross Profit": NaN,
        "Cost Of Revenue": NaN,
        "Total Revenue": NaN,
        "Operating Revenue": NaN
    },
    "2024-06-30": {
        "Tax Effect Of Unusual Items": -358050.0,
        "Tax Rate For Calcs": 0.21,
        "Normalized EBITDA": 30058000.0,
        "Total Unusual Items": -1705000.0,
        "Total Unusual Items Excluding Goodwill": -1705000.0,
        "Net Income From Continuing Operation Net Minority Interest": 7543000.0,
        "Reconciled Depreciation": 9508000.0,
        "Reconciled Cost Of Revenue": 393420000.0,
        "EBITDA": 28353000.0,
        "EBIT": 18845000.0,
        "Net Interest Income": -6098000.0,
        "Interest Expense": 5380000.0,
        "Interest Income": 155000.0,
        "Normalized Income": 8889950.0,
        "Net Income From Continuing And Discontinued Operation": 7543000.0,
        "Total Expenses": 409310000.0,
        "Total Operating Income As Reported": 19608000.0,
        "Diluted Average Shares": 25246000.0,
        "Basic Average Shares": 25064000.0,
        "Diluted EPS": 0.3,
        "Basic EPS": 0.3,
        "Diluted NI Availto Com Stockholders": 7535000.0,
        "Net Income Common Stockholders": 7535000.0,
        "Otherunder Preferred Stock Dividend": 8000.0,
        "Net Income": 7543000.0,
        "Net Income Including Noncontrolling Interests": 7543000.0,
        "Net Income Continuous Operations": 7543000.0,
        "Tax Provision": 5922000.0,
        "Pretax Income": 13465000.0,
        "Other Income Expense": -1285000.0,
        "Other Non Operating Income Expenses": 420000.0,
        "Special Income Charges": -1240000.0,
        "Gain On Sale Of Ppe": NaN,
        "Write Off": NaN,
        "Impairment Of Capital Assets": 476000.0,
        "Restructuring And Mergern Acquisition": 764000.0,
        "Gain On Sale Of Security": -465000.0,
        "Net Non Operating Interest Income Expense": -6098000.0,
        "Total Other Finance Cost": NaN,
        "Interest Expense Non Operating": 5380000.0,
        "Interest Income Non Operating": 155000.0,
        "Operating Income": 20848000.0,
        "Operating Expense": 15890000.0,
        "Other Operating Expenses": 0.0,
        "Selling General And Administration": 15890000.0,
        "Gross Profit": 36738000.0,
        "Cost Of Revenue": 393420000.0,
        "Total Revenue": 430158000.0,
        "Operating Revenue": 430158000.0
    },
    "2024-09-30": {
        "Tax Effect Of Unusual Items": -366870.0,
        "Tax Rate For Calcs": 0.21,
        "Normalized EBITDA": 18618000.0,
        "Total Unusual Items": -1747000.0,
        "Total Unusual Items Excluding Goodwill": -1747000.0,
        "Net Income From Continuing Operation Net Minority Interest": 3154000.0,
        "Reconciled Depreciation": 9195000.0,
        "Reconciled Cost Of Revenue": 350656000.0,
        "EBITDA": 16871000.0,
        "EBIT": 7676000.0,
        "Net Interest Income": -4833000.0,
        "Interest Expense": 4792000.0,
        "Interest Income": 222000.0,
        "Normalized Income": 4534130.0,
        "Net Income From Continuing And Discontinued Operation": 3154000.0,
        "Total Expenses": 364083000.0,
        "Total Operating Income As Reported": 9115000.0,
        "Diluted Average Shares": 25235000.0,
        "Basic Average Shares": 24979000.0,
        "Diluted EPS": 0.12,
        "Basic EPS": 0.13,
        "Diluted NI Availto Com Stockholders": 3151000.0,
        "Net Income Common Stockholders": 3151000.0,
        "Otherunder Preferred Stock Dividend": 3000.0,
        "Net Income": 3154000.0,
        "Net Income Including Noncontrolling Interests": 3154000.0,
        "Net Income Continuous Operations": 3154000.0,
        "Tax Provision": -270000.0,
        "Pretax Income": 2884000.0,
        "Other Income Expense": -2456000.0,
        "Other Non Operating Income Expenses": -709000.0,
        "Special Income Charges": -1058000.0,
        "Gain On Sale Of Ppe": 1264000.0,
        "Write Off": NaN,
        "Impairment Of Capital Assets": NaN,
        "Restructuring And Mergern Acquisition": 2322000.0,
        "Gain On Sale Of Security": -689000.0,
        "Net Non Operating Interest Income Expense": -4833000.0,
        "Total Other Finance Cost": 263000.0,
        "Interest Expense Non Operating": 4792000.0,
        "Interest Income Non Operating": 222000.0,
        "Operating Income": 10173000.0,
        "Operating Expense": 13427000.0,
        "Other Operating Expenses": NaN,
        "Selling General And Administration": 13427000.0,
        "Gross Profit": 23600000.0,
        "Cost Of Revenue": 350656000.0,
        "Total Revenue": 374256000.0,
        "Operating Revenue": 374256000.0
    },
    "2024-12-31": {
        "Tax Effect Of Unusual Items": -54367.875648,
        "Tax Rate For Calcs": 0.01209,
        "Normalized EBITDA": 21278000.0,
        "Total Unusual Items": -4497000.0,
        "Total Unusual Items Excluding Goodwill": -4497000.0,
        "Net Income From Continuing Operation Net Minority Interest": 3432000.0,
        "Reconciled Depreciation": 9066000.0,
        "Reconciled Cost Of Revenue": 333965000.0,
        "EBITDA": 16781000.0,
        "EBIT": 7715000.0,
        "Net Interest Income": -4255000.0,
        "Interest Expense": 4241000.0,
        "Interest Income": 253000.0,
        "Normalized Income": 7874632.124352,
        "Net Income From Continuing And Discontinued Operation": 3432000.0,
        "Total Expenses": 344491000.0,
        "Total Operating Income As Reported": 8230000.0,
        "Diluted Average Shares": 24968000.0,
        "Basic Average Shares": 24870000.0,
        "Diluted EPS": 0.14,
        "Basic EPS": 0.14,
        "Diluted NI Availto Com Stockholders": 3428000.0,
        "Net Income Common Stockholders": 3428000.0,
        "Otherunder Preferred Stock Dividend": 4000.0,
        "Net Income": 3432000.0,
        "Net Income Including Noncontrolling Interests": 3432000.0,
        "Net Income Continuous Operations": 3432000.0,
        "Tax Provision": 42000.0,
        "Pretax Income": 3474000.0,
        "Other Income Expense": -5172000.0,
        "Other Non Operating Income Expenses": -675000.0,
        "Special Income Charges": -4671000.0,
        "Gain On Sale Of Ppe": 0.0,
        "Write Off": NaN,
        "Impairment Of Capital Assets": NaN,
        "Restructuring And Mergern Acquisition": 4671000.0,
        "Gain On Sale Of Security": 174000.0,
        "Net Non Operating Interest Income Expense": -4255000.0,
        "Total Other Finance Cost": 267000.0,
        "Interest Expense Non Operating": 4241000.0,
        "Interest Income Non Operating": 253000.0,
        "Operating Income": 12901000.0,
        "Operating Expense": 10526000.0,
        "Other Operating Expenses": NaN,
        "Selling General And Administration": 10526000.0,
        "Gross Profit": 23427000.0,
        "Cost Of Revenue": 333965000.0,
        "Total Revenue": 357392000.0,
        "Operating Revenue": 357392000.0
    },
    "2025-03-31": {
        "Tax Effect Of Unusual Items": -601440.0,
        "Tax Rate For Calcs": 0.21,
        "Normalized EBITDA": 22105000.0,
        "Total Unusual Items": -2864000.0,
        "Total Unusual Items Excluding Goodwill": -2864000.0,
        "Net Income From Continuing Operation Net Minority Interest": 3817000.0,
        "Reconciled Depreciation": 9151000.0,
        "Reconciled Cost Of Revenue": 347711000.0,
        "EBITDA": 19241000.0,
        "EBIT": 10090000.0,
        "Net Interest Income": -3045000.0,
        "Interest Expense": 2936000.0,
        "Interest Income": 100000.0,
        "Normalized Income": 6079560.0,
        "Net Income From Continuing And Discontinued Operation": 3817000.0,
        "Total Expenses": 360865000.0,
        "Total Operating Income As Reported": 11716000.0,
        "Diluted Average Shares": 24872000.0,
        "Basic Average Shares": 24728000.0,
        "Diluted EPS": 0.15,
        "Basic EPS": 0.15,
        "Diluted NI Availto Com Stockholders": 3813000.0,
        "Net Income Common Stockholders": 3813000.0,
        "Otherunder Preferred Stock Dividend": 4000.0,
        "Net Income": 3817000.0,
        "Net Income Including Noncontrolling Interests": 3817000.0,
        "Net Income Continuous Operations": 3817000.0,
        "Tax Provision": 3337000.0,
        "Pretax Income": 7154000.0,
        "Other Income Expense": -3543000.0,
        "Other Non Operating Income Expenses": -679000.0,
        "Special Income Charges": -2026000.0,
        "Gain On Sale Of Ppe": NaN,
        "Write Off": NaN,
        "Impairment Of Capital Assets": 0.0,
        "Restructuring And Mergern Acquisition": 2026000.0,
        "Gain On Sale Of Security": -838000.0,
        "Net Non Operating Interest Income Expense": -3045000.0,
        "Total Other Finance Cost": 209000.0,
        "Interest Expense Non Operating": 2936000.0,
        "Interest Income Non Operating": 100000.0,
        "Operating Income": 13742000.0,
        "Operating Expense": 13154000.0,
        "Other Operating Expenses": NaN,
        "Selling General And Administration": 13154000.0,
        "Gross Profit": 26896000.0,
        "Cost Of Revenue": 347711000.0,
        "Total Revenue": 374607000.0,
        "Operating Revenue": 374607000.0
    },
    "2025-06-30": {
        "Tax Effect Of Unusual Items": -131880.0,
        "Tax Rate For Calcs": 0.21,
        "Normalized EBITDA": 25703000.0,
        "Total Unusual Items": -628000.0,
        "Total Unusual Items Excluding Goodwill": -628000.0,
        "Net Income From Continuing Operation Net Minority Interest": 6581000.0,
        "Reconciled Depreciation": 9582000.0,
        "Reconciled Cost Of Revenue": 349991000.0,
        "EBITDA": 25075000.0,
        "EBIT": 15493000.0,
        "Net Interest Income": -2859000.0,
        "Interest Expense": 2776000.0,
        "Interest Income": 196000.0,
        "Normalized Income": 7077120.0,
        "Net Income From Continuing And Discontinued Operation": 6581000.0,
        "Total Expenses": 363154000.0,
        "Total Operating Income As Reported": 16474000.0,
        "Diluted Average Shares": NaN,
        "Basic Average Shares": NaN,
        "Diluted EPS": NaN,
        "Basic EPS": NaN,
        "Diluted NI Availto Com Stockholders": 6573000.0,
        "Net Income Common Stockholders": 6573000.0,
        "Otherunder Preferred Stock Dividend": 8000.0,
        "Net Income": 6581000.0,
        "Net Income Including Noncontrolling Interests": 6581000.0,
        "Net Income Continuous Operations": 6581000.0,
        "Tax Provision": 6136000.0,
        "Pretax Income": 12717000.0,
        "Other Income Expense": -1742000.0,
        "Other Non Operating Income Expenses": -1114000.0,
        "Special Income Charges": -844000.0,
        "Gain On Sale Of Ppe": NaN,
        "Write Off": NaN,
        "Impairment Of Capital Assets": -1127000.0,
        "Restructuring And Mergern Acquisition": 1971000.0,
        "Gain On Sale Of Security": 216000.0,
        "Net Non Operating Interest Income Expense": -2859000.0,
        "Total Other Finance Cost": 279000.0,
        "Interest Expense Non Operating": 2776000.0,
        "Interest Income Non Operating": 196000.0,
        "Operating Income": 17318000.0,
        "Operating Expense": 13163000.0,
        "Other Operating Expenses": NaN,
        "Selling General And Administration": 13163000.0,
        "Gross Profit": 30481000.0,
        "Cost Of Revenue": 349991000.0,
        "Total Revenue": 380472000.0,
        "Operating Revenue": 380472000.0
    }
}