{
    "2023-03-31": {
        "Tax Effect Of Unusual Items": NaN,
        "Tax Rate For Calcs": NaN,
        "Normalized EBITDA": NaN,
        "Total Unusual Items": NaN,
        "Total Unusual Items Excluding Goodwill": NaN,
        "Net Income From Continuing Operation Net Minority Interest": NaN,
        "Reconciled Depreciation": NaN,
        "Reconciled Cost Of Revenue": NaN,
        "EBITDA": NaN,
        "EBIT": NaN,
        "Net Interest Income": NaN,
        "Interest Expense": NaN,
        "Interest Income": NaN,
        "Normalized Income": NaN,
        "Net Income From Continuing And Discontinued Operation": NaN,
        "Total Expenses": NaN,
        "Total Operating Income As Reported": NaN,
        "Diluted Average Shares": NaN,
        "Basic Average Shares": NaN,
        "Diluted EPS": NaN,
        "Basic EPS": NaN,
        "Diluted NI Availto Com Stockholders": NaN,
        "Net Income Common Stockholders": NaN,
        "Otherunder Preferred Stock Dividend": NaN,
        "Net Income": NaN,
        "Net Income Including Noncontrolling Interests": NaN,
        "Net Income Continuous Operations": NaN,
        "Earnings From Equity Interest Net Of Tax": 0.0,
        "Tax Provision": NaN,
        "Pretax Income": NaN,
        "Other Income Expense": NaN,
        "Other Non Operating Income Expenses": 2100000.0,
        "Special Income Charges": NaN,
        "Gain On Sale Of Ppe": NaN,
        "Gain On Sale Of Business": NaN,
        "Impairment Of Capital Assets": NaN,
        "Earnings From Equity Interest": 0.0,
        "Gain On Sale Of Security": NaN,
        "Net Non Operating Interest Income Expense": NaN,
        "Interest Expense Non Operating": NaN,
        "Interest Income Non Operating": NaN,
        "Operating Income": NaN,
        "Operating Expense": NaN,
        "Selling General And Administration": NaN,
        "Gross Profit": NaN,
        "Cost Of Revenue": NaN,
        "Total Revenue": NaN,
        "Operating Revenue": NaN
    },
    "2022-12-31": {
        "Tax Effect Of Unusual Items": NaN,
        "Tax Rate For Calcs": NaN,
        "Normalized EBITDA": NaN,
        "Total Unusual Items": NaN,
        "Total Unusual Items Excluding Goodwill": NaN,
        "Net Income From Continuing Operation Net Minority Interest": NaN,
        "Reconciled Depreciation": NaN,
        "Reconciled Cost Of Revenue": NaN,
        "EBITDA": NaN,
        "EBIT": NaN,
        "Net Interest Income": NaN,
        "Interest Expense": NaN,
        "Interest Income": NaN,
        "Normalized Income": NaN,
        "Net Income From Continuing And Discontinued Operation": NaN,
        "Total Expenses": NaN,
        "Total Operating Income As Reported": NaN,
        "Diluted Average Shares": NaN,
        "Basic Average Shares": NaN,
        "Diluted EPS": NaN,
        "Basic EPS": NaN,
        "Diluted NI Availto Com Stockholders": NaN,
        "Net Income Common Stockholders": NaN,
        "Otherunder Preferred Stock Dividend": NaN,
        "Net Income": NaN,
        "Net Income Including Noncontrolling Interests": NaN,
        "Net Income Continuous Operations": NaN,
        "Earnings From Equity Interest Net Of Tax": 0.0,
        "Tax Provision": NaN,
        "Pretax Income": NaN,
        "Other Income Expense": NaN,
        "Other Non Operating Income Expenses": 0.0,
        "Special Income Charges": NaN,
        "Gain On Sale Of Ppe": NaN,
        "Gain On Sale Of Business": NaN,
        "Impairment Of Capital Assets": 10300000.0,
        "Earnings From Equity Interest": 0.0,
        "Gain On Sale Of Security": NaN,
        "Net Non Operating Interest Income Expense": NaN,
        "Interest Expense Non Operating": NaN,
        "Interest Income Non Operating": NaN,
        "Operating Income": NaN,
        "Operating Expense": NaN,
        "Selling General And Administration": NaN,
        "Gross Profit": NaN,
        "Cost Of Revenue": NaN,
        "Total Revenue": NaN,
        "Operating Revenue": NaN
    },
    "2022-09-30": {
        "Tax Effect Of Unusual Items": NaN,
        "Tax Rate For Calcs": NaN,
        "Normalized EBITDA": NaN,
        "Total Unusual Items": NaN,
        "Total Unusual Items Excluding Goodwill": NaN,
        "Net Income From Continuing Operation Net Minority Interest": NaN,
        "Reconciled Depreciation": NaN,
        "Reconciled Cost Of Revenue": NaN,
        "EBITDA": NaN,
        "EBIT": NaN,
        "Net Interest Income": NaN,
        "Interest Expense": NaN,
        "Interest Income": NaN,
        "Normalized Income": NaN,
        "Net Income From Continuing And Discontinued Operation": NaN,
        "Total Expenses": NaN,
        "Total Operating Income As Reported": NaN,
        "Diluted Average Shares": NaN,
        "Basic Average Shares": NaN,
        "Diluted EPS": NaN,
        "Basic EPS": NaN,
        "Diluted NI Availto Com Stockholders": NaN,
        "Net Income Common Stockholders": NaN,
        "Otherunder Preferred Stock Dividend": NaN,
        "Net Income": NaN,
        "Net Income Including Noncontrolling Interests": NaN,
        "Net Income Continuous Operations": NaN,
        "Earnings From Equity Interest Net Of Tax": NaN,
        "Tax Provision": NaN,
        "Pretax Income": NaN,
        "Other Income Expense": NaN,
        "Other Non Operating Income Expenses": -100000.0,
        "Special Income Charges": NaN,
        "Gain On Sale Of Ppe": NaN,
        "Gain On Sale Of Business": NaN,
        "Impairment Of Capital Assets": 30700000.0,
        "Earnings From Equity Interest": NaN,
        "Gain On Sale Of Security": NaN,
        "Net Non Operating Interest Income Expense": NaN,
        "Interest Expense Non Operating": NaN,
        "Interest Income Non Operating": NaN,
        "Operating Income": NaN,
        "Operating Expense": NaN,
        "Selling General And Administration": NaN,
        "Gross Profit": NaN,
        "Cost Of Revenue": NaN,
        "Total Revenue": NaN,
        "Operating Revenue": NaN
    },
    "2022-06-30": {
        "Tax Effect Of Unusual Items": -5280000.0,
        "Tax Rate For Calcs": 0.4,
        "Normalized EBITDA": 34200000.0,
        "Total Unusual Items": -13200000.0,
        "Total Unusual Items Excluding Goodwill": -13200000.0,
        "Net Income From Continuing Operation Net Minority Interest": 2200000.0,
        "Reconciled Depreciation": 13400000.0,
        "Reconciled Cost Of Revenue": 1004900000.0,
        "EBITDA": 21000000.0,
        "EBIT": 7600000.0,
        "Net Interest Income": -100000.0,
        "Interest Expense": 500000.0,
        "Interest Income": 400000.0,
        "Normalized Income": 10120000.0,
        "Net Income From Continuing And Discontinued Operation": 2200000.0,
        "Total Expenses": 1245000000.0,
        "Total Operating Income As Reported": 8200000.0,
        "Diluted Average Shares": 38200000.0,
        "Basic Average Shares": 37900000.0,
        "Diluted EPS": 0.06,
        "Basic EPS": 0.06,
        "Diluted NI Availto Com Stockholders": 2200000.0,
        "Net Income Common Stockholders": 2200000.0,
        "Otherunder Preferred Stock Dividend": 0.0,
        "Net Income": 2200000.0,
        "Net Income Including Noncontrolling Interests": 2200000.0,
        "Net Income Continuous Operations": 2200000.0,
        "Earnings From Equity Interest Net Of Tax": 0.0,
        "Tax Provision": 4900000.0,
        "Pretax Income": 7100000.0,
        "Other Income Expense": -15100000.0,
        "Other Non Operating Income Expenses": -1900000.0,
        "Special Income Charges": -14100000.0,
        "Gain On Sale Of Ppe": 4400000.0,
        "Gain On Sale Of Business": NaN,
        "Impairment Of Capital Assets": 18500000.0,
        "Earnings From Equity Interest": 0.0,
        "Gain On Sale Of Security": 900000.0,
        "Net Non Operating Interest Income Expense": -100000.0,
        "Interest Expense Non Operating": 500000.0,
        "Interest Income Non Operating": 400000.0,
        "Operating Income": 22300000.0,
        "Operating Expense": 240100000.0,
        "Selling General And Administration": 240100000.0,
        "Gross Profit": 262400000.0,
        "Cost Of Revenue": 1004900000.0,
        "Total Revenue": 1267300000.0,
        "Operating Revenue": 1267300000.0
    },
    "2022-03-31": {
        "Diluted EPS": -1.23,
        "Total Revenue": NaN,
        "Gross Profit": 259,
        "Operating Income": 23,
        "EBIT": 36,
        "Net Income": -48
    },
    "2021-12-31": {
        "Diluted EPS": 1.8,
        "Total Revenue": NaN,
        "Gross Profit": 246,
        "Operating Income": 15,
        "EBIT": 44,
        "Net Income": 70
    },
    "2021-09-30": {
        "Diluted EPS": 0.87,
        "Total Revenue": NaN,
        "Gross Profit": 229,
        "Operating Income": 9,
        "EBIT": 6,
        "Net Income": 35
    },
    "2021-06-30": {
        "Diluted EPS": 0.6,
        "Total Revenue": NaN,
        "Gross Profit": 231,
        "Operating Income": 14,
        "EBIT": 27,
        "Net Income": 24
    },
    "2021-03-31": {
        "Diluted EPS": 0.64,
        "Total Revenue": NaN,
        "Gross Profit": 213,
        "Operating Income": 11,
        "EBIT": 22,
        "Net Income": 26
    },
    "2020-12-31": {
        "Diluted EPS": 0.62,
        "Total Revenue": NaN,
        "Gross Profit": 224,
        "Operating Income": 10,
        "EBIT": 21,
        "Net Income": 24
    },
    "2020-09-30": {
        "Diluted EPS": 0.42,
        "Total Revenue": NaN,
        "Gross Profit": 191,
        "Operating Income": -2,
        "EBIT": 9,
        "Net Income": 17
    },
    "2020-06-30": {
        "Diluted EPS": 1.04,
        "Total Revenue": 975,
        "Gross Profit": 189,
        "Operating Income": 11,
        "EBIT": 22,
        "Net Income": 41
    },
    "2020-03-31": {
        "Diluted EPS": -3.91,
        "Total Revenue": NaN,
        "Gross Profit": 223,
        "Operating Income": -112,
        "EBIT": 47,
        "Net Income": -153
    },
    "2019-12-31": {
        "Diluted EPS": 0.43,
        "Total Revenue": NaN,
        "Gross Profit": 245,
        "Operating Income": 13,
        "EBIT": 26,
        "Net Income": 17
    },
    "2019-09-30": {
        "Diluted EPS": -0.27,
        "Total Revenue": NaN,
        "Gross Profit": 228,
        "Operating Income": 17,
        "EBIT": 31,
        "Net Income": -11
    },
    "2019-06-30": {
        "Diluted EPS": 2.12,
        "Total Revenue": NaN,
        "Gross Profit": 244,
        "Operating Income": 35,
        "EBIT": 49,
        "Net Income": 83
    },
    "2019-03-31": {
        "Diluted EPS": 0.56,
        "Total Revenue": NaN,
        "Gross Profit": 252,
        "Operating Income": 17,
        "EBIT": 30,
        "Net Income": 22
    },
    "2018-12-31": {
        "Diluted EPS": -0.6,
        "Total Revenue": NaN,
        "Gross Profit": 254,
        "Operating Income": 33,
        "EBIT": 40,
        "Net Income": -24
    },
    "2018-09-30": {
        "Diluted EPS": 0.84,
        "Total Revenue": NaN,
        "Gross Profit": 239,
        "Operating Income": 22,
        "EBIT": 29,
        "Net Income": 33
    },
    "2018-06-30": {
        "Diluted EPS": -0.4,
        "Total Revenue": NaN,
        "Gross Profit": 241,
        "Operating Income": 20,
        "EBIT": 27,
        "Net Income": -15
    },
    "2018-03-31": {
        "Diluted EPS": 0.74,
        "Total Revenue": NaN,
        "Gross Profit": 238,
        "Operating Income": 12,
        "EBIT": 18,
        "Net Income": 29
    },
    "2017-12-31": {
        "Diluted EPS": 0.45,
        "Total Revenue": NaN,
        "Gross Profit": 263,
        "Operating Income": 28,
        "EBIT": 35,
        "Net Income": 17
    },
    "2017-09-30": {
        "Diluted EPS": 0.58,
        "Total Revenue": NaN,
        "Gross Profit": 231,
        "Operating Income": 18,
        "EBIT": 24,
        "Net Income": 23
    },
    "2017-06-30": {
        "Diluted EPS": 0.47,
        "Total Revenue": NaN,
        "Gross Profit": 229,
        "Operating Income": 20,
        "EBIT": 26,
        "Net Income": 19
    },
    "2017-03-31": {
        "Diluted EPS": 0.31,
        "Total Revenue": NaN,
        "Gross Profit": 232,
        "Operating Income": 16,
        "EBIT": 22,
        "Net Income": 12
    },
    "2016-12-31": {
        "Diluted EPS": 0.5,
        "Total Revenue": NaN,
        "Gross Profit": 228,
        "Operating Income": 20,
        "EBIT": 25,
        "Net Income": 17
    },
    "2016-09-30": {
        "Diluted EPS": 2.06,
        "Total Revenue": NaN,
        "Gross Profit": 215,
        "Operating Income": 19,
        "EBIT": 24,
        "Net Income": 81
    },
    "2016-06-30": {
        "Diluted EPS": 0.23,
        "Total Revenue": NaN,
        "Gross Profit": 231,
        "Operating Income": 10,
        "EBIT": 15,
        "Net Income": 9
    },
    "2016-03-31": {
        "Diluted EPS": 0.29,
        "Total Revenue": NaN,
        "Gross Profit": 233,
        "Operating Income": 15,
        "EBIT": 20,
        "Net Income": 11
    },
    "2015-12-31": {
        "Diluted EPS": 0.88,
        "Total Revenue": NaN,
        "Gross Profit": 250,
        "Operating Income": 27,
        "EBIT": 32,
        "Net Income": 33
    },
    "2015-09-30": {
        "Diluted EPS": 0.23,
        "Total Revenue": NaN,
        "Gross Profit": 228,
        "Operating Income": 17,
        "EBIT": 22,
        "Net Income": 9
    },
    "2015-06-30": {
        "Diluted EPS": 0.18,
        "Total Revenue": NaN,
        "Gross Profit": 222,
        "Operating Income": 12,
        "EBIT": 17,
        "Net Income": 7
    },
    "2015-03-31": {
        "Diluted EPS": 0.1,
        "Total Revenue": NaN,
        "Gross Profit": 220,
        "Operating Income": 12,
        "EBIT": 18,
        "Net Income": 4
    },
    "2014-12-31": {
        "Diluted EPS": 0.44,
        "Total Revenue": NaN,
        "Gross Profit": 233,
        "Operating Income": 3,
        "EBIT": 8,
        "Net Income": 16
    },
    "2014-09-30": {
        "Diluted EPS": 0.03,
        "Total Revenue": NaN,
        "Gross Profit": 225,
        "Operating Income": 7,
        "EBIT": 13,
        "Net Income": 1
    },
    "2014-06-30": {
        "Diluted EPS": 0.07,
        "Total Revenue": NaN,
        "Gross Profit": 228,
        "Operating Income": 6,
        "EBIT": 11,
        "Net Income": 3
    },
    "2014-03-31": {
        "Diluted EPS": 0.07,
        "Total Revenue": NaN,
        "Gross Profit": 222,
        "Operating Income": 6,
        "EBIT": 12,
        "Net Income": 3
    },
    "2013-12-31": {
        "Diluted EPS": 0.45,
        "Total Revenue": NaN,
        "Gross Profit": 232,
        "Operating Income": 10,
        "EBIT": 15,
        "Net Income": 16
    },
    "2013-09-30": {
        "Diluted EPS": 0.49,
        "Total Revenue": NaN,
        "Gross Profit": 220,
        "Operating Income": 20,
        "EBIT": 25,
        "Net Income": 19
    },
    "2013-06-30": {
        "Diluted EPS": 0.26,
        "Total Revenue": NaN,
        "Gross Profit": 221,
        "Operating Income": 16,
        "EBIT": 22,
        "Net Income": 10
    },
    "2013-03-31": {
        "Diluted EPS": 0.34,
        "Total Revenue": NaN,
        "Gross Profit": 217,
        "Operating Income": 7,
        "EBIT": 12,
        "Net Income": 13
    },
    "2012-12-31": {
        "Diluted EPS": 0.23,
        "Total Revenue": NaN,
        "Gross Profit": 222,
        "Operating Income": 10,
        "EBIT": 15,
        "Net Income": 9
    },
    "2012-09-30": {
        "Diluted EPS": 0.43,
        "Total Revenue": NaN,
        "Gross Profit": 228,
        "Operating Income": 24,
        "EBIT": 29,
        "Net Income": 16
    },
    "2012-06-30": {
        "Diluted EPS": 0.4,
        "Total Revenue": NaN,
        "Gross Profit": 223,
        "Operating Income": 24,
        "EBIT": 30,
        "Net Income": 15
    },
    "2012-03-31": {
        "Diluted EPS": 0.26,
        "Total Revenue": NaN,
        "Gross Profit": 224,
        "Operating Income": 15,
        "EBIT": 20,
        "Net Income": 10
    },
    "2011-12-31": {
        "Diluted EPS": 0.64,
        "Total Revenue": NaN,
        "Gross Profit": 224,
        "Operating Income": 13,
        "EBIT": 20,
        "Net Income": 23
    },
    "2011-09-30": {
        "Diluted EPS": 0.52,
        "Total Revenue": NaN,
        "Gross Profit": 226,
        "Operating Income": 22,
        "EBIT": 30,
        "Net Income": 19
    },
    "2011-06-30": {
        "Diluted EPS": 0.5,
        "Total Revenue": NaN,
        "Gross Profit": 222,
        "Operating Income": 21,
        "EBIT": 29,
        "Net Income": 19
    },
    "2011-03-31": {
        "Diluted EPS": 0.03,
        "Total Revenue": NaN,
        "Gross Profit": 211,
        "Operating Income": 2,
        "EBIT": 10,
        "Net Income": 1
    },
    "2010-12-31": {
        "Diluted EPS": 0.4,
        "Total Revenue": NaN,
        "Gross Profit": 209,
        "Operating Income": 17,
        "EBIT": 25,
        "Net Income": 14
    },
    "2010-09-30": {
        "Diluted EPS": 0.26,
        "Total Revenue": NaN,
        "Gross Profit": 207,
        "Operating Income": 14,
        "EBIT": 23,
        "Net Income": 10
    },
    "2010-06-30": {
        "Diluted EPS": 0.11,
        "Total Revenue": NaN,
        "Gross Profit": 191,
        "Operating Income": 9,
        "EBIT": 17,
        "Net Income": 4
    },
    "2010-03-31": {
        "Diluted EPS": -0.06,
        "Total Revenue": NaN,
        "Gross Profit": 180,
        "Operating Income": -2,
        "EBIT": 8,
        "Net Income": -2
    },
    "2009-12-31": {
        "Diluted EPS": -0.23,
        "Total Revenue": NaN,
        "Gross Profit": 188,
        "Operating Income": -13,
        "EBIT": -3,
        "Net Income": -8
    },
    "2009-09-30": {
        "Diluted EPS": -0.43,
        "Total Revenue": NaN,
        "Gross Profit": 166,
        "Operating Income": -28,
        "EBIT": -18,
        "Net Income": -15
    },
    "2009-06-30": {
        "Diluted EPS": -1.89,
        "Total Revenue": NaN,
        "Gross Profit": 172,
        "Operating Income": -75,
        "EBIT": -64,
        "Net Income": -66
    },
    "2009-03-31": {
        "Diluted EPS": -0.45,
        "Total Revenue": NaN,
        "Gross Profit": 176,
        "Operating Income": -31,
        "EBIT": -20,
        "Net Income": -16
    },
    "2023-06-30": {
        "Tax Effect Of Unusual Items": NaN,
        "Tax Rate For Calcs": NaN,
        "Normalized EBITDA": NaN,
        "Total Unusual Items": NaN,
        "Total Unusual Items Excluding Goodwill": NaN,
        "Net Income From Continuing Operation Net Minority Interest": NaN,
        "Reconciled Depreciation": NaN,
        "Reconciled Cost Of Revenue": NaN,
        "EBITDA": NaN,
        "EBIT": NaN,
        "Net Interest Income": NaN,
        "Interest Expense": NaN,
        "Interest Income": NaN,
        "Normalized Income": NaN,
        "Net Income From Continuing And Discontinued Operation": NaN,
        "Total Expenses": NaN,
        "Total Operating Income As Reported": NaN,
        "Diluted Average Shares": NaN,
        "Basic Average Shares": NaN,
        "Diluted EPS": NaN,
        "Basic EPS": NaN,
        "Diluted NI Availto Com Stockholders": NaN,
        "Net Income Common Stockholders": NaN,
        "Otherunder Preferred Stock Dividend": NaN,
        "Net Income": NaN,
        "Net Income Including Noncontrolling Interests": NaN,
        "Net Income Continuous Operations": NaN,
        "Earnings From Equity Interest Net Of Tax": 0.0,
        "Tax Provision": NaN,
        "Pretax Income": NaN,
        "Other Income Expense": NaN,
        "Other Non Operating Income Expenses": NaN,
        "Special Income Charges": NaN,
        "Gain On Sale Of Ppe": NaN,
        "Gain On Sale Of Business": NaN,
        "Impairment Of Capital Assets": NaN,
        "Earnings From Equity Interest": 0.0,
        "Gain On Sale Of Security": NaN,
        "Net Non Operating Interest Income Expense": NaN,
        "Interest Expense Non Operating": NaN,
        "Interest Income Non Operating": NaN,
        "Operating Income": NaN,
        "Operating Expense": NaN,
        "Selling General And Administration": NaN,
        "Gross Profit": NaN,
        "Cost Of Revenue": NaN,
        "Total Revenue": NaN,
        "Operating Revenue": NaN
    },
    "2023-09-30": {
        "Tax Effect Of Unusual Items": NaN,
        "Tax Rate For Calcs": NaN,
        "Normalized EBITDA": NaN,
        "Total Unusual Items": NaN,
        "Total Unusual Items Excluding Goodwill": NaN,
        "Net Income From Continuing Operation Net Minority Interest": NaN,
        "Reconciled Depreciation": NaN,
        "Reconciled Cost Of Revenue": NaN,
        "EBITDA": NaN,
        "EBIT": NaN,
        "Net Interest Income": NaN,
        "Interest Expense": NaN,
        "Interest Income": NaN,
        "Normalized Income": NaN,
        "Net Income From Continuing And Discontinued Operation": NaN,
        "Total Expenses": NaN,
        "Total Operating Income As Reported": NaN,
        "Diluted Average Shares": NaN,
        "Basic Average Shares": NaN,
        "Diluted EPS": NaN,
        "Basic EPS": NaN,
        "Diluted NI Availto Com Stockholders": NaN,
        "Net Income Common Stockholders": NaN,
        "Otherunder Preferred Stock Dividend": NaN,
        "Net Income": NaN,
        "Net Income Including Noncontrolling Interests": NaN,
        "Net Income Continuous Operations": NaN,
        "Earnings From Equity Interest Net Of Tax": 0.0,
        "Tax Provision": NaN,
        "Pretax Income": NaN,
        "Other Income Expense": NaN,
        "Other Non Operating Income Expenses": NaN,
        "Special Income Charges": NaN,
        "Gain On Sale Of Ppe": 0.0,
        "Gain On Sale Of Business": NaN,
        "Impairment Of Capital Assets": 0.0,
        "Earnings From Equity Interest": 0.0,
        "Gain On Sale Of Security": NaN,
        "Net Non Operating Interest Income Expense": NaN,
        "Interest Expense Non Operating": NaN,
        "Interest Income Non Operating": NaN,
        "Operating Income": NaN,
        "Operating Expense": NaN,
        "Selling General And Administration": NaN,
        "Gross Profit": NaN,
        "Cost Of Revenue": NaN,
        "Total Revenue": NaN,
        "Operating Revenue": NaN
    },
    "2023-12-31": {
        "Tax Effect Of Unusual Items": NaN,
        "Tax Rate For Calcs": NaN,
        "Normalized EBITDA": NaN,
        "Total Unusual Items": NaN,
        "Total Unusual Items Excluding Goodwill": NaN,
        "Net Income From Continuing Operation Net Minority Interest": NaN,
        "Reconciled Depreciation": NaN,
        "Reconciled Cost Of Revenue": NaN,
        "EBITDA": NaN,
        "EBIT": NaN,
        "Net Interest Income": NaN,
        "Interest Expense": NaN,
        "Interest Income": NaN,
        "Normalized Income": NaN,
        "Net Income From Continuing And Discontinued Operation": NaN,
        "Total Expenses": NaN,
        "Total Operating Income As Reported": NaN,
        "Diluted Average Shares": NaN,
        "Basic Average Shares": NaN,
        "Diluted EPS": NaN,
        "Basic EPS": NaN,
        "Diluted NI Availto Com Stockholders": NaN,
        "Net Income Common Stockholders": NaN,
        "Otherunder Preferred Stock Dividend": NaN,
        "Net Income": NaN,
        "Net Income Including Noncontrolling Interests": NaN,
        "Net Income Continuous Operations": NaN,
        "Earnings From Equity Interest Net Of Tax": 0.0,
        "Tax Provision": NaN,
        "Pretax Income": NaN,
        "Other Income Expense": -3500000.0,
        "Other Non Operating Income Expenses": 100000.0,
        "Special Income Charges": NaN,
        "Gain On Sale Of Ppe": 0.0,
        "Gain On Sale Of Business": NaN,
        "Impairment Of Capital Assets": 0.0,
        "Earnings From Equity Interest": 0.0,
        "Gain On Sale Of Security": -3600000.0,
        "Net Non Operating Interest Income Expense": NaN,
        "Interest Expense Non Operating": NaN,
        "Interest Income Non Operating": NaN,
        "Operating Income": NaN,
        "Operating Expense": NaN,
        "Selling General And Administration": NaN,
        "Gross Profit": NaN,
        "Cost Of Revenue": NaN,
        "Total Revenue": NaN,
        "Operating Revenue": NaN
    },
    "2024-03-31": {
        "Tax Effect Of Unusual Items": 1718120.805369,
        "Tax Rate For Calcs": 0.134228,
        "Normalized EBITDA": 27700000.0,
        "Total Unusual Items": 12800000.0,
        "Total Unusual Items Excluding Goodwill": 12800000.0,
        "Net Income From Continuing Operation Net Minority Interest": 25800000.0,
        "Reconciled Depreciation": 10200000.0,
        "Reconciled Cost Of Revenue": 839400000.0,
        "EBITDA": 40500000.0,
        "EBIT": 30300000.0,
        "Net Interest Income": 2300000.0,
        "Interest Expense": 500000.0,
        "Interest Income": 2800000.0,
        "Normalized Income": 14718120.805369,
        "Net Income From Continuing And Discontinued Operation": 25800000.0,
        "Total Expenses": 1029900000.0,
        "Total Operating Income As Reported": 26800000.0,
        "Diluted Average Shares": 35800000.0,
        "Basic Average Shares": 35400000.0,
        "Diluted EPS": 0.7,
        "Basic EPS": 0.71,
        "Diluted NI Availto Com Stockholders": 25200000.0,
        "Net Income Common Stockholders": 25200000.0,
        "Otherunder Preferred Stock Dividend": 600000.0,
        "Net Income": 25800000.0,
        "Net Income Including Noncontrolling Interests": 25800000.0,
        "Net Income Continuous Operations": 25800000.0,
        "Earnings From Equity Interest Net Of Tax": NaN,
        "Tax Provision": 4000000.0,
        "Pretax Income": 29800000.0,
        "Other Income Expense": 12300000.0,
        "Other Non Operating Income Expenses": -500000.0,
        "Special Income Charges": 11600000.0,
        "Gain On Sale Of Ppe": NaN,
        "Gain On Sale Of Business": 11600000.0,
        "Impairment Of Capital Assets": NaN,
        "Earnings From Equity Interest": NaN,
        "Gain On Sale Of Security": 1200000.0,
        "Net Non Operating Interest Income Expense": 2300000.0,
        "Interest Expense Non Operating": 500000.0,
        "Interest Income Non Operating": 2800000.0,
        "Operating Income": 15200000.0,
        "Operating Expense": 190500000.0,
        "Selling General And Administration": 190500000.0,
        "Gross Profit": 205700000.0,
        "Cost Of Revenue": 839400000.0,
        "Total Revenue": 1045100000.0,
        "Operating Revenue": 1045100000.0
    },
    "2024-06-30": {
        "Tax Effect Of Unusual Items": -1794736.842105,
        "Tax Rate For Calcs": 0.192982,
        "Normalized EBITDA": 29100000.0,
        "Total Unusual Items": -9300000.0,
        "Total Unusual Items Excluding Goodwill": -9300000.0,
        "Net Income From Continuing Operation Net Minority Interest": 4600000.0,
        "Reconciled Depreciation": 12000000.0,
        "Reconciled Cost Of Revenue": 843800000.0,
        "EBITDA": 19800000.0,
        "EBIT": 7800000.0,
        "Net Interest Income": 200000.0,
        "Interest Expense": 2100000.0,
        "Interest Income": 2300000.0,
        "Normalized Income": 12105263.157895,
        "Net Income From Continuing And Discontinued Operation": 4600000.0,
        "Total Expenses": 1035300000.0,
        "Total Operating Income As Reported": 12200000.0,
        "Diluted Average Shares": 35900000.0,
        "Basic Average Shares": 35500000.0,
        "Diluted EPS": 0.12,
        "Basic EPS": 0.13,
        "Diluted NI Availto Com Stockholders": 4500000.0,
        "Net Income Common Stockholders": 4500000.0,
        "Otherunder Preferred Stock Dividend": 100000.0,
        "Net Income": 4600000.0,
        "Net Income Including Noncontrolling Interests": 4600000.0,
        "Net Income Continuous Operations": 4600000.0,
        "Earnings From Equity Interest Net Of Tax": NaN,
        "Tax Provision": 1100000.0,
        "Pretax Income": 5700000.0,
        "Other Income Expense": -16700000.0,
        "Other Non Operating Income Expenses": -7400000.0,
        "Special Income Charges": -10000000.0,
        "Gain On Sale Of Ppe": 5500000.0,
        "Gain On Sale Of Business": -10000000.0,
        "Impairment Of Capital Assets": 5500000.0,
        "Earnings From Equity Interest": NaN,
        "Gain On Sale Of Security": 700000.0,
        "Net Non Operating Interest Income Expense": 200000.0,
        "Interest Expense Non Operating": 2100000.0,
        "Interest Income Non Operating": 2300000.0,
        "Operating Income": 22200000.0,
        "Operating Expense": 191500000.0,
        "Selling General And Administration": 191500000.0,
        "Gross Profit": 213700000.0,
        "Cost Of Revenue": 843800000.0,
        "Total Revenue": 1057500000.0,
        "Operating Revenue": 1057500000.0
    },
    "2024-09-30": {
        "Tax Effect Of Unusual Items": -210000.0,
        "Tax Rate For Calcs": 0.21,
        "Normalized EBITDA": 17900000.0,
        "Total Unusual Items": -1000000.0,
        "Total Unusual Items Excluding Goodwill": -1000000.0,
        "Net Income From Continuing Operation Net Minority Interest": 800000.0,
        "Reconciled Depreciation": 14200000.0,
        "Reconciled Cost Of Revenue": 816400000.0,
        "EBITDA": 16900000.0,
        "EBIT": 2700000.0,
        "Net Interest Income": -3200000.0,
        "Interest Expense": 4500000.0,
        "Interest Income": 1300000.0,
        "Normalized Income": 1590000.0,
        "Net Income From Continuing And Discontinued Operation": 800000.0,
        "Total Expenses": 1035400000.0,
        "Total Operating Income As Reported": 2600000.0,
        "Diluted Average Shares": 36000000.0,
        "Basic Average Shares": 35600000.0,
        "Diluted EPS": 0.02,
        "Basic EPS": 0.02,
        "Diluted NI Availto Com Stockholders": 700000.0,
        "Net Income Common Stockholders": 700000.0,
        "Otherunder Preferred Stock Dividend": 100000.0,
        "Net Income": 800000.0,
        "Net Income Including Noncontrolling Interests": 800000.0,
        "Net Income Continuous Operations": 800000.0,
        "Earnings From Equity Interest Net Of Tax": NaN,
        "Tax Provision": -2600000.0,
        "Pretax Income": -1800000.0,
        "Other Income Expense": -1300000.0,
        "Other Non Operating Income Expenses": -300000.0,
        "Special Income Charges": -100000.0,
        "Gain On Sale Of Ppe": -100000.0,
        "Gain On Sale Of Business": 0.0,
        "Impairment Of Capital Assets": 0.0,
        "Earnings From Equity Interest": NaN,
        "Gain On Sale Of Security": -900000.0,
        "Net Non Operating Interest Income Expense": -3200000.0,
        "Interest Expense Non Operating": 4500000.0,
        "Interest Income Non Operating": 1300000.0,
        "Operating Income": 2700000.0,
        "Operating Expense": 219000000.0,
        "Selling General And Administration": 219000000.0,
        "Gross Profit": 221700000.0,
        "Cost Of Revenue": 816400000.0,
        "Total Revenue": 1038100000.0,
        "Operating Revenue": 1038100000.0
    },
    "2024-12-31": {
        "Tax Effect Of Unusual Items": -17073000.0,
        "Tax Rate For Calcs": 0.21,
        "Normalized EBITDA": 44000000.0,
        "Total Unusual Items": -81300000.0,
        "Total Unusual Items Excluding Goodwill": -81300000.0,
        "Net Income From Continuing Operation Net Minority Interest": -31800000.0,
        "Reconciled Depreciation": 14500000.0,
        "Reconciled Cost Of Revenue": 949600000.0,
        "EBITDA": -37300000.0,
        "EBIT": -51800000.0,
        "Net Interest Income": -3400000.0,
        "Interest Expense": 3800000.0,
        "Interest Income": 400000.0,
        "Normalized Income": 32427000.0,
        "Net Income From Continuing And Discontinued Operation": -31800000.0,
        "Total Expenses": 1167000000.0,
        "Total Operating Income As Reported": -56700000.0,
        "Diluted Average Shares": 35500000.0,
        "Basic Average Shares": 35500000.0,
        "Diluted EPS": -0.9,
        "Basic EPS": -0.9,
        "Diluted NI Availto Com Stockholders": -31000000.0,
        "Net Income Common Stockholders": -31000000.0,
        "Otherunder Preferred Stock Dividend": -800000.0,
        "Net Income": -31800000.0,
        "Net Income Including Noncontrolling Interests": -31800000.0,
        "Net Income Continuous Operations": -31800000.0,
        "Earnings From Equity Interest Net Of Tax": NaN,
        "Tax Provision": -23800000.0,
        "Pretax Income": -55600000.0,
        "Other Income Expense": -76300000.0,
        "Other Non Operating Income Expenses": 5000000.0,
        "Special Income Charges": -80800000.0,
        "Gain On Sale Of Ppe": 0.0,
        "Gain On Sale Of Business": 0.0,
        "Impairment Of Capital Assets": 80800000.0,
        "Earnings From Equity Interest": NaN,
        "Gain On Sale Of Security": -500000.0,
        "Net Non Operating Interest Income Expense": -3400000.0,
        "Interest Expense Non Operating": 3800000.0,
        "Interest Income Non Operating": 400000.0,
        "Operating Income": 24100000.0,
        "Operating Expense": 217400000.0,
        "Selling General And Administration": 217400000.0,
        "Gross Profit": 241500000.0,
        "Cost Of Revenue": 949600000.0,
        "Total Revenue": 1191100000.0,
        "Operating Revenue": 1191100000.0
    },
    "2025-03-31": {
        "Tax Effect Of Unusual Items": 0.0,
        "Tax Rate For Calcs": 0.236842,
        "Normalized EBITDA": 25200000.0,
        "Total Unusual Items": 0.0,
        "Total Unusual Items Excluding Goodwill": 0.0,
        "Net Income From Continuing Operation Net Minority Interest": 5800000.0,
        "Reconciled Depreciation": 13600000.0,
        "Reconciled Cost Of Revenue": 928400000.0,
        "EBITDA": 25200000.0,
        "EBIT": 11600000.0,
        "Net Interest Income": -3200000.0,
        "Interest Expense": 4000000.0,
        "Interest Income": 800000.0,
        "Normalized Income": 5800000.0,
        "Net Income From Continuing And Discontinued Operation": 5800000.0,
        "Total Expenses": 1154100000.0,
        "Total Operating Income As Reported": 10800000.0,
        "Diluted Average Shares": 35500000.0,
        "Basic Average Shares": 35000000.0,
        "Diluted EPS": 0.16,
        "Basic EPS": 0.16,
        "Diluted NI Availto Com Stockholders": 5600000.0,
        "Net Income Common Stockholders": 5600000.0,
        "Otherunder Preferred Stock Dividend": 200000.0,
        "Net Income": 5800000.0,
        "Net Income Including Noncontrolling Interests": 5800000.0,
        "Net Income Continuous Operations": 5800000.0,
        "Earnings From Equity Interest Net Of Tax": NaN,
        "Tax Provision": 1800000.0,
        "Pretax Income": 7600000.0,
        "Other Income Expense": NaN,
        "Other Non Operating Income Expenses": NaN,
        "Special Income Charges": 0.0,
        "Gain On Sale Of Ppe": NaN,
        "Gain On Sale Of Business": 0.0,
        "Impairment Of Capital Assets": NaN,
        "Earnings From Equity Interest": NaN,
        "Gain On Sale Of Security": NaN,
        "Net Non Operating Interest Income Expense": -3200000.0,
        "Interest Expense Non Operating": 4000000.0,
        "Interest Income Non Operating": 800000.0,
        "Operating Income": 10800000.0,
        "Operating Expense": 225700000.0,
        "Selling General And Administration": 225700000.0,
        "Gross Profit": 236500000.0,
        "Cost Of Revenue": 928400000.0,
        "Total Revenue": 1164900000.0,
        "Operating Revenue": 1164900000.0
    }
}