{
    "2023-06-30": {
        "Tax Effect Of Unusual Items": NaN,
        "Tax Rate For Calcs": NaN,
        "Total Unusual Items": NaN,
        "Total Unusual Items Excluding Goodwill": NaN,
        "Net Income From Continuing Operation Net Minority Interest": NaN,
        "Reconciled Depreciation": NaN,
        "Net Interest Income": NaN,
        "Interest Expense": NaN,
        "Interest Income": NaN,
        "Normalized Income": NaN,
        "Net Income From Continuing And Discontinued Operation": NaN,
        "Rent Expense Supplemental": NaN,
        "Diluted Average Shares": NaN,
        "Basic Average Shares": NaN,
        "Diluted EPS": NaN,
        "Basic EPS": NaN,
        "Diluted NI Availto Com Stockholders": NaN,
        "Net Income Common Stockholders": NaN,
        "Preferred Stock Dividends": NaN,
        "Net Income": NaN,
        "Minority Interests": 0.0,
        "Net Income Including Noncontrolling Interests": NaN,
        "Net Income Discontinuous Operations": NaN,
        "Net Income Continuous Operations": NaN,
        "Tax Provision": NaN,
        "Pretax Income": NaN,
        "Special Income Charges": NaN,
        "Other Special Charges": NaN,
        "Gain On Sale Of Security": NaN,
        "Selling General And Administration": NaN,
        "Selling And Marketing Expense": NaN,
        "General And Administrative Expense": NaN,
        "Rent And Landing Fees": NaN,
        "Salaries And Wages": NaN,
        "Total Revenue": NaN,
        "Operating Revenue": NaN,
        "Occupancy And Equipment": NaN,
        "Other Non Interest Expense": NaN
    },
    "2023-03-31": {
        "Tax Effect Of Unusual Items": 0.0,
        "Tax Rate For Calcs": 0.207,
        "Total Unusual Items": NaN,
        "Total Unusual Items Excluding Goodwill": NaN,
        "Net Income From Continuing Operation Net Minority Interest": 311000000.0,
        "Reconciled Depreciation": 41000000.0,
        "Net Interest Income": 1099000000.0,
        "Interest Expense": 725000000.0,
        "Interest Income": 1824000000.0,
        "Normalized Income": 311000000.0,
        "Net Income From Continuing And Discontinued Operation": 312000000.0,
        "Rent Expense Supplemental": 20000000.0,
        "Diluted Average Shares": 933804000.0,
        "Basic Average Shares": 926490000.0,
        "Diluted EPS": 0.3,
        "Basic EPS": 0.3,
        "Diluted NI Availto Com Stockholders": 276000000.0,
        "Net Income Common Stockholders": 276000000.0,
        "Preferred Stock Dividends": 36000000.0,
        "Net Income": 312000000.0,
        "Minority Interests": 0.0,
        "Net Income Including Noncontrolling Interests": 312000000.0,
        "Net Income Discontinuous Operations": 1000000.0,
        "Net Income Continuous Operations": 311000000.0,
        "Tax Provision": 81000000.0,
        "Pretax Income": 392000000.0,
        "Special Income Charges": NaN,
        "Other Special Charges": NaN,
        "Gain On Sale Of Security": NaN,
        "Selling General And Administration": 742000000.0,
        "Selling And Marketing Expense": 21000000.0,
        "General And Administrative Expense": 721000000.0,
        "Rent And Landing Fees": 20000000.0,
        "Salaries And Wages": 701000000.0,
        "Total Revenue": 1662000000.0,
        "Operating Revenue": 1662000000.0,
        "Occupancy And Equipment": 92000000.0,
        "Other Non Interest Expense": 297000000.0
    },
    "2022-12-31": {
        "Tax Effect Of Unusual Items": NaN,
        "Tax Rate For Calcs": NaN,
        "Total Unusual Items": -8000000.0,
        "Total Unusual Items Excluding Goodwill": -8000000.0,
        "Net Income From Continuing Operation Net Minority Interest": NaN,
        "Reconciled Depreciation": NaN,
        "Net Interest Income": NaN,
        "Interest Expense": NaN,
        "Interest Income": NaN,
        "Normalized Income": NaN,
        "Net Income From Continuing And Discontinued Operation": NaN,
        "Rent Expense Supplemental": NaN,
        "Diluted Average Shares": NaN,
        "Basic Average Shares": NaN,
        "Diluted EPS": NaN,
        "Basic EPS": NaN,
        "Diluted NI Availto Com Stockholders": NaN,
        "Net Income Common Stockholders": NaN,
        "Preferred Stock Dividends": NaN,
        "Net Income": NaN,
        "Minority Interests": NaN,
        "Net Income Including Noncontrolling Interests": NaN,
        "Net Income Discontinuous Operations": NaN,
        "Net Income Continuous Operations": NaN,
        "Tax Provision": NaN,
        "Pretax Income": NaN,
        "Special Income Charges": -8000000.0,
        "Other Special Charges": -2000000.0,
        "Gain On Sale Of Security": -18000000.0,
        "Selling General And Administration": NaN,
        "Selling And Marketing Expense": NaN,
        "General And Administrative Expense": NaN,
        "Rent And Landing Fees": NaN,
        "Salaries And Wages": NaN,
        "Total Revenue": NaN,
        "Operating Revenue": NaN,
        "Occupancy And Equipment": NaN,
        "Other Non Interest Expense": NaN
    },
    "2022-09-30": {
        "Tax Effect Of Unusual Items": NaN,
        "Tax Rate For Calcs": NaN,
        "Total Unusual Items": NaN,
        "Total Unusual Items Excluding Goodwill": NaN,
        "Net Income From Continuing Operation Net Minority Interest": NaN,
        "Reconciled Depreciation": NaN,
        "Net Interest Income": NaN,
        "Interest Expense": NaN,
        "Interest Income": NaN,
        "Normalized Income": NaN,
        "Net Income From Continuing And Discontinued Operation": NaN,
        "Rent Expense Supplemental": NaN,
        "Diluted Average Shares": NaN,
        "Basic Average Shares": NaN,
        "Diluted EPS": NaN,
        "Basic EPS": NaN,
        "Diluted NI Availto Com Stockholders": NaN,
        "Net Income Common Stockholders": NaN,
        "Preferred Stock Dividends": NaN,
        "Net Income": NaN,
        "Minority Interests": NaN,
        "Net Income Including Noncontrolling Interests": NaN,
        "Net Income Discontinuous Operations": NaN,
        "Net Income Continuous Operations": NaN,
        "Tax Provision": NaN,
        "Pretax Income": NaN,
        "Special Income Charges": NaN,
        "Other Special Charges": NaN,
        "Gain On Sale Of Security": 9000000.0,
        "Selling General And Administration": NaN,
        "Selling And Marketing Expense": NaN,
        "General And Administrative Expense": NaN,
        "Rent And Landing Fees": NaN,
        "Salaries And Wages": NaN,
        "Total Revenue": NaN,
        "Operating Revenue": NaN
    },
    "2022-06-30": {
        "Tax Effect Of Unusual Items": -797583.081571,
        "Tax Rate For Calcs": 0.199396,
        "Total Unusual Items": -4000000.0,
        "Total Unusual Items Excluding Goodwill": -4000000.0,
        "Net Income From Continuing Operation Net Minority Interest": 530000000.0,
        "Reconciled Depreciation": 34000000.0,
        "Net Interest Income": 1097000000.0,
        "Interest Expense": 96000000.0,
        "Interest Income": 1193000000.0,
        "Normalized Income": 533202416.918429,
        "Net Income From Continuing And Discontinued Operation": 533000000.0,
        "Rent Expense Supplemental": 27000000.0,
        "Diluted Average Shares": 931808000.0,
        "Basic Average Shares": 924302000.0,
        "Diluted EPS": 0.54,
        "Basic EPS": 0.55,
        "Diluted NI Availto Com Stockholders": 507000000.0,
        "Net Income Common Stockholders": 507000000.0,
        "Otherunder Preferred Stock Dividend": 26000000.0,
        "Preferred Stock Dividends": 26000000.0,
        "Net Income": 533000000.0,
        "Minority Interests": 0.0,
        "Net Income Including Noncontrolling Interests": 533000000.0,
        "Net Income Discontinuous Operations": 3000000.0,
        "Net Income Continuous Operations": 530000000.0,
        "Tax Provision": 132000000.0,
        "Pretax Income": 662000000.0,
        "Special Income Charges": -4000000.0,
        "Other Special Charges": -4000000.0,
        "Restructuring And Mergern Acquisition": 4000000.0,
        "Gain On Sale Of Security": NaN,
        "Selling General And Administration": 664000000.0,
        "Selling And Marketing Expense": 34000000.0,
        "General And Administrative Expense": 630000000.0,
        "Rent And Landing Fees": 27000000.0,
        "Salaries And Wages": 603000000.0,
        "Total Revenue": 1733000000.0,
        "Operating Revenue": 1733000000.0
    },
    "2022-03-31": {
        "Diluted EPS": 0.45,
        "Total Revenue": NaN,
        "Gross Profit": NaN,
        "Operating Income": 537,
        "EBIT": NaN,
        "Net Income": 421
    },
    "2021-12-31": {
        "Diluted EPS": 0.64,
        "Total Revenue": NaN,
        "Gross Profit": NaN,
        "Operating Income": 768,
        "EBIT": NaN,
        "Net Income": 603
    },
    "2021-09-30": {
        "Diluted EPS": 0.65,
        "Total Revenue": NaN,
        "Gross Profit": NaN,
        "Operating Income": 808,
        "EBIT": NaN,
        "Net Income": 618
    },
    "2021-06-30": {
        "Diluted EPS": 0.73,
        "Total Revenue": NaN,
        "Gross Profit": NaN,
        "Operating Income": 913,
        "EBIT": NaN,
        "Net Income": 703
    },
    "2021-03-31": {
        "Diluted EPS": 0.61,
        "Total Revenue": NaN,
        "Gross Profit": NaN,
        "Operating Income": 765,
        "EBIT": NaN,
        "Net Income": 595
    },
    "2020-12-31": {
        "Diluted EPS": 0.57,
        "Total Revenue": NaN,
        "Gross Profit": NaN,
        "Operating Income": 639,
        "EBIT": NaN,
        "Net Income": 556
    },
    "2020-09-30": {
        "Diluted EPS": 0.41,
        "Total Revenue": NaN,
        "Gross Profit": NaN,
        "Operating Income": 484,
        "EBIT": NaN,
        "Net Income": 401
    },
    "2020-06-30": {
        "Diluted EPS": 0.17,
        "Total Revenue": NaN,
        "Gross Profit": NaN,
        "Operating Income": 215,
        "EBIT": NaN,
        "Net Income": 161
    },
    "2020-03-31": {
        "Diluted EPS": 0.12,
        "Total Revenue": NaN,
        "Gross Profit": NaN,
        "Operating Income": 168,
        "EBIT": NaN,
        "Net Income": 119
    },
    "2019-12-31": {
        "Diluted EPS": 0.45,
        "Total Revenue": NaN,
        "Gross Profit": NaN,
        "Operating Income": 508,
        "EBIT": NaN,
        "Net Income": 442
    },
    "2019-09-30": {
        "Diluted EPS": 0.39,
        "Total Revenue": NaN,
        "Gross Profit": NaN,
        "Operating Income": 483,
        "EBIT": NaN,
        "Net Income": 386
    },
    "2019-06-30": {
        "Diluted EPS": 0.4,
        "Total Revenue": NaN,
        "Gross Profit": NaN,
        "Operating Income": 510,
        "EBIT": NaN,
        "Net Income": 405
    },
    "2019-03-31": {
        "Diluted EPS": 0.38,
        "Total Revenue": NaN,
        "Gross Profit": NaN,
        "Operating Income": 488,
        "EBIT": NaN,
        "Net Income": 387
    },
    "2018-12-31": {
        "Diluted EPS": 0.44,
        "Total Revenue": NaN,
        "Gross Profit": NaN,
        "Operating Income": 574,
        "EBIT": NaN,
        "Net Income": 461
    },
    "2018-09-30": {
        "Diluted EPS": 0.45,
        "Total Revenue": NaN,
        "Gross Profit": NaN,
        "Operating Income": 569,
        "EBIT": NaN,
        "Net Income": 468
    },
    "2018-06-30": {
        "Diluted EPS": 0.44,
        "Total Revenue": NaN,
        "Gross Profit": NaN,
        "Operating Income": 582,
        "EBIT": NaN,
        "Net Income": 467
    },
    "2018-03-31": {
        "Diluted EPS": 0.38,
        "Total Revenue": NaN,
        "Gross Profit": NaN,
        "Operating Income": 478,
        "EBIT": NaN,
        "Net Income": 404
    },
    "2017-12-31": {
        "Diluted EPS": 0.18,
        "Total Revenue": NaN,
        "Gross Profit": NaN,
        "Operating Income": 447,
        "EBIT": NaN,
        "Net Income": 182
    },
    "2017-09-30": {
        "Diluted EPS": 0.32,
        "Total Revenue": NaN,
        "Gross Profit": NaN,
        "Operating Income": 497,
        "EBIT": NaN,
        "Net Income": 350
    },
    "2017-06-30": {
        "Diluted EPS": 0.36,
        "Total Revenue": NaN,
        "Gross Profit": NaN,
        "Operating Income": 565,
        "EBIT": NaN,
        "Net Income": 398
    },
    "2017-03-31": {
        "Diluted EPS": 0.27,
        "Total Revenue": NaN,
        "Gross Profit": NaN,
        "Operating Income": 419,
        "EBIT": NaN,
        "Net Income": 296
    },
    "2016-12-31": {
        "Diluted EPS": 0.18,
        "Total Revenue": NaN,
        "Gross Profit": NaN,
        "Operating Income": 270,
        "EBIT": NaN,
        "Net Income": 209
    },
    "2016-09-30": {
        "Diluted EPS": 0.17,
        "Total Revenue": NaN,
        "Gross Profit": NaN,
        "Operating Income": 188,
        "EBIT": NaN,
        "Net Income": 166
    },
    "2016-06-30": {
        "Diluted EPS": 0.23,
        "Total Revenue": NaN,
        "Gross Profit": NaN,
        "Operating Income": 267,
        "EBIT": NaN,
        "Net Income": 196
    },
    "2016-03-31": {
        "Diluted EPS": 0.22,
        "Total Revenue": NaN,
        "Gross Profit": NaN,
        "Operating Income": 243,
        "EBIT": NaN,
        "Net Income": 183
    },
    "2015-12-31": {
        "Diluted EPS": 0.27,
        "Total Revenue": NaN,
        "Gross Profit": NaN,
        "Operating Income": 297,
        "EBIT": NaN,
        "Net Income": 220
    },
    "2015-09-30": {
        "Diluted EPS": 0.25,
        "Total Revenue": NaN,
        "Gross Profit": NaN,
        "Operating Income": 301,
        "EBIT": NaN,
        "Net Income": 213
    },
    "2015-06-30": {
        "Diluted EPS": 0.27,
        "Total Revenue": NaN,
        "Gross Profit": NaN,
        "Operating Income": 320,
        "EBIT": NaN,
        "Net Income": 233
    },
    "2015-03-31": {
        "Diluted EPS": 0.26,
        "Total Revenue": NaN,
        "Gross Profit": NaN,
        "Operating Income": 304,
        "EBIT": NaN,
        "Net Income": 227
    },
    "2014-12-31": {
        "Diluted EPS": 0.28,
        "Total Revenue": NaN,
        "Gross Profit": NaN,
        "Operating Income": 336,
        "EBIT": NaN,
        "Net Income": 248
    },
    "2014-09-30": {
        "Diluted EPS": 0.21,
        "Total Revenue": NaN,
        "Gross Profit": 992,
        "Operating Income": 267,
        "EBIT": NaN,
        "Net Income": 180
    },
    "2014-06-30": {
        "Diluted EPS": 0.24,
        "Total Revenue": NaN,
        "Gross Profit": NaN,
        "Operating Income": 329,
        "EBIT": NaN,
        "Net Income": 214
    },
    "2014-03-31": {
        "Diluted EPS": 0.26,
        "Total Revenue": NaN,
        "Gross Profit": 998,
        "Operating Income": 340,
        "EBIT": NaN,
        "Net Income": 236
    },
    "2013-12-31": {
        "Diluted EPS": 0.25,
        "Total Revenue": NaN,
        "Gross Profit": NaN,
        "Operating Income": 294,
        "EBIT": NaN,
        "Net Income": 224
    },
    "2013-09-30": {
        "Diluted EPS": 0.29,
        "Total Revenue": NaN,
        "Gross Profit": NaN,
        "Operating Income": 296,
        "EBIT": NaN,
        "Net Income": 266
    },
    "2013-06-30": {
        "Diluted EPS": 0.22,
        "Total Revenue": NaN,
        "Gross Profit": NaN,
        "Operating Income": 276,
        "EBIT": NaN,
        "Net Income": 198
    },
    "2013-03-31": {
        "Diluted EPS": 0.21,
        "Total Revenue": NaN,
        "Gross Profit": NaN,
        "Operating Income": 275,
        "EBIT": NaN,
        "Net Income": 199
    },
    "2012-12-31": {
        "Diluted EPS": 0.22,
        "Total Revenue": NaN,
        "Gross Profit": NaN,
        "Operating Income": 247,
        "EBIT": NaN,
        "Net Income": 192
    },
    "2012-09-30": {
        "Diluted EPS": 0.23,
        "Total Revenue": NaN,
        "Gross Profit": NaN,
        "Operating Income": 267,
        "EBIT": NaN,
        "Net Income": 219
    },
    "2012-06-30": {
        "Diluted EPS": 0.24,
        "Total Revenue": NaN,
        "Gross Profit": 995,
        "Operating Income": 287,
        "EBIT": NaN,
        "Net Income": 231
    },
    "2012-03-31": {
        "Diluted EPS": 0.2,
        "Total Revenue": NaN,
        "Gross Profit": 995,
        "Operating Income": 274,
        "EBIT": NaN,
        "Net Income": 194
    },
    "2011-12-31": {
        "Diluted EPS": 0.21,
        "Total Revenue": 992,
        "Gross Profit": 851,
        "Operating Income": 251,
        "EBIT": NaN,
        "Net Income": 194
    },
    "2011-09-30": {
        "Diluted EPS": 0.22,
        "Total Revenue": NaN,
        "Gross Profit": NaN,
        "Operating Income": 329,
        "EBIT": NaN,
        "Net Income": 212
    },
    "2011-06-30": {
        "Diluted EPS": 0.25,
        "Total Revenue": NaN,
        "Gross Profit": NaN,
        "Operating Income": 334,
        "EBIT": NaN,
        "Net Income": 234
    },
    "2011-03-31": {
        "Diluted EPS": 0.19,
        "Total Revenue": NaN,
        "Gross Profit": NaN,
        "Operating Income": 389,
        "EBIT": NaN,
        "Net Income": 173
    },
    "2010-12-31": {
        "Diluted EPS": 0.32,
        "Total Revenue": NaN,
        "Gross Profit": NaN,
        "Operating Income": 496,
        "EBIT": NaN,
        "Net Income": 279
    },
    "2010-09-30": {
        "Diluted EPS": 0.2,
        "Total Revenue": NaN,
        "Gross Profit": NaN,
        "Operating Income": 286,
        "EBIT": NaN,
        "Net Income": 178
    },
    "2010-06-30": {
        "Diluted EPS": 0.03,
        "Total Revenue": NaN,
        "Gross Profit": NaN,
        "Operating Income": 102,
        "EBIT": NaN,
        "Net Income": 29
    },
    "2010-03-31": {
        "Diluted EPS": -0.11,
        "Total Revenue": NaN,
        "Gross Profit": NaN,
        "Operating Income": -125,
        "EBIT": NaN,
        "Net Income": -96
    },
    "2009-12-31": {
        "Diluted EPS": -0.05,
        "Total Revenue": NaN,
        "Gross Profit": NaN,
        "Operating Income": -501,
        "EBIT": NaN,
        "Net Income": -265
    },
    "2009-09-30": {
        "Diluted EPS": -0.52,
        "Total Revenue": NaN,
        "Gross Profit": 974,
        "Operating Income": -586,
        "EBIT": NaN,
        "Net Income": -438
    },
    "2009-06-30": {
        "Diluted EPS": -0.68,
        "Total Revenue": NaN,
        "Gross Profit": NaN,
        "Operating Income": -392,
        "EBIT": NaN,
        "Net Income": -390
    },
    "2009-03-31": {
        "Diluted EPS": -1.09,
        "Total Revenue": NaN,
        "Gross Profit": NaN,
        "Operating Income": -511,
        "EBIT": NaN,
        "Net Income": -536
    },
    "2023-09-30": {
        "Tax Effect Of Unusual Items": NaN,
        "Tax Rate For Calcs": NaN,
        "Total Unusual Items": NaN,
        "Total Unusual Items Excluding Goodwill": NaN,
        "Net Income From Continuing Operation Net Minority Interest": NaN,
        "Reconciled Depreciation": NaN,
        "Net Interest Income": NaN,
        "Interest Expense": NaN,
        "Interest Income": NaN,
        "Normalized Income": NaN,
        "Net Income From Continuing And Discontinued Operation": NaN,
        "Rent Expense Supplemental": NaN,
        "Diluted Average Shares": NaN,
        "Basic Average Shares": NaN,
        "Diluted EPS": NaN,
        "Basic EPS": NaN,
        "Diluted NI Availto Com Stockholders": NaN,
        "Net Income Common Stockholders": NaN,
        "Preferred Stock Dividends": NaN,
        "Net Income": NaN,
        "Minority Interests": 0.0,
        "Net Income Including Noncontrolling Interests": NaN,
        "Net Income Discontinuous Operations": NaN,
        "Net Income Continuous Operations": NaN,
        "Tax Provision": NaN,
        "Pretax Income": NaN,
        "Special Income Charges": NaN,
        "Other Special Charges": NaN,
        "Gain On Sale Of Security": 0.0,
        "Selling General And Administration": NaN,
        "Selling And Marketing Expense": NaN,
        "General And Administrative Expense": NaN,
        "Rent And Landing Fees": NaN,
        "Salaries And Wages": NaN,
        "Total Revenue": NaN,
        "Operating Revenue": NaN,
        "Occupancy And Equipment": NaN,
        "Other Non Interest Expense": NaN
    },
    "2023-12-31": {
        "Tax Effect Of Unusual Items": NaN,
        "Tax Rate For Calcs": NaN,
        "Total Unusual Items": NaN,
        "Total Unusual Items Excluding Goodwill": NaN,
        "Net Income From Continuing Operation Net Minority Interest": NaN,
        "Reconciled Depreciation": NaN,
        "Net Interest Income": NaN,
        "Interest Expense": NaN,
        "Interest Income": NaN,
        "Normalized Income": NaN,
        "Net Income From Continuing And Discontinued Operation": NaN,
        "Rent Expense Supplemental": NaN,
        "Diluted Average Shares": NaN,
        "Basic Average Shares": NaN,
        "Diluted EPS": NaN,
        "Basic EPS": NaN,
        "Diluted NI Availto Com Stockholders": NaN,
        "Net Income Common Stockholders": NaN,
        "Preferred Stock Dividends": NaN,
        "Net Income": NaN,
        "Minority Interests": 0.0,
        "Net Income Including Noncontrolling Interests": NaN,
        "Net Income Discontinuous Operations": NaN,
        "Net Income Continuous Operations": NaN,
        "Tax Provision": NaN,
        "Pretax Income": NaN,
        "Special Income Charges": NaN,
        "Other Special Charges": NaN,
        "Gain On Sale Of Security": NaN,
        "Selling General And Administration": NaN,
        "Selling And Marketing Expense": NaN,
        "General And Administrative Expense": NaN,
        "Rent And Landing Fees": NaN,
        "Salaries And Wages": NaN,
        "Total Revenue": NaN,
        "Operating Revenue": NaN,
        "Occupancy And Equipment": NaN,
        "Other Non Interest Expense": NaN
    },
    "2024-03-31": {
        "Tax Effect Of Unusual Items": NaN,
        "Tax Rate For Calcs": NaN,
        "Total Unusual Items": -29000000.0,
        "Total Unusual Items Excluding Goodwill": -29000000.0,
        "Net Income From Continuing Operation Net Minority Interest": NaN,
        "Reconciled Depreciation": NaN,
        "Net Interest Income": NaN,
        "Interest Expense": NaN,
        "Interest Income": NaN,
        "Normalized Income": NaN,
        "Net Income From Continuing And Discontinued Operation": NaN,
        "Rent Expense Supplemental": NaN,
        "Diluted Average Shares": NaN,
        "Basic Average Shares": NaN,
        "Diluted EPS": NaN,
        "Basic EPS": NaN,
        "Diluted NI Availto Com Stockholders": NaN,
        "Net Income Common Stockholders": NaN,
        "Preferred Stock Dividends": NaN,
        "Net Income": NaN,
        "Minority Interests": 0.0,
        "Net Income Including Noncontrolling Interests": NaN,
        "Net Income Discontinuous Operations": NaN,
        "Net Income Continuous Operations": NaN,
        "Tax Provision": NaN,
        "Pretax Income": NaN,
        "Special Income Charges": -29000000.0,
        "Other Special Charges": 29000000.0,
        "Gain On Sale Of Security": NaN,
        "Selling General And Administration": NaN,
        "Selling And Marketing Expense": NaN,
        "General And Administrative Expense": NaN,
        "Rent And Landing Fees": NaN,
        "Salaries And Wages": NaN,
        "Total Revenue": NaN,
        "Operating Revenue": NaN,
        "Occupancy And Equipment": NaN,
        "Other Non Interest Expense": NaN
    },
    "2024-06-30": {
        "Tax Effect Of Unusual Items": NaN,
        "Tax Rate For Calcs": NaN,
        "Total Unusual Items": NaN,
        "Total Unusual Items Excluding Goodwill": NaN,
        "Net Income From Continuing Operation Net Minority Interest": NaN,
        "Reconciled Depreciation": NaN,
        "Net Interest Income": NaN,
        "Interest Expense": NaN,
        "Interest Income": NaN,
        "Normalized Income": NaN,
        "Net Income From Continuing And Discontinued Operation": NaN,
        "Rent Expense Supplemental": NaN,
        "Diluted Average Shares": NaN,
        "Basic Average Shares": NaN,
        "Diluted EPS": NaN,
        "Basic EPS": NaN,
        "Diluted NI Availto Com Stockholders": NaN,
        "Net Income Common Stockholders": NaN,
        "Preferred Stock Dividends": NaN,
        "Net Income": NaN,
        "Minority Interests": 0.0,
        "Net Income Including Noncontrolling Interests": NaN,
        "Net Income Discontinuous Operations": NaN,
        "Net Income Continuous Operations": NaN,
        "Tax Provision": NaN,
        "Pretax Income": NaN,
        "Special Income Charges": NaN,
        "Gain On Sale Of Security": NaN,
        "Selling General And Administration": NaN,
        "Selling And Marketing Expense": NaN,
        "General And Administrative Expense": NaN,
        "Rent And Landing Fees": NaN,
        "Salaries And Wages": NaN,
        "Total Revenue": NaN,
        "Operating Revenue": NaN,
        "Occupancy And Equipment": NaN,
        "Other Non Interest Expense": NaN
    },
    "2024-09-30": {
        "Tax Effect Of Unusual Items": 0.0,
        "Tax Rate For Calcs": 0.188,
        "Total Unusual Items": NaN,
        "Total Unusual Items Excluding Goodwill": NaN,
        "Net Income From Continuing Operation Net Minority Interest": -411000000.0,
        "Reconciled Depreciation": 19000000.0,
        "Net Interest Income": 952000000.0,
        "Interest Expense": 1223000000.0,
        "Interest Income": 2175000000.0,
        "Normalized Income": -411000000.0,
        "Net Income From Continuing And Discontinued Operation": -410000000.0,
        "Rent Expense Supplemental": 14000000.0,
        "Diluted Average Shares": 957929000.0,
        "Basic Average Shares": 948979000.0,
        "Diluted EPS": -0.47,
        "Basic EPS": -0.47,
        "Diluted NI Availto Com Stockholders": -446000000.0,
        "Net Income Common Stockholders": -446000000.0,
        "Preferred Stock Dividends": 36000000.0,
        "Net Income": -410000000.0,
        "Minority Interests": NaN,
        "Net Income Including Noncontrolling Interests": -410000000.0,
        "Net Income Discontinuous Operations": 1000000.0,
        "Net Income Continuous Operations": -411000000.0,
        "Tax Provision": -95000000.0,
        "Pretax Income": -506000000.0,
        "Special Income Charges": NaN,
        "Gain On Sale Of Security": -935000000.0,
        "Selling General And Administration": 705000000.0,
        "Selling And Marketing Expense": 21000000.0,
        "General And Administrative Expense": 684000000.0,
        "Rent And Landing Fees": 14000000.0,
        "Salaries And Wages": 670000000.0,
        "Total Revenue": 642000000.0,
        "Operating Revenue": 642000000.0,
        "Occupancy And Equipment": 86000000.0,
        "Other Non Interest Expense": 262000000.0
    },
    "2024-12-31": {
        "Tax Effect Of Unusual Items": 0.0,
        "Tax Rate For Calcs": 0.21,
        "Total Unusual Items": NaN,
        "Total Unusual Items Excluding Goodwill": NaN,
        "Net Income From Continuing Operation Net Minority Interest": -244000000.0,
        "Reconciled Depreciation": 5000000.0,
        "Net Interest Income": 1051000000.0,
        "Interest Expense": 1081000000.0,
        "Interest Income": 2132000000.0,
        "Normalized Income": -244000000.0,
        "Net Income From Continuing And Discontinued Operation": -244000000.0,
        "Rent Expense Supplemental": 15000000.0,
        "Diluted Average Shares": 986829000.0,
        "Basic Average Shares": 986829000.0,
        "Diluted EPS": -0.28,
        "Basic EPS": -0.28,
        "Diluted NI Availto Com Stockholders": -279000000.0,
        "Net Income Common Stockholders": -279000000.0,
        "Preferred Stock Dividends": 35000000.0,
        "Net Income": -244000000.0,
        "Minority Interests": NaN,
        "Net Income Including Noncontrolling Interests": -244000000.0,
        "Net Income Discontinuous Operations": 0.0,
        "Net Income Continuous Operations": -244000000.0,
        "Tax Provision": -169000000.0,
        "Pretax Income": -413000000.0,
        "Special Income Charges": NaN,
        "Gain On Sale Of Security": -908000000.0,
        "Selling General And Administration": 780000000.0,
        "Selling And Marketing Expense": 33000000.0,
        "General And Administrative Expense": 747000000.0,
        "Rent And Landing Fees": 15000000.0,
        "Salaries And Wages": 732000000.0,
        "Total Revenue": 793000000.0,
        "Operating Revenue": 793000000.0,
        "Occupancy And Equipment": 87000000.0,
        "Other Non Interest Expense": 330000000.0
    },
    "2025-03-31": {
        "Tax Effect Of Unusual Items": 0.0,
        "Tax Rate For Calcs": 0.212,
        "Total Unusual Items": 0.0,
        "Total Unusual Items Excluding Goodwill": 0.0,
        "Net Income From Continuing Operation Net Minority Interest": 406000000.0,
        "Reconciled Depreciation": 3000000.0,
        "Net Interest Income": 1096000000.0,
        "Interest Expense": 974000000.0,
        "Interest Income": 2070000000.0,
        "Normalized Income": 406000000.0,
        "Net Income From Continuing And Discontinued Operation": 405000000.0,
        "Rent Expense Supplemental": 11000000.0,
        "Diluted Average Shares": 1106140000.0,
        "Basic Average Shares": 1096654000.0,
        "Diluted EPS": 0.33,
        "Basic EPS": 0.34,
        "Diluted NI Availto Com Stockholders": 369000000.0,
        "Net Income Common Stockholders": 369000000.0,
        "Preferred Stock Dividends": 36000000.0,
        "Net Income": 405000000.0,
        "Minority Interests": NaN,
        "Net Income Including Noncontrolling Interests": 405000000.0,
        "Net Income Discontinuous Operations": -1000000.0,
        "Net Income Continuous Operations": 406000000.0,
        "Tax Provision": 109000000.0,
        "Pretax Income": 515000000.0,
        "Special Income Charges": 0.0,
        "Gain On Sale Of Security": 0.0,
        "Selling General And Administration": 712000000.0,
        "Selling And Marketing Expense": 21000000.0,
        "General And Administrative Expense": 691000000.0,
        "Rent And Landing Fees": 11000000.0,
        "Salaries And Wages": 680000000.0,
        "Total Revenue": 1724000000.0,
        "Operating Revenue": 1724000000.0,
        "Occupancy And Equipment": 87000000.0,
        "Other Non Interest Expense": 292000000.0
    },
    "2025-06-30": {
        "Tax Effect Of Unusual Items": 0.0,
        "Tax Rate For Calcs": 0.214,
        "Total Unusual Items": NaN,
        "Total Unusual Items Excluding Goodwill": NaN,
        "Net Income From Continuing Operation Net Minority Interest": 423000000.0,
        "Reconciled Depreciation": 8000000.0,
        "Net Interest Income": 1141000000.0,
        "Interest Expense": 966000000.0,
        "Interest Income": 2107000000.0,
        "Normalized Income": 423000000.0,
        "Net Income From Continuing And Discontinued Operation": 425000000.0,
        "Rent Expense Supplemental": 10000000.0,
        "Diluted Average Shares": 1107210000.0,
        "Basic Average Shares": 1100033000.0,
        "Diluted EPS": 0.35,
        "Basic EPS": 0.35,
        "Diluted NI Availto Com Stockholders": 389000000.0,
        "Net Income Common Stockholders": 389000000.0,
        "Preferred Stock Dividends": 36000000.0,
        "Net Income": 425000000.0,
        "Minority Interests": NaN,
        "Net Income Including Noncontrolling Interests": 425000000.0,
        "Net Income Discontinuous Operations": 2000000.0,
        "Net Income Continuous Operations": 423000000.0,
        "Tax Provision": 116000000.0,
        "Pretax Income": 539000000.0,
        "Special Income Charges": NaN,
        "Gain On Sale Of Security": 0.0,
        "Selling General And Administration": 739000000.0,
        "Selling And Marketing Expense": 24000000.0,
        "General And Administrative Expense": 715000000.0,
        "Rent And Landing Fees": 10000000.0,
        "Salaries And Wages": 705000000.0,
        "Total Revenue": 1783000000.0,
        "Operating Revenue": 1783000000.0,
        "Occupancy And Equipment": 90000000.0,
        "Other Non Interest Expense": 277000000.0
    },
    "2025-09-30": {
        "Tax Effect Of Unusual Items": 0.0,
        "Tax Rate For Calcs": 0.187,
        "Total Unusual Items": NaN,
        "Total Unusual Items Excluding Goodwill": NaN,
        "Net Income From Continuing Operation Net Minority Interest": 490000000.0,
        "Reconciled Depreciation": 7000000.0,
        "Net Interest Income": 1184000000.0,
        "Interest Expense": 947000000.0,
        "Interest Income": 2131000000.0,
        "Normalized Income": 490000000.0,
        "Net Income From Continuing And Discontinued Operation": 489000000.0,
        "Rent Expense Supplemental": 9000000.0,
        "Diluted Average Shares": 1110675000.0,
        "Basic Average Shares": 1100830000.0,
        "Diluted EPS": 0.41,
        "Basic EPS": 0.41,
        "Diluted NI Availto Com Stockholders": 453000000.0,
        "Net Income Common Stockholders": 453000000.0,
        "Preferred Stock Dividends": 36000000.0,
        "Net Income": 489000000.0,
        "Minority Interests": NaN,
        "Net Income Including Noncontrolling Interests": 489000000.0,
        "Net Income Discontinuous Operations": -1000000.0,
        "Net Income Continuous Operations": 490000000.0,
        "Tax Provision": 112000000.0,
        "Pretax Income": 602000000.0,
        "Special Income Charges": NaN,
        "Gain On Sale Of Security": -6000000.0,
        "Selling General And Administration": 773000000.0,
        "Selling And Marketing Expense": 22000000.0,
        "General And Administrative Expense": 751000000.0,
        "Rent And Landing Fees": 9000000.0,
        "Salaries And Wages": 742000000.0,
        "Total Revenue": 1842000000.0,
        "Operating Revenue": 1842000000.0,
        "Occupancy And Equipment": 85000000.0,
        "Other Non Interest Expense": 275000000.0
    }
}