{
    "2023-03-31": {
        "Tax Effect Of Unusual Items": NaN,
        "Tax Rate For Calcs": NaN,
        "Normalized EBITDA": NaN,
        "Total Unusual Items": NaN,
        "Total Unusual Items Excluding Goodwill": NaN,
        "Net Income From Continuing Operation Net Minority Interest": NaN,
        "Reconciled Depreciation": NaN,
        "Reconciled Cost Of Revenue": NaN,
        "EBITDA": NaN,
        "EBIT": NaN,
        "Net Interest Income": NaN,
        "Interest Expense": NaN,
        "Normalized Income": NaN,
        "Net Income From Continuing And Discontinued Operation": NaN,
        "Total Expenses": NaN,
        "Total Operating Income As Reported": NaN,
        "Diluted Average Shares": 1104593.0,
        "Basic Average Shares": 1104593.0,
        "Diluted EPS": -12.96,
        "Basic EPS": -12.96,
        "Diluted NI Availto Com Stockholders": NaN,
        "Net Income Common Stockholders": NaN,
        "Net Income": NaN,
        "Net Income Including Noncontrolling Interests": NaN,
        "Net Income Continuous Operations": NaN,
        "Pretax Income": NaN,
        "Other Income Expense": NaN,
        "Other Non Operating Income Expenses": NaN,
        "Special Income Charges": NaN,
        "Gain On Sale Of Ppe": NaN,
        "Other Special Charges": NaN,
        "Gain On Sale Of Security": NaN,
        "Net Non Operating Interest Income Expense": NaN,
        "Interest Expense Non Operating": NaN,
        "Operating Income": NaN,
        "Operating Expense": NaN,
        "Depreciation Amortization Depletion Income Statement": NaN,
        "Depreciation And Amortization In Income Statement": NaN,
        "Depreciation Income Statement": NaN,
        "Research And Development": NaN,
        "Selling General And Administration": NaN,
        "General And Administrative Expense": NaN,
        "Other Gand A": NaN,
        "Gross Profit": NaN,
        "Cost Of Revenue": NaN,
        "Total Revenue": NaN,
        "Operating Revenue": NaN
    },
    "2022-12-31": {
        "Tax Effect Of Unusual Items": NaN,
        "Tax Rate For Calcs": NaN,
        "Normalized EBITDA": NaN,
        "Total Unusual Items": NaN,
        "Total Unusual Items Excluding Goodwill": NaN,
        "Net Income From Continuing Operation Net Minority Interest": NaN,
        "Reconciled Depreciation": NaN,
        "Reconciled Cost Of Revenue": NaN,
        "EBITDA": NaN,
        "EBIT": NaN,
        "Net Interest Income": NaN,
        "Interest Expense": NaN,
        "Normalized Income": NaN,
        "Net Income From Continuing And Discontinued Operation": NaN,
        "Total Expenses": NaN,
        "Total Operating Income As Reported": NaN,
        "Diluted Average Shares": 39750778.0,
        "Basic Average Shares": 39750778.0,
        "Diluted EPS": -0.21,
        "Basic EPS": -0.21,
        "Diluted NI Availto Com Stockholders": NaN,
        "Net Income Common Stockholders": NaN,
        "Net Income": NaN,
        "Net Income Including Noncontrolling Interests": NaN,
        "Net Income Continuous Operations": NaN,
        "Pretax Income": NaN,
        "Other Income Expense": NaN,
        "Other Non Operating Income Expenses": NaN,
        "Special Income Charges": NaN,
        "Gain On Sale Of Ppe": NaN,
        "Other Special Charges": NaN,
        "Gain On Sale Of Security": NaN,
        "Net Non Operating Interest Income Expense": NaN,
        "Interest Expense Non Operating": NaN,
        "Operating Income": NaN,
        "Operating Expense": NaN,
        "Depreciation Amortization Depletion Income Statement": NaN,
        "Depreciation And Amortization In Income Statement": NaN,
        "Depreciation Income Statement": NaN,
        "Research And Development": NaN,
        "Selling General And Administration": NaN,
        "General And Administrative Expense": NaN,
        "Other Gand A": NaN,
        "Gross Profit": NaN,
        "Cost Of Revenue": NaN,
        "Total Revenue": NaN,
        "Operating Revenue": NaN
    },
    "2022-09-30": {
        "Tax Effect Of Unusual Items": NaN,
        "Tax Rate For Calcs": NaN,
        "Normalized EBITDA": NaN,
        "Total Unusual Items": NaN,
        "Total Unusual Items Excluding Goodwill": NaN,
        "Net Income From Continuing Operation Net Minority Interest": NaN,
        "Reconciled Depreciation": NaN,
        "Reconciled Cost Of Revenue": NaN,
        "EBITDA": NaN,
        "EBIT": NaN,
        "Net Interest Income": NaN,
        "Interest Expense": NaN,
        "Normalized Income": NaN,
        "Net Income From Continuing And Discontinued Operation": NaN,
        "Total Expenses": NaN,
        "Total Operating Income As Reported": NaN,
        "Diluted Average Shares": NaN,
        "Basic Average Shares": NaN,
        "Diluted EPS": NaN,
        "Basic EPS": NaN,
        "Diluted NI Availto Com Stockholders": NaN,
        "Net Income Common Stockholders": NaN,
        "Preferred Stock Dividends": 4957366.0,
        "Net Income": NaN,
        "Net Income Including Noncontrolling Interests": NaN,
        "Net Income Continuous Operations": NaN,
        "Pretax Income": NaN,
        "Other Income Expense": NaN,
        "Other Non Operating Income Expenses": NaN,
        "Special Income Charges": NaN,
        "Gain On Sale Of Ppe": 0.0,
        "Other Special Charges": NaN,
        "Gain On Sale Of Security": NaN,
        "Net Non Operating Interest Income Expense": NaN,
        "Interest Expense Non Operating": NaN,
        "Operating Income": NaN,
        "Operating Expense": NaN,
        "Depreciation Amortization Depletion Income Statement": NaN,
        "Depreciation And Amortization In Income Statement": NaN,
        "Depreciation Income Statement": NaN,
        "Research And Development": NaN,
        "Selling General And Administration": NaN,
        "General And Administrative Expense": NaN,
        "Other Gand A": NaN,
        "Gross Profit": NaN,
        "Cost Of Revenue": NaN,
        "Total Revenue": NaN,
        "Operating Revenue": NaN
    },
    "2022-06-30": {
        "Tax Effect Of Unusual Items": 0.0,
        "Tax Rate For Calcs": 0.0,
        "Normalized EBITDA": -2386210.0,
        "Total Unusual Items": 9848.0,
        "Total Unusual Items Excluding Goodwill": 9848.0,
        "Net Income From Continuing Operation Net Minority Interest": -3356956.0,
        "Reconciled Depreciation": 117086.0,
        "Reconciled Cost Of Revenue": 2540062.0,
        "EBITDA": -2386210.0,
        "EBIT": -2503296.0,
        "Net Interest Income": -853660.0,
        "Interest Expense": 853660.0,
        "Normalized Income": -3356956.0,
        "Net Income From Continuing And Discontinued Operation": -3356956.0,
        "Total Expenses": 5512156.0,
        "Total Operating Income As Reported": -2522597.0,
        "Diluted Average Shares": 47250773.0,
        "Basic Average Shares": 47250773.0,
        "Diluted EPS": -0.071046,
        "Basic EPS": -0.071046,
        "Diluted NI Availto Com Stockholders": -3356956.0,
        "Net Income Common Stockholders": -3356956.0,
        "Net Income": -3356956.0,
        "Net Income Including Noncontrolling Interests": -3356956.0,
        "Net Income Continuous Operations": -3356956.0,
        "Pretax Income": -3356956.0,
        "Other Income Expense": 19301.0,
        "Other Non Operating Income Expenses": 19301.0,
        "Special Income Charges": 0.0,
        "Gain On Sale Of Ppe": 0.0,
        "Gain On Sale Of Security": 9848.0,
        "Net Non Operating Interest Income Expense": -853660.0,
        "Interest Expense Non Operating": 853660.0,
        "Operating Income": -2522597.0,
        "Operating Expense": 2972094.0,
        "Depreciation Amortization Depletion Income Statement": 117086.0,
        "Depreciation And Amortization In Income Statement": 117086.0,
        "Depreciation Income Statement": 117086.0,
        "Research And Development": 583870.0,
        "Selling General And Administration": 2271138.0,
        "General And Administrative Expense": 2271138.0,
        "Other Gand A": 2271138.0,
        "Gross Profit": 449497.0,
        "Cost Of Revenue": 2540062.0,
        "Total Revenue": 2989559.0,
        "Operating Revenue": 2989559.0
    },
    "2022-03-31": {
        "Diluted EPS": -0.36,
        "Total Revenue": 2,
        "Gross Profit": 0,
        "Operating Income": -3,
        "EBIT": -2,
        "Net Income": -4
    },
    "2021-12-31": {
        "Diluted EPS": -1.44,
        "Total Revenue": 7,
        "Gross Profit": 1,
        "Operating Income": -5,
        "EBIT": -5,
        "Net Income": -14
    },
    "2021-09-30": {
        "Diluted EPS": -0.13,
        "Total Revenue": 2,
        "Gross Profit": 1,
        "Operating Income": -1,
        "EBIT": -1,
        "Net Income": -1
    },
    "2021-06-30": {
        "Diluted EPS": 0.0,
        "Total Revenue": NaN,
        "Gross Profit": NaN,
        "Operating Income": NaN,
        "EBIT": NaN,
        "Net Income": NaN
    },
    "2021-03-31": {
        "Diluted EPS": 0.0,
        "Total Revenue": NaN,
        "Gross Profit": NaN,
        "Operating Income": NaN,
        "EBIT": NaN,
        "Net Income": NaN
    },
    "2020-12-31": {
        "Diluted EPS": 0.0,
        "Total Revenue": NaN,
        "Gross Profit": NaN,
        "Operating Income": NaN,
        "EBIT": NaN,
        "Net Income": NaN
    },
    "2023-06-30": {
        "Tax Effect Of Unusual Items": NaN,
        "Tax Rate For Calcs": NaN,
        "Normalized EBITDA": NaN,
        "Total Unusual Items": NaN,
        "Total Unusual Items Excluding Goodwill": NaN,
        "Net Income From Continuing Operation Net Minority Interest": NaN,
        "Reconciled Depreciation": NaN,
        "Reconciled Cost Of Revenue": NaN,
        "EBITDA": NaN,
        "EBIT": NaN,
        "Net Interest Income": NaN,
        "Interest Expense": NaN,
        "Normalized Income": NaN,
        "Net Income From Continuing And Discontinued Operation": NaN,
        "Total Expenses": NaN,
        "Total Operating Income As Reported": NaN,
        "Diluted Average Shares": 1231814.0,
        "Basic Average Shares": 1110090.0,
        "Diluted EPS": 17.700012,
        "Basic EPS": 18.619992,
        "Diluted NI Availto Com Stockholders": NaN,
        "Net Income Common Stockholders": NaN,
        "Net Income": NaN,
        "Net Income Including Noncontrolling Interests": NaN,
        "Net Income Continuous Operations": NaN,
        "Pretax Income": NaN,
        "Other Income Expense": NaN,
        "Other Non Operating Income Expenses": NaN,
        "Special Income Charges": NaN,
        "Gain On Sale Of Ppe": 3908.0,
        "Other Special Charges": NaN,
        "Gain On Sale Of Security": NaN,
        "Net Non Operating Interest Income Expense": NaN,
        "Interest Expense Non Operating": NaN,
        "Operating Income": NaN,
        "Operating Expense": NaN,
        "Depreciation Amortization Depletion Income Statement": NaN,
        "Depreciation And Amortization In Income Statement": NaN,
        "Depreciation Income Statement": NaN,
        "Research And Development": NaN,
        "Selling General And Administration": NaN,
        "General And Administrative Expense": NaN,
        "Other Gand A": NaN,
        "Gross Profit": NaN,
        "Cost Of Revenue": NaN,
        "Total Revenue": NaN,
        "Operating Revenue": NaN
    },
    "2023-09-30": {
        "Tax Effect Of Unusual Items": NaN,
        "Tax Rate For Calcs": NaN,
        "Normalized EBITDA": NaN,
        "Total Unusual Items": NaN,
        "Total Unusual Items Excluding Goodwill": NaN,
        "Net Income From Continuing Operation Net Minority Interest": NaN,
        "Reconciled Depreciation": NaN,
        "Reconciled Cost Of Revenue": NaN,
        "EBITDA": NaN,
        "EBIT": NaN,
        "Net Interest Income": NaN,
        "Interest Expense": NaN,
        "Normalized Income": NaN,
        "Net Income From Continuing And Discontinued Operation": NaN,
        "Total Expenses": NaN,
        "Total Operating Income As Reported": NaN,
        "Diluted Average Shares": 1143198.0,
        "Basic Average Shares": 1143198.0,
        "Diluted EPS": -15.46,
        "Basic EPS": -15.46,
        "Diluted NI Availto Com Stockholders": NaN,
        "Average Dilution Earnings": 0.0,
        "Net Income Common Stockholders": NaN,
        "Net Income": NaN,
        "Net Income Including Noncontrolling Interests": NaN,
        "Net Income Continuous Operations": NaN,
        "Pretax Income": NaN,
        "Other Income Expense": NaN,
        "Other Non Operating Income Expenses": NaN,
        "Special Income Charges": NaN,
        "Gain On Sale Of Ppe": 0.0,
        "Other Special Charges": NaN,
        "Gain On Sale Of Security": NaN,
        "Net Non Operating Interest Income Expense": NaN,
        "Interest Expense Non Operating": NaN,
        "Operating Income": NaN,
        "Operating Expense": NaN,
        "Depreciation Amortization Depletion Income Statement": NaN,
        "Depreciation And Amortization In Income Statement": NaN,
        "Depreciation Income Statement": NaN,
        "Research And Development": NaN,
        "Selling General And Administration": NaN,
        "General And Administrative Expense": NaN,
        "Other Gand A": NaN,
        "Gross Profit": NaN,
        "Cost Of Revenue": NaN,
        "Total Revenue": NaN,
        "Operating Revenue": NaN
    },
    "2023-12-31": {
        "Tax Effect Of Unusual Items": 0.0,
        "Tax Rate For Calcs": 0.0,
        "Normalized EBITDA": -6740167.0,
        "Total Unusual Items": -31149187.0,
        "Total Unusual Items Excluding Goodwill": -31149187.0,
        "Net Income From Continuing Operation Net Minority Interest": -39542589.0,
        "Reconciled Depreciation": 242360.0,
        "Reconciled Cost Of Revenue": 4444682.0,
        "EBITDA": -37889354.0,
        "EBIT": -38131714.0,
        "Net Interest Income": -1410875.0,
        "Interest Expense": 1410875.0,
        "Normalized Income": -8393402.0,
        "Net Income From Continuing And Discontinued Operation": -39542589.0,
        "Total Expenses": 8438366.0,
        "Total Operating Income As Reported": -34206190.0,
        "Diluted Average Shares": NaN,
        "Basic Average Shares": NaN,
        "Diluted EPS": NaN,
        "Basic EPS": NaN,
        "Diluted NI Availto Com Stockholders": -39542589.0,
        "Average Dilution Earnings": NaN,
        "Net Income Common Stockholders": -39542589.0,
        "Net Income": -39542589.0,
        "Net Income Including Noncontrolling Interests": -39542589.0,
        "Net Income Continuous Operations": -39542589.0,
        "Pretax Income": -39542589.0,
        "Other Income Expense": -30756951.0,
        "Other Non Operating Income Expenses": 392236.0,
        "Special Income Charges": -27288497.0,
        "Gain On Sale Of Ppe": NaN,
        "Other Special Charges": NaN,
        "Gain On Sale Of Security": -3860690.0,
        "Net Non Operating Interest Income Expense": -1410875.0,
        "Interest Expense Non Operating": 1410875.0,
        "Operating Income": -7374763.0,
        "Operating Expense": 3993684.0,
        "Depreciation Amortization Depletion Income Statement": 242360.0,
        "Depreciation And Amortization In Income Statement": 242360.0,
        "Depreciation Income Statement": 242360.0,
        "Research And Development": 414678.0,
        "Selling General And Administration": 793733.0,
        "General And Administrative Expense": 793733.0,
        "Other Gand A": 793733.0,
        "Gross Profit": -3381079.0,
        "Cost Of Revenue": 4444682.0,
        "Total Revenue": 1063603.0,
        "Operating Revenue": 1063603.0
    },
    "2024-03-31": {
        "Tax Effect Of Unusual Items": NaN,
        "Tax Rate For Calcs": NaN,
        "Normalized EBITDA": NaN,
        "Total Unusual Items": NaN,
        "Total Unusual Items Excluding Goodwill": NaN,
        "Net Income From Continuing Operation Net Minority Interest": NaN,
        "Reconciled Depreciation": NaN,
        "Reconciled Cost Of Revenue": NaN,
        "EBITDA": NaN,
        "EBIT": NaN,
        "Net Interest Income": NaN,
        "Interest Expense": NaN,
        "Normalized Income": NaN,
        "Net Income From Continuing And Discontinued Operation": NaN,
        "Total Expenses": NaN,
        "Total Operating Income As Reported": NaN,
        "Diluted Average Shares": 137764.0,
        "Basic Average Shares": 137764.0,
        "Diluted EPS": -528.75,
        "Basic EPS": -528.75,
        "Diluted NI Availto Com Stockholders": NaN,
        "Average Dilution Earnings": NaN,
        "Net Income Common Stockholders": NaN,
        "Net Income": NaN,
        "Net Income Including Noncontrolling Interests": NaN,
        "Net Income Continuous Operations": NaN,
        "Pretax Income": NaN,
        "Other Income Expense": NaN,
        "Other Non Operating Income Expenses": NaN,
        "Special Income Charges": NaN,
        "Other Special Charges": 78719584.0,
        "Gain On Sale Of Security": NaN,
        "Net Non Operating Interest Income Expense": NaN,
        "Interest Expense Non Operating": NaN,
        "Operating Income": NaN,
        "Operating Expense": NaN,
        "Depreciation Amortization Depletion Income Statement": NaN,
        "Depreciation And Amortization In Income Statement": NaN,
        "Depreciation Income Statement": NaN,
        "Research And Development": NaN,
        "Selling General And Administration": NaN,
        "General And Administrative Expense": NaN,
        "Other Gand A": NaN,
        "Gross Profit": NaN,
        "Cost Of Revenue": NaN,
        "Total Revenue": NaN,
        "Operating Revenue": NaN
    },
    "2024-06-30": {
        "Tax Effect Of Unusual Items": 2485820.4,
        "Tax Rate For Calcs": 0.21,
        "Normalized EBITDA": -5719248.0,
        "Total Unusual Items": 11837240.0,
        "Total Unusual Items Excluding Goodwill": 11837240.0,
        "Net Income From Continuing Operation Net Minority Interest": 4540975.0,
        "Reconciled Depreciation": 411586.0,
        "Reconciled Cost Of Revenue": 2875394.0,
        "EBITDA": 6117992.0,
        "EBIT": 5706406.0,
        "Net Interest Income": -1165431.0,
        "Interest Expense": 1165431.0,
        "Normalized Income": -4810444.6,
        "Net Income From Continuing And Discontinued Operation": 4540975.0,
        "Total Expenses": 6514268.0,
        "Total Operating Income As Reported": -6012560.0,
        "Diluted Average Shares": 216729.0,
        "Basic Average Shares": 216729.0,
        "Diluted EPS": -10.08,
        "Basic EPS": 20.97,
        "Diluted NI Availto Com Stockholders": -6028720.0,
        "Average Dilution Earnings": -10569695.0,
        "Net Income Common Stockholders": 4540975.0,
        "Net Income": 4540975.0,
        "Net Income Including Noncontrolling Interests": 4540975.0,
        "Net Income Continuous Operations": 4540975.0,
        "Pretax Income": 4540975.0,
        "Other Income Expense": 11718966.0,
        "Other Non Operating Income Expenses": -118274.0,
        "Special Income Charges": 8532.0,
        "Other Special Charges": -8532.0,
        "Gain On Sale Of Security": 11828708.0,
        "Net Non Operating Interest Income Expense": -1165431.0,
        "Interest Expense Non Operating": 1165431.0,
        "Operating Income": -6012560.0,
        "Operating Expense": 3638874.0,
        "Depreciation Amortization Depletion Income Statement": 411586.0,
        "Depreciation And Amortization In Income Statement": 411586.0,
        "Depreciation Income Statement": 411586.0,
        "Research And Development": 0.0,
        "Selling General And Administration": 3227288.0,
        "General And Administrative Expense": 3227288.0,
        "Other Gand A": 3227288.0,
        "Gross Profit": -2373686.0,
        "Cost Of Revenue": 2875394.0,
        "Total Revenue": 501708.0,
        "Operating Revenue": 501708.0
    },
    "2024-09-30": {
        "Tax Effect Of Unusual Items": 5208576.03,
        "Tax Rate For Calcs": 0.21,
        "Normalized EBITDA": -5267361.0,
        "Total Unusual Items": 24802743.0,
        "Total Unusual Items Excluding Goodwill": 24802743.0,
        "Net Income From Continuing Operation Net Minority Interest": 17931827.0,
        "Reconciled Depreciation": 446087.0,
        "Reconciled Cost Of Revenue": 2648019.0,
        "EBITDA": 19535382.0,
        "EBIT": 19089295.0,
        "Net Interest Income": -1157468.0,
        "Interest Expense": 1157468.0,
        "Normalized Income": -1662339.97,
        "Net Income From Continuing And Discontinued Operation": 17931827.0,
        "Total Expenses": 5940062.0,
        "Total Operating Income As Reported": -5569875.0,
        "Diluted Average Shares": 1698795.0,
        "Basic Average Shares": 297333.0,
        "Diluted EPS": -3.24,
        "Basic EPS": 60.3,
        "Diluted NI Availto Com Stockholders": -5490684.0,
        "Average Dilution Earnings": -23422511.0,
        "Net Income Common Stockholders": 17931827.0,
        "Net Income": 17931827.0,
        "Net Income Including Noncontrolling Interests": 17931827.0,
        "Net Income Continuous Operations": 17931827.0,
        "Pretax Income": 17931827.0,
        "Other Income Expense": 24659170.0,
        "Other Non Operating Income Expenses": -143573.0,
        "Special Income Charges": 0.0,
        "Other Special Charges": NaN,
        "Gain On Sale Of Security": 24802743.0,
        "Net Non Operating Interest Income Expense": -1157468.0,
        "Interest Expense Non Operating": 1157468.0,
        "Operating Income": -5569875.0,
        "Operating Expense": 3292043.0,
        "Depreciation Amortization Depletion Income Statement": 446087.0,
        "Depreciation And Amortization In Income Statement": 446087.0,
        "Depreciation Income Statement": 446087.0,
        "Research And Development": 0.0,
        "Selling General And Administration": 2845956.0,
        "General And Administrative Expense": 2845956.0,
        "Other Gand A": 2845956.0,
        "Gross Profit": -2277832.0,
        "Cost Of Revenue": 2648019.0,
        "Total Revenue": 370187.0,
        "Operating Revenue": 370187.0
    },
    "2024-12-31": {
        "Tax Effect Of Unusual Items": 0.0,
        "Tax Rate For Calcs": 0.0,
        "Normalized EBITDA": -3339813.0,
        "Total Unusual Items": -119923614.0,
        "Total Unusual Items Excluding Goodwill": -119923614.0,
        "Net Income From Continuing Operation Net Minority Interest": -118589985.0,
        "Reconciled Depreciation": 452970.0,
        "Reconciled Cost Of Revenue": 2114837.0,
        "EBITDA": -123263427.0,
        "EBIT": -123716397.0,
        "Net Interest Income": 5126412.0,
        "Interest Expense": -5126412.0,
        "Normalized Income": 1333629.0,
        "Net Income From Continuing And Discontinued Operation": -118589985.0,
        "Total Expenses": 6454355.0,
        "Total Operating Income As Reported": -5983132.0,
        "Diluted Average Shares": NaN,
        "Basic Average Shares": NaN,
        "Diluted EPS": NaN,
        "Basic EPS": NaN,
        "Diluted NI Availto Com Stockholders": -118589985.0,
        "Average Dilution Earnings": NaN,
        "Net Income Common Stockholders": -118589985.0,
        "Net Income": -118589985.0,
        "Net Income Including Noncontrolling Interests": -118589985.0,
        "Net Income Continuous Operations": -118589985.0,
        "Pretax Income": -118589985.0,
        "Other Income Expense": -117733265.0,
        "Other Non Operating Income Expenses": 2190349.0,
        "Special Income Charges": -127648558.0,
        "Other Special Charges": 127648558.0,
        "Gain On Sale Of Security": 7724944.0,
        "Net Non Operating Interest Income Expense": 5126412.0,
        "Interest Expense Non Operating": -5126412.0,
        "Operating Income": -5983132.0,
        "Operating Expense": 4339518.0,
        "Depreciation Amortization Depletion Income Statement": 452970.0,
        "Depreciation And Amortization In Income Statement": 452970.0,
        "Depreciation Income Statement": 452970.0,
        "Research And Development": 18747.0,
        "Selling General And Administration": 3867801.0,
        "General And Administrative Expense": 3867801.0,
        "Other Gand A": 3867801.0,
        "Gross Profit": -1643614.0,
        "Cost Of Revenue": 2114837.0,
        "Total Revenue": 471223.0,
        "Operating Revenue": 471223.0
    },
    "2025-03-31": {
        "Tax Effect Of Unusual Items": 0.0,
        "Tax Rate For Calcs": 0.0,
        "Normalized EBITDA": -5295990.0,
        "Total Unusual Items": -676305.0,
        "Total Unusual Items Excluding Goodwill": -676305.0,
        "Net Income From Continuing Operation Net Minority Interest": -7567187.0,
        "Reconciled Depreciation": 480376.0,
        "Reconciled Cost Of Revenue": 1238957.0,
        "EBITDA": -5972295.0,
        "EBIT": -6452671.0,
        "Net Interest Income": -1114516.0,
        "Interest Expense": 1114516.0,
        "Normalized Income": -6890882.0,
        "Net Income From Continuing And Discontinued Operation": -7567187.0,
        "Total Expenses": 6029019.0,
        "Total Operating Income As Reported": -5863763.0,
        "Diluted Average Shares": 3049713.0,
        "Basic Average Shares": 3049713.0,
        "Diluted EPS": -2.52,
        "Basic EPS": -2.52,
        "Diluted NI Availto Com Stockholders": -7567187.0,
        "Average Dilution Earnings": NaN,
        "Net Income Common Stockholders": -7567187.0,
        "Net Income": -7567187.0,
        "Net Income Including Noncontrolling Interests": -7567187.0,
        "Net Income Continuous Operations": -7567187.0,
        "Pretax Income": -7567187.0,
        "Other Income Expense": -588908.0,
        "Other Non Operating Income Expenses": 87397.0,
        "Special Income Charges": 0.0,
        "Other Special Charges": NaN,
        "Gain On Sale Of Security": -676305.0,
        "Net Non Operating Interest Income Expense": -1114516.0,
        "Interest Expense Non Operating": 1114516.0,
        "Operating Income": -5863763.0,
        "Operating Expense": 4790062.0,
        "Depreciation Amortization Depletion Income Statement": 480376.0,
        "Depreciation And Amortization In Income Statement": 480376.0,
        "Depreciation Income Statement": 480376.0,
        "Research And Development": 0.0,
        "Selling General And Administration": 4309686.0,
        "General And Administrative Expense": 4309686.0,
        "Other Gand A": 4309686.0,
        "Gross Profit": -1073701.0,
        "Cost Of Revenue": 1238957.0,
        "Total Revenue": 165256.0,
        "Operating Revenue": 165256.0
    },
    "2025-06-30": {
        "Tax Effect Of Unusual Items": 0.0,
        "Tax Rate For Calcs": 0.0,
        "Normalized EBITDA": -5849125.0,
        "Total Unusual Items": 178835.0,
        "Total Unusual Items Excluding Goodwill": 178835.0,
        "Net Income From Continuing Operation Net Minority Interest": -7454176.0,
        "Reconciled Depreciation": 574563.0,
        "Reconciled Cost Of Revenue": 3504043.0,
        "EBITDA": -5670290.0,
        "EBIT": -6244853.0,
        "Net Interest Income": -1209323.0,
        "Interest Expense": 1209323.0,
        "Normalized Income": -7633011.0,
        "Net Income From Continuing And Discontinued Operation": -7454176.0,
        "Total Expenses": 8446793.0,
        "Total Operating Income As Reported": -6371227.0,
        "Diluted Average Shares": 3223003.0,
        "Basic Average Shares": 3223003.0,
        "Diluted EPS": -2.34,
        "Basic EPS": -2.34,
        "Diluted NI Availto Com Stockholders": -7454176.0,
        "Average Dilution Earnings": 0.0,
        "Net Income Common Stockholders": -7454176.0,
        "Net Income": -7454176.0,
        "Net Income Including Noncontrolling Interests": -7454176.0,
        "Net Income Continuous Operations": -7454176.0,
        "Pretax Income": -7454176.0,
        "Other Income Expense": 126374.0,
        "Other Non Operating Income Expenses": -52461.0,
        "Special Income Charges": 0.0,
        "Other Special Charges": NaN,
        "Gain On Sale Of Security": 178835.0,
        "Net Non Operating Interest Income Expense": -1209323.0,
        "Interest Expense Non Operating": 1209323.0,
        "Operating Income": -6371227.0,
        "Operating Expense": 4942750.0,
        "Depreciation Amortization Depletion Income Statement": 574563.0,
        "Depreciation And Amortization In Income Statement": 574563.0,
        "Depreciation Income Statement": 574563.0,
        "Research And Development": 0.0,
        "Selling General And Administration": 4368187.0,
        "General And Administrative Expense": 4368187.0,
        "Other Gand A": 4368187.0,
        "Gross Profit": -1428477.0,
        "Cost Of Revenue": 3504043.0,
        "Total Revenue": 2075566.0,
        "Operating Revenue": 2075566.0
    }
}