{
    "2023-06-30": {
        "Tax Effect Of Unusual Items": NaN,
        "Tax Rate For Calcs": NaN,
        "Normalized EBITDA": NaN,
        "Total Unusual Items": -658000000.0,
        "Total Unusual Items Excluding Goodwill": -658000000.0,
        "Net Income From Continuing Operation Net Minority Interest": NaN,
        "Reconciled Depreciation": NaN,
        "Reconciled Cost Of Revenue": NaN,
        "EBITDA": NaN,
        "EBIT": NaN,
        "Net Interest Income": NaN,
        "Interest Expense": NaN,
        "Interest Income": NaN,
        "Normalized Income": NaN,
        "Net Income From Continuing And Discontinued Operation": NaN,
        "Total Expenses": NaN,
        "Total Operating Income As Reported": NaN,
        "Diluted Average Shares": NaN,
        "Basic Average Shares": NaN,
        "Diluted EPS": NaN,
        "Basic EPS": NaN,
        "Diluted NI Availto Com Stockholders": NaN,
        "Net Income Common Stockholders": NaN,
        "Net Income": NaN,
        "Minority Interests": NaN,
        "Net Income Including Noncontrolling Interests": NaN,
        "Net Income Continuous Operations": NaN,
        "Earnings From Equity Interest Net Of Tax": NaN,
        "Tax Provision": NaN,
        "Pretax Income": NaN,
        "Other Income Expense": NaN,
        "Other Non Operating Income Expenses": NaN,
        "Special Income Charges": -658000000.0,
        "Impairment Of Capital Assets": 658000000.0,
        "Net Non Operating Interest Income Expense": NaN,
        "Interest Expense Non Operating": NaN,
        "Interest Income Non Operating": NaN,
        "Operating Income": NaN,
        "Operating Expense": NaN,
        "Other Operating Expenses": NaN,
        "Selling General And Administration": NaN,
        "Gross Profit": NaN,
        "Cost Of Revenue": NaN,
        "Total Revenue": NaN,
        "Operating Revenue": NaN
    },
    "2023-03-31": {
        "Tax Effect Of Unusual Items": 0.0,
        "Tax Rate For Calcs": 0.24539,
        "Normalized EBITDA": 966000000.0,
        "Total Unusual Items": NaN,
        "Total Unusual Items Excluding Goodwill": NaN,
        "Net Income From Continuing Operation Net Minority Interest": 566000000.0,
        "Reconciled Depreciation": 188000000.0,
        "Reconciled Cost Of Revenue": 3469000000.0,
        "EBITDA": 966000000.0,
        "EBIT": 778000000.0,
        "Net Interest Income": -66000000.0,
        "Interest Expense": 73000000.0,
        "Interest Income": 7000000.0,
        "Normalized Income": 566000000.0,
        "Net Income From Continuing And Discontinued Operation": 566000000.0,
        "Total Expenses": 4408000000.0,
        "Total Operating Income As Reported": 787000000.0,
        "Diluted Average Shares": 338600000.0,
        "Basic Average Shares": 337500000.0,
        "Diluted EPS": 1.67,
        "Basic EPS": 1.68,
        "Diluted NI Availto Com Stockholders": 566000000.0,
        "Net Income Common Stockholders": 566000000.0,
        "Net Income": 566000000.0,
        "Minority Interests": -9000000.0,
        "Net Income Including Noncontrolling Interests": 575000000.0,
        "Net Income Continuous Operations": 575000000.0,
        "Earnings From Equity Interest Net Of Tax": 43000000.0,
        "Tax Provision": 173000000.0,
        "Pretax Income": 705000000.0,
        "Other Income Expense": -16000000.0,
        "Other Non Operating Income Expenses": -16000000.0,
        "Special Income Charges": NaN,
        "Impairment Of Capital Assets": NaN,
        "Net Non Operating Interest Income Expense": -66000000.0,
        "Interest Expense Non Operating": 73000000.0,
        "Interest Income Non Operating": 7000000.0,
        "Operating Income": 787000000.0,
        "Operating Expense": 939000000.0,
        "Other Operating Expenses": 15000000.0,
        "Selling General And Administration": 924000000.0,
        "Gross Profit": 1726000000.0,
        "Cost Of Revenue": 3469000000.0,
        "Total Revenue": 5195000000.0,
        "Operating Revenue": 5195000000.0
    },
    "2022-12-31": {
        "Tax Effect Of Unusual Items": 0.0,
        "Tax Rate For Calcs": 0.224556,
        "Normalized EBITDA": 881000000.0,
        "Total Unusual Items": NaN,
        "Total Unusual Items Excluding Goodwill": NaN,
        "Net Income From Continuing Operation Net Minority Interest": 507000000.0,
        "Reconciled Depreciation": 186000000.0,
        "Reconciled Cost Of Revenue": 3337000000.0,
        "EBITDA": 881000000.0,
        "EBIT": 695000000.0,
        "Net Interest Income": -69000000.0,
        "Interest Expense": 76000000.0,
        "Interest Income": 7000000.0,
        "Normalized Income": 507000000.0,
        "Net Income From Continuing And Discontinued Operation": 507000000.0,
        "Total Expenses": 4252000000.0,
        "Total Operating Income As Reported": 712000000.0,
        "Diluted Average Shares": 338500000.0,
        "Basic Average Shares": 337500000.0,
        "Diluted EPS": 1.5,
        "Basic EPS": 1.5,
        "Diluted NI Availto Com Stockholders": 507000000.0,
        "Net Income Common Stockholders": 507000000.0,
        "Net Income": 507000000.0,
        "Minority Interests": -8000000.0,
        "Net Income Including Noncontrolling Interests": 515000000.0,
        "Net Income Continuous Operations": 515000000.0,
        "Earnings From Equity Interest Net Of Tax": 35000000.0,
        "Tax Provision": 139000000.0,
        "Pretax Income": 619000000.0,
        "Other Income Expense": -24000000.0,
        "Other Non Operating Income Expenses": -24000000.0,
        "Special Income Charges": NaN,
        "Impairment Of Capital Assets": NaN,
        "Net Non Operating Interest Income Expense": -69000000.0,
        "Interest Expense Non Operating": 76000000.0,
        "Interest Income Non Operating": 7000000.0,
        "Operating Income": 712000000.0,
        "Operating Expense": 915000000.0,
        "Other Operating Expenses": -1000000.0,
        "Selling General And Administration": 916000000.0,
        "Gross Profit": 1627000000.0,
        "Cost Of Revenue": 3337000000.0,
        "Total Revenue": 4964000000.0,
        "Operating Revenue": 4964000000.0
    },
    "2022-09-30": {
        "Tax Effect Of Unusual Items": NaN,
        "Tax Rate For Calcs": NaN,
        "Normalized EBITDA": NaN,
        "Total Unusual Items": 0.0,
        "Total Unusual Items Excluding Goodwill": 0.0,
        "Net Income From Continuing Operation Net Minority Interest": NaN,
        "Reconciled Depreciation": NaN,
        "Reconciled Cost Of Revenue": NaN,
        "EBITDA": NaN,
        "EBIT": NaN,
        "Net Interest Income": NaN,
        "Interest Expense": NaN,
        "Interest Income": NaN,
        "Normalized Income": NaN,
        "Net Income From Continuing And Discontinued Operation": NaN,
        "Total Expenses": NaN,
        "Total Operating Income As Reported": NaN,
        "Diluted Average Shares": NaN,
        "Basic Average Shares": NaN,
        "Diluted EPS": NaN,
        "Basic EPS": NaN,
        "Diluted NI Availto Com Stockholders": NaN,
        "Net Income Common Stockholders": NaN,
        "Net Income": NaN,
        "Minority Interests": NaN,
        "Net Income Including Noncontrolling Interests": NaN,
        "Net Income Continuous Operations": NaN,
        "Earnings From Equity Interest Net Of Tax": NaN,
        "Tax Provision": NaN,
        "Pretax Income": NaN,
        "Other Income Expense": NaN,
        "Other Non Operating Income Expenses": NaN,
        "Special Income Charges": 0.0,
        "Impairment Of Capital Assets": 0.0,
        "Net Non Operating Interest Income Expense": NaN,
        "Interest Expense Non Operating": NaN,
        "Interest Income Non Operating": NaN,
        "Operating Income": NaN,
        "Operating Expense": NaN,
        "Other Operating Expenses": NaN,
        "Selling General And Administration": NaN,
        "Gross Profit": NaN,
        "Cost Of Revenue": NaN,
        "Total Revenue": NaN,
        "Operating Revenue": NaN
    },
    "2022-06-30": {
        "Tax Effect Of Unusual Items": 0.0,
        "Tax Rate For Calcs": 0.218,
        "Normalized EBITDA": 787000000.0,
        "Total Unusual Items": NaN,
        "Total Unusual Items Excluding Goodwill": NaN,
        "Net Income From Continuing Operation Net Minority Interest": 437000000.0,
        "Reconciled Depreciation": 192000000.0,
        "Reconciled Cost Of Revenue": 3534000000.0,
        "EBITDA": 787000000.0,
        "EBIT": 595000000.0,
        "Net Interest Income": -67000000.0,
        "Interest Expense": 68000000.0,
        "Interest Income": 1000000.0,
        "Normalized Income": 437000000.0,
        "Net Income From Continuing And Discontinued Operation": 437000000.0,
        "Total Expenses": 4442000000.0,
        "Total Operating Income As Reported": 621000000.0,
        "Diluted Average Shares": 338300000.0,
        "Basic Average Shares": 337400000.0,
        "Diluted EPS": 1.29,
        "Basic EPS": 1.3,
        "Diluted NI Availto Com Stockholders": 437000000.0,
        "Net Income Common Stockholders": 437000000.0,
        "Net Income": 437000000.0,
        "Minority Interests": -4000000.0,
        "Net Income Including Noncontrolling Interests": 441000000.0,
        "Net Income Continuous Operations": 441000000.0,
        "Earnings From Equity Interest Net Of Tax": 29000000.0,
        "Tax Provision": 115000000.0,
        "Pretax Income": 527000000.0,
        "Other Income Expense": -27000000.0,
        "Other Non Operating Income Expenses": -27000000.0,
        "Special Income Charges": NaN,
        "Impairment Of Capital Assets": NaN,
        "Net Non Operating Interest Income Expense": -67000000.0,
        "Interest Expense Non Operating": 68000000.0,
        "Interest Income Non Operating": 1000000.0,
        "Operating Income": 621000000.0,
        "Operating Expense": 908000000.0,
        "Other Operating Expenses": 2000000.0,
        "Selling General And Administration": 906000000.0,
        "Gross Profit": 1529000000.0,
        "Cost Of Revenue": 3534000000.0,
        "Total Revenue": 5063000000.0,
        "Operating Revenue": 5063000000.0
    },
    "2022-03-31": {
        "Diluted EPS": 1.55,
        "Total Revenue": NaN,
        "Gross Profit": NaN,
        "Operating Income": 693,
        "EBIT": 881,
        "Net Income": 523
    },
    "2021-12-31": {
        "Diluted EPS": 1.05,
        "Total Revenue": NaN,
        "Gross Profit": NaN,
        "Operating Income": 521,
        "EBIT": 715,
        "Net Income": 357
    },
    "2021-09-30": {
        "Diluted EPS": 1.39,
        "Total Revenue": NaN,
        "Gross Profit": NaN,
        "Operating Income": 657,
        "EBIT": 851,
        "Net Income": 469
    },
    "2021-06-30": {
        "Diluted EPS": 1.19,
        "Total Revenue": NaN,
        "Gross Profit": NaN,
        "Operating Income": 613,
        "EBIT": 802,
        "Net Income": 404
    },
    "2021-03-31": {
        "Diluted EPS": 1.72,
        "Total Revenue": NaN,
        "Gross Profit": NaN,
        "Operating Income": 770,
        "EBIT": 959,
        "Net Income": 584
    },
    "2020-12-31": {
        "Diluted EPS": 1.58,
        "Total Revenue": NaN,
        "Gross Profit": NaN,
        "Operating Income": 749,
        "EBIT": 939,
        "Net Income": 539
    },
    "2020-09-30": {
        "Diluted EPS": 1.38,
        "Total Revenue": NaN,
        "Gross Profit": NaN,
        "Operating Income": 666,
        "EBIT": 858,
        "Net Income": 472
    },
    "2020-06-30": {
        "Diluted EPS": 1.99,
        "Total Revenue": NaN,
        "Gross Profit": NaN,
        "Operating Income": 925,
        "EBIT": NaN,
        "Net Income": 681
    },
    "2020-03-31": {
        "Diluted EPS": 1.92,
        "Total Revenue": NaN,
        "Gross Profit": NaN,
        "Operating Income": 904,
        "EBIT": NaN,
        "Net Income": 660
    },
    "2019-12-31": {
        "Diluted EPS": 1.59,
        "Total Revenue": NaN,
        "Gross Profit": NaN,
        "Operating Income": 751,
        "EBIT": 968,
        "Net Income": 547
    },
    "2019-09-30": {
        "Diluted EPS": 1.94,
        "Total Revenue": NaN,
        "Gross Profit": NaN,
        "Operating Income": 915,
        "EBIT": NaN,
        "Net Income": 671
    },
    "2019-06-30": {
        "Diluted EPS": 1.4,
        "Total Revenue": NaN,
        "Gross Profit": NaN,
        "Operating Income": 670,
        "EBIT": 906,
        "Net Income": 485
    },
    "2019-03-31": {
        "Diluted EPS": 1.31,
        "Total Revenue": NaN,
        "Gross Profit": NaN,
        "Operating Income": 655,
        "EBIT": 889,
        "Net Income": 454
    },
    "2018-12-31": {
        "Diluted EPS": 1.18,
        "Total Revenue": NaN,
        "Gross Profit": NaN,
        "Operating Income": 639,
        "EBIT": 869,
        "Net Income": 411
    },
    "2018-09-30": {
        "Diluted EPS": 1.29,
        "Total Revenue": NaN,
        "Gross Profit": NaN,
        "Operating Income": 669,
        "EBIT": 886,
        "Net Income": 451
    },
    "2018-06-30": {
        "Diluted EPS": 1.3,
        "Total Revenue": NaN,
        "Gross Profit": NaN,
        "Operating Income": 674,
        "EBIT": 898,
        "Net Income": 455
    },
    "2018-03-31": {
        "Diluted EPS": 0.26,
        "Total Revenue": NaN,
        "Gross Profit": NaN,
        "Operating Income": 247,
        "EBIT": 458,
        "Net Income": 93
    },
    "2017-12-31": {
        "Diluted EPS": 1.74,
        "Total Revenue": NaN,
        "Gross Profit": NaN,
        "Operating Income": 828,
        "EBIT": NaN,
        "Net Income": 617
    },
    "2017-09-30": {
        "Diluted EPS": 1.6,
        "Total Revenue": NaN,
        "Gross Profit": NaN,
        "Operating Income": 868,
        "EBIT": NaN,
        "Net Income": 567
    },
    "2017-06-30": {
        "Diluted EPS": 1.49,
        "Total Revenue": NaN,
        "Gross Profit": NaN,
        "Operating Income": 814,
        "EBIT": 994,
        "Net Income": 531
    },
    "2017-03-31": {
        "Diluted EPS": 1.57,
        "Total Revenue": NaN,
        "Gross Profit": NaN,
        "Operating Income": 848,
        "EBIT": NaN,
        "Net Income": 563
    },
    "2016-12-31": {
        "Diluted EPS": 1.41,
        "Total Revenue": NaN,
        "Gross Profit": NaN,
        "Operating Income": 905,
        "EBIT": NaN,
        "Net Income": 505
    },
    "2016-09-30": {
        "Diluted EPS": 1.52,
        "Total Revenue": NaN,
        "Gross Profit": NaN,
        "Operating Income": 836,
        "EBIT": NaN,
        "Net Income": 550
    },
    "2016-06-30": {
        "Diluted EPS": 1.56,
        "Total Revenue": NaN,
        "Gross Profit": NaN,
        "Operating Income": 838,
        "EBIT": NaN,
        "Net Income": 566
    },
    "2016-03-31": {
        "Diluted EPS": 1.5,
        "Total Revenue": NaN,
        "Gross Profit": NaN,
        "Operating Income": 804,
        "EBIT": 976,
        "Net Income": 545
    },
    "2015-12-31": {
        "Diluted EPS": 0.92,
        "Total Revenue": NaN,
        "Gross Profit": NaN,
        "Operating Income": 630,
        "EBIT": 811,
        "Net Income": 333
    },
    "2015-09-30": {
        "Diluted EPS": 1.41,
        "Total Revenue": NaN,
        "Gross Profit": NaN,
        "Operating Income": 779,
        "EBIT": 961,
        "Net Income": 517
    },
    "2015-06-30": {
        "Diluted EPS": -0.83,
        "Total Revenue": NaN,
        "Gross Profit": NaN,
        "Operating Income": -544,
        "EBIT": -355,
        "Net Income": -305
    },
    "2015-03-31": {
        "Diluted EPS": 1.27,
        "Total Revenue": NaN,
        "Gross Profit": NaN,
        "Operating Income": 748,
        "EBIT": 942,
        "Net Income": 468
    },
    "2014-12-31": {
        "Diluted EPS": -0.22,
        "Total Revenue": NaN,
        "Gross Profit": NaN,
        "Operating Income": 158,
        "EBIT": 365,
        "Net Income": -83
    },
    "2014-09-30": {
        "Diluted EPS": 1.5,
        "Total Revenue": NaN,
        "Gross Profit": NaN,
        "Operating Income": 877,
        "EBIT": NaN,
        "Net Income": 562
    },
    "2014-06-30": {
        "Diluted EPS": 1.35,
        "Total Revenue": NaN,
        "Gross Profit": NaN,
        "Operating Income": 775,
        "EBIT": 992,
        "Net Income": 509
    },
    "2014-03-31": {
        "Diluted EPS": 1.41,
        "Total Revenue": NaN,
        "Gross Profit": NaN,
        "Operating Income": 711,
        "EBIT": 929,
        "Net Income": 538
    },
    "2013-12-31": {
        "Diluted EPS": 1.39,
        "Total Revenue": NaN,
        "Gross Profit": NaN,
        "Operating Income": 517,
        "EBIT": 739,
        "Net Income": 539
    },
    "2013-09-30": {
        "Diluted EPS": 1.42,
        "Total Revenue": NaN,
        "Gross Profit": NaN,
        "Operating Income": 807,
        "EBIT": NaN,
        "Net Income": 546
    },
    "2013-06-30": {
        "Diluted EPS": 1.36,
        "Total Revenue": NaN,
        "Gross Profit": NaN,
        "Operating Income": 796,
        "EBIT": NaN,
        "Net Income": 526
    },
    "2013-03-31": {
        "Diluted EPS": 1.36,
        "Total Revenue": NaN,
        "Gross Profit": NaN,
        "Operating Income": 783,
        "EBIT": NaN,
        "Net Income": 531
    },
    "2012-12-31": {
        "Diluted EPS": 0.68,
        "Total Revenue": NaN,
        "Gross Profit": 904,
        "Operating Income": 140,
        "EBIT": 355,
        "Net Income": 267
    },
    "2012-09-30": {
        "Diluted EPS": 1.3,
        "Total Revenue": NaN,
        "Gross Profit": NaN,
        "Operating Income": 783,
        "EBIT": 993,
        "Net Income": 517
    },
    "2012-06-30": {
        "Diluted EPS": 1.26,
        "Total Revenue": NaN,
        "Gross Profit": NaN,
        "Operating Income": 754,
        "EBIT": 968,
        "Net Income": 498
    },
    "2012-03-31": {
        "Diluted EPS": 1.18,
        "Total Revenue": NaN,
        "Gross Profit": NaN,
        "Operating Income": 700,
        "EBIT": 918,
        "Net Income": 468
    },
    "2011-12-31": {
        "Diluted EPS": 1.01,
        "Total Revenue": NaN,
        "Gross Profit": NaN,
        "Operating Income": 611,
        "EBIT": 881,
        "Net Income": 401
    },
    "2011-09-30": {
        "Diluted EPS": 1.09,
        "Total Revenue": NaN,
        "Gross Profit": NaN,
        "Operating Income": 662,
        "EBIT": 953,
        "Net Income": 432
    },
    "2011-06-30": {
        "Diluted EPS": 1.03,
        "Total Revenue": NaN,
        "Gross Profit": NaN,
        "Operating Income": 625,
        "EBIT": 912,
        "Net Income": 408
    },
    "2011-03-31": {
        "Diluted EPS": 0.86,
        "Total Revenue": NaN,
        "Gross Profit": NaN,
        "Operating Income": 544,
        "EBIT": 787,
        "Net Income": 350
    },
    "2010-12-31": {
        "Diluted EPS": 1.19,
        "Total Revenue": NaN,
        "Gross Profit": NaN,
        "Operating Income": 699,
        "EBIT": 905,
        "Net Income": 492
    },
    "2010-09-30": {
        "Diluted EPS": 1.14,
        "Total Revenue": NaN,
        "Gross Profit": NaN,
        "Operating Income": 698,
        "EBIT": 903,
        "Net Income": 469
    },
    "2010-06-30": {
        "Diluted EPS": 1.2,
        "Total Revenue": NaN,
        "Gross Profit": NaN,
        "Operating Income": 711,
        "EBIT": 920,
        "Net Income": 498
    },
    "2010-03-31": {
        "Diluted EPS": 0.92,
        "Total Revenue": NaN,
        "Gross Profit": NaN,
        "Operating Income": 665,
        "EBIT": 858,
        "Net Income": 384
    },
    "2009-12-31": {
        "Diluted EPS": 1.17,
        "Total Revenue": NaN,
        "Gross Profit": NaN,
        "Operating Income": 717,
        "EBIT": 937,
        "Net Income": 492
    },
    "2009-09-30": {
        "Diluted EPS": 1.4,
        "Total Revenue": NaN,
        "Gross Profit": NaN,
        "Operating Income": 871,
        "EBIT": NaN,
        "Net Income": 582
    },
    "2009-06-30": {
        "Diluted EPS": 0.97,
        "Total Revenue": NaN,
        "Gross Profit": NaN,
        "Operating Income": 609,
        "EBIT": 799,
        "Net Income": 403
    },
    "2009-03-31": {
        "Diluted EPS": 0.98,
        "Total Revenue": NaN,
        "Gross Profit": NaN,
        "Operating Income": 628,
        "EBIT": 805,
        "Net Income": 407
    },
    "2023-09-30": {
        "Tax Effect Of Unusual Items": NaN,
        "Tax Rate For Calcs": NaN,
        "Normalized EBITDA": NaN,
        "Total Unusual Items": 0.0,
        "Total Unusual Items Excluding Goodwill": 0.0,
        "Net Income From Continuing Operation Net Minority Interest": NaN,
        "Reconciled Depreciation": NaN,
        "Reconciled Cost Of Revenue": NaN,
        "EBITDA": NaN,
        "EBIT": NaN,
        "Net Interest Income": NaN,
        "Interest Expense": NaN,
        "Interest Income": NaN,
        "Normalized Income": NaN,
        "Net Income From Continuing And Discontinued Operation": NaN,
        "Total Expenses": NaN,
        "Total Operating Income As Reported": NaN,
        "Diluted Average Shares": NaN,
        "Basic Average Shares": NaN,
        "Diluted EPS": NaN,
        "Basic EPS": NaN,
        "Diluted NI Availto Com Stockholders": NaN,
        "Net Income Common Stockholders": NaN,
        "Net Income": NaN,
        "Minority Interests": NaN,
        "Net Income Including Noncontrolling Interests": NaN,
        "Net Income Continuous Operations": NaN,
        "Earnings From Equity Interest Net Of Tax": NaN,
        "Tax Provision": NaN,
        "Pretax Income": NaN,
        "Other Income Expense": NaN,
        "Other Non Operating Income Expenses": NaN,
        "Special Income Charges": 0.0,
        "Impairment Of Capital Assets": 0.0,
        "Net Non Operating Interest Income Expense": NaN,
        "Interest Expense Non Operating": NaN,
        "Interest Income Non Operating": NaN,
        "Operating Income": NaN,
        "Operating Expense": NaN,
        "Other Operating Expenses": NaN,
        "Selling General And Administration": NaN,
        "Gross Profit": NaN,
        "Cost Of Revenue": NaN,
        "Total Revenue": NaN,
        "Operating Revenue": NaN
    },
    "2023-12-31": {
        "Tax Effect Of Unusual Items": NaN,
        "Tax Rate For Calcs": NaN,
        "Normalized EBITDA": NaN,
        "Total Unusual Items": 0.0,
        "Total Unusual Items Excluding Goodwill": 0.0,
        "Net Income From Continuing Operation Net Minority Interest": NaN,
        "Reconciled Depreciation": NaN,
        "Reconciled Cost Of Revenue": NaN,
        "EBITDA": NaN,
        "EBIT": NaN,
        "Net Interest Income": NaN,
        "Interest Expense": NaN,
        "Interest Income": NaN,
        "Normalized Income": NaN,
        "Net Income From Continuing And Discontinued Operation": NaN,
        "Total Expenses": NaN,
        "Total Operating Income As Reported": NaN,
        "Diluted Average Shares": NaN,
        "Basic Average Shares": NaN,
        "Diluted EPS": NaN,
        "Basic EPS": NaN,
        "Diluted NI Availto Com Stockholders": NaN,
        "Net Income Common Stockholders": NaN,
        "Net Income": NaN,
        "Minority Interests": NaN,
        "Net Income Including Noncontrolling Interests": NaN,
        "Net Income Discontinuous Operations": NaN,
        "Net Income Continuous Operations": NaN,
        "Earnings From Equity Interest Net Of Tax": NaN,
        "Tax Provision": NaN,
        "Pretax Income": NaN,
        "Other Income Expense": NaN,
        "Other Non Operating Income Expenses": NaN,
        "Special Income Charges": 0.0,
        "Impairment Of Capital Assets": 0.0,
        "Net Non Operating Interest Income Expense": NaN,
        "Interest Expense Non Operating": NaN,
        "Interest Income Non Operating": NaN,
        "Operating Income": NaN,
        "Operating Expense": NaN,
        "Other Operating Expenses": NaN,
        "Selling General And Administration": NaN,
        "Gross Profit": NaN,
        "Cost Of Revenue": NaN,
        "Total Revenue": NaN,
        "Operating Revenue": NaN
    },
    "2024-03-31": {
        "Tax Effect Of Unusual Items": NaN,
        "Tax Rate For Calcs": NaN,
        "Normalized EBITDA": NaN,
        "Total Unusual Items": NaN,
        "Total Unusual Items Excluding Goodwill": NaN,
        "Net Income From Continuing Operation Net Minority Interest": NaN,
        "Reconciled Depreciation": NaN,
        "Reconciled Cost Of Revenue": NaN,
        "EBITDA": NaN,
        "EBIT": NaN,
        "Net Interest Income": NaN,
        "Interest Expense": NaN,
        "Interest Income": NaN,
        "Normalized Income": NaN,
        "Net Income From Continuing And Discontinued Operation": NaN,
        "Total Expenses": NaN,
        "Total Operating Income As Reported": NaN,
        "Diluted Average Shares": 338300000.0,
        "Basic Average Shares": 336900000.0,
        "Diluted EPS": 1.91,
        "Basic EPS": 1.92,
        "Diluted NI Availto Com Stockholders": NaN,
        "Net Income Common Stockholders": NaN,
        "Net Income": NaN,
        "Minority Interests": NaN,
        "Net Income Including Noncontrolling Interests": NaN,
        "Net Income Discontinuous Operations": NaN,
        "Net Income Continuous Operations": NaN,
        "Earnings From Equity Interest Net Of Tax": NaN,
        "Tax Provision": NaN,
        "Pretax Income": NaN,
        "Other Income Expense": NaN,
        "Other Non Operating Income Expenses": NaN,
        "Special Income Charges": NaN,
        "Impairment Of Capital Assets": NaN,
        "Net Non Operating Interest Income Expense": NaN,
        "Interest Expense Non Operating": NaN,
        "Interest Income Non Operating": NaN,
        "Operating Income": NaN,
        "Operating Expense": NaN,
        "Other Operating Expenses": NaN,
        "Selling General And Administration": NaN,
        "Gross Profit": NaN,
        "Cost Of Revenue": NaN,
        "Total Revenue": NaN,
        "Operating Revenue": NaN
    },
    "2024-06-30": {
        "Tax Effect Of Unusual Items": 0.0,
        "Tax Rate For Calcs": 0.130152,
        "Normalized EBITDA": 721000000.0,
        "Total Unusual Items": 0.0,
        "Total Unusual Items Excluding Goodwill": 0.0,
        "Net Income From Continuing Operation Net Minority Interest": 455000000.0,
        "Reconciled Depreciation": 188000000.0,
        "Reconciled Cost Of Revenue": 2637000000.0,
        "EBITDA": 721000000.0,
        "EBIT": 533000000.0,
        "Net Interest Income": -63000000.0,
        "Interest Expense": 72000000.0,
        "Interest Income": 9000000.0,
        "Normalized Income": 455000000.0,
        "Net Income From Continuing And Discontinued Operation": 544000000.0,
        "Total Expenses": 3692000000.0,
        "Total Operating Income As Reported": 539000000.0,
        "Diluted Average Shares": 338000000.0,
        "Basic Average Shares": 337000000.0,
        "Diluted EPS": 1.61,
        "Basic EPS": 1.61,
        "Diluted NI Availto Com Stockholders": 544000000.0,
        "Net Income Common Stockholders": 544000000.0,
        "Net Income": 544000000.0,
        "Minority Interests": -9000000.0,
        "Net Income Including Noncontrolling Interests": 553000000.0,
        "Net Income Discontinuous Operations": 89000000.0,
        "Net Income Continuous Operations": 464000000.0,
        "Earnings From Equity Interest Net Of Tax": 63000000.0,
        "Tax Provision": 60000000.0,
        "Pretax Income": 461000000.0,
        "Other Income Expense": -15000000.0,
        "Other Non Operating Income Expenses": -15000000.0,
        "Special Income Charges": 0.0,
        "Impairment Of Capital Assets": 0.0,
        "Net Non Operating Interest Income Expense": -63000000.0,
        "Interest Expense Non Operating": 72000000.0,
        "Interest Income Non Operating": 9000000.0,
        "Operating Income": 539000000.0,
        "Operating Expense": 1055000000.0,
        "Other Operating Expenses": 88000000.0,
        "Selling General And Administration": 967000000.0,
        "Gross Profit": 1594000000.0,
        "Cost Of Revenue": 2637000000.0,
        "Total Revenue": 4231000000.0,
        "Operating Revenue": 4231000000.0
    },
    "2024-09-30": {
        "Tax Effect Of Unusual Items": -19885000.0,
        "Tax Rate For Calcs": 0.205,
        "Normalized EBITDA": 1445000000.0,
        "Total Unusual Items": -97000000.0,
        "Total Unusual Items Excluding Goodwill": -97000000.0,
        "Net Income From Continuing Operation Net Minority Interest": 907000000.0,
        "Reconciled Depreciation": 191000000.0,
        "Reconciled Cost Of Revenue": 3168000000.0,
        "EBITDA": 1348000000.0,
        "EBIT": 1157000000.0,
        "Net Interest Income": -49000000.0,
        "Interest Expense": 67000000.0,
        "Interest Income": 18000000.0,
        "Normalized Income": 984115000.0,
        "Net Income From Continuing And Discontinued Operation": 907000000.0,
        "Total Expenses": 3701000000.0,
        "Total Operating Income As Reported": 1154000000.0,
        "Diluted Average Shares": 337200000.0,
        "Basic Average Shares": 335925926.0,
        "Diluted EPS": 2.69,
        "Basic EPS": 2.7,
        "Diluted NI Availto Com Stockholders": 907000000.0,
        "Net Income Common Stockholders": 907000000.0,
        "Net Income": 907000000.0,
        "Minority Interests": -8000000.0,
        "Net Income Including Noncontrolling Interests": 915000000.0,
        "Net Income Discontinuous Operations": NaN,
        "Net Income Continuous Operations": 915000000.0,
        "Earnings From Equity Interest Net Of Tax": 48000000.0,
        "Tax Provision": 223000000.0,
        "Pretax Income": 1090000000.0,
        "Other Income Expense": -112000000.0,
        "Other Non Operating Income Expenses": -15000000.0,
        "Special Income Charges": -97000000.0,
        "Impairment Of Capital Assets": 97000000.0,
        "Net Non Operating Interest Income Expense": -49000000.0,
        "Interest Expense Non Operating": 67000000.0,
        "Interest Income Non Operating": 18000000.0,
        "Operating Income": 1251000000.0,
        "Operating Expense": 533000000.0,
        "Other Operating Expenses": -564000000.0,
        "Selling General And Administration": 1097000000.0,
        "Gross Profit": 1784000000.0,
        "Cost Of Revenue": 3168000000.0,
        "Total Revenue": 4952000000.0,
        "Operating Revenue": 4952000000.0
    },
    "2024-12-31": {
        "Tax Effect Of Unusual Items": 0.0,
        "Tax Rate For Calcs": 0.148225,
        "Normalized EBITDA": 760000000.0,
        "Total Unusual Items": 0.0,
        "Total Unusual Items Excluding Goodwill": 0.0,
        "Net Income From Continuing Operation Net Minority Interest": 447000000.0,
        "Reconciled Depreciation": 217000000.0,
        "Reconciled Cost Of Revenue": 3253000000.0,
        "EBITDA": 760000000.0,
        "EBIT": 543000000.0,
        "Net Interest Income": -53000000.0,
        "Interest Expense": 64000000.0,
        "Interest Income": 11000000.0,
        "Normalized Income": 447000000.0,
        "Net Income From Continuing And Discontinued Operation": 447000000.0,
        "Total Expenses": 4380000000.0,
        "Total Operating Income As Reported": 548000000.0,
        "Diluted Average Shares": 334400000.0,
        "Basic Average Shares": 331800000.0,
        "Diluted EPS": 1.34,
        "Basic EPS": 1.34,
        "Diluted NI Availto Com Stockholders": 447000000.0,
        "Net Income Common Stockholders": 447000000.0,
        "Net Income": 447000000.0,
        "Minority Interests": -5000000.0,
        "Net Income Including Noncontrolling Interests": 452000000.0,
        "Net Income Discontinuous Operations": NaN,
        "Net Income Continuous Operations": 452000000.0,
        "Earnings From Equity Interest Net Of Tax": 44000000.0,
        "Tax Provision": 71000000.0,
        "Pretax Income": 479000000.0,
        "Other Income Expense": -16000000.0,
        "Other Non Operating Income Expenses": -16000000.0,
        "Special Income Charges": 0.0,
        "Impairment Of Capital Assets": 0.0,
        "Net Non Operating Interest Income Expense": -53000000.0,
        "Interest Expense Non Operating": 64000000.0,
        "Interest Income Non Operating": 11000000.0,
        "Operating Income": 548000000.0,
        "Operating Expense": 1127000000.0,
        "Other Operating Expenses": 18000000.0,
        "Selling General And Administration": 1109000000.0,
        "Gross Profit": 1675000000.0,
        "Cost Of Revenue": 3253000000.0,
        "Total Revenue": 4928000000.0,
        "Operating Revenue": 4928000000.0
    },
    "2025-03-31": {
        "Tax Effect Of Unusual Items": 0.0,
        "Tax Rate For Calcs": 0.238,
        "Normalized EBITDA": 976000000.0,
        "Total Unusual Items": NaN,
        "Total Unusual Items Excluding Goodwill": NaN,
        "Net Income From Continuing Operation Net Minority Interest": 567000000.0,
        "Reconciled Depreciation": 218000000.0,
        "Reconciled Cost Of Revenue": 3107000000.0,
        "EBITDA": 976000000.0,
        "EBIT": 758000000.0,
        "Net Interest Income": -57000000.0,
        "Interest Expense": 64000000.0,
        "Interest Income": 7000000.0,
        "Normalized Income": 567000000.0,
        "Net Income From Continuing And Discontinued Operation": 567000000.0,
        "Total Expenses": 4071000000.0,
        "Total Operating Income As Reported": 769000000.0,
        "Diluted Average Shares": 333300000.0,
        "Basic Average Shares": 331900000.0,
        "Diluted EPS": 1.7,
        "Basic EPS": 1.71,
        "Diluted NI Availto Com Stockholders": 567000000.0,
        "Net Income Common Stockholders": 567000000.0,
        "Net Income": 567000000.0,
        "Minority Interests": -6000000.0,
        "Net Income Including Noncontrolling Interests": 573000000.0,
        "Net Income Discontinuous Operations": NaN,
        "Net Income Continuous Operations": 573000000.0,
        "Earnings From Equity Interest Net Of Tax": 44000000.0,
        "Tax Provision": 165000000.0,
        "Pretax Income": 694000000.0,
        "Other Income Expense": -18000000.0,
        "Other Non Operating Income Expenses": -18000000.0,
        "Special Income Charges": NaN,
        "Impairment Of Capital Assets": NaN,
        "Net Non Operating Interest Income Expense": -57000000.0,
        "Interest Expense Non Operating": 64000000.0,
        "Interest Income Non Operating": 7000000.0,
        "Operating Income": 769000000.0,
        "Operating Expense": 964000000.0,
        "Other Operating Expenses": 23000000.0,
        "Selling General And Administration": 941000000.0,
        "Gross Profit": 1733000000.0,
        "Cost Of Revenue": 3107000000.0,
        "Total Revenue": 4840000000.0,
        "Operating Revenue": 4840000000.0
    },
    "2025-06-30": {
        "Tax Effect Of Unusual Items": 0.0,
        "Tax Rate For Calcs": 0.226,
        "Normalized EBITDA": 802000000.0,
        "Total Unusual Items": NaN,
        "Total Unusual Items Excluding Goodwill": NaN,
        "Net Income From Continuing Operation Net Minority Interest": 441000000.0,
        "Reconciled Depreciation": 222000000.0,
        "Reconciled Cost Of Revenue": 2707000000.0,
        "EBITDA": 802000000.0,
        "EBIT": 580000000.0,
        "Net Interest Income": -62000000.0,
        "Interest Expense": 67000000.0,
        "Interest Income": 5000000.0,
        "Normalized Income": 441000000.0,
        "Net Income From Continuing And Discontinued Operation": 509000000.0,
        "Total Expenses": 3571000000.0,
        "Total Operating Income As Reported": 592000000.0,
        "Diluted Average Shares": 333300000.0,
        "Basic Average Shares": 332679739.0,
        "Diluted EPS": 1.53,
        "Basic EPS": 1.53,
        "Diluted NI Availto Com Stockholders": 509000000.0,
        "Net Income Common Stockholders": 509000000.0,
        "Net Income": 509000000.0,
        "Minority Interests": -3000000.0,
        "Net Income Including Noncontrolling Interests": 512000000.0,
        "Net Income Discontinuous Operations": 68000000.0,
        "Net Income Continuous Operations": 444000000.0,
        "Earnings From Equity Interest Net Of Tax": 47000000.0,
        "Tax Provision": 116000000.0,
        "Pretax Income": 513000000.0,
        "Other Income Expense": -17000000.0,
        "Other Non Operating Income Expenses": -17000000.0,
        "Special Income Charges": NaN,
        "Impairment Of Capital Assets": NaN,
        "Net Non Operating Interest Income Expense": -62000000.0,
        "Interest Expense Non Operating": 67000000.0,
        "Interest Income Non Operating": 5000000.0,
        "Operating Income": 592000000.0,
        "Operating Expense": 864000000.0,
        "Other Operating Expenses": 1000000.0,
        "Selling General And Administration": 863000000.0,
        "Gross Profit": 1456000000.0,
        "Cost Of Revenue": 2707000000.0,
        "Total Revenue": 4163000000.0,
        "Operating Revenue": 4163000000.0
    }
}