{
    "2023-06-30": {
        "Tax Effect Of Unusual Items": NaN,
        "Tax Rate For Calcs": NaN,
        "Normalized EBITDA": NaN,
        "Total Unusual Items": NaN,
        "Total Unusual Items Excluding Goodwill": NaN,
        "Net Income From Continuing Operation Net Minority Interest": NaN,
        "Reconciled Depreciation": NaN,
        "Reconciled Cost Of Revenue": NaN,
        "EBITDA": NaN,
        "EBIT": NaN,
        "Net Interest Income": NaN,
        "Normalized Income": NaN,
        "Net Income From Continuing And Discontinued Operation": NaN,
        "Total Expenses": NaN,
        "Total Operating Income As Reported": NaN,
        "Diluted Average Shares": NaN,
        "Basic Average Shares": NaN,
        "Diluted EPS": NaN,
        "Basic EPS": NaN,
        "Diluted NI Availto Com Stockholders": NaN,
        "Net Income Common Stockholders": NaN,
        "Otherunder Preferred Stock Dividend": NaN,
        "Net Income": NaN,
        "Minority Interests": NaN,
        "Net Income Including Noncontrolling Interests": NaN,
        "Net Income Continuous Operations": NaN,
        "Tax Provision": NaN,
        "Pretax Income": NaN,
        "Other Income Expense": NaN,
        "Other Non Operating Income Expenses": NaN,
        "Special Income Charges": NaN,
        "Gain On Sale Of Ppe": 13000000.0,
        "Gain On Sale Of Business": NaN,
        "Earnings From Equity Interest": NaN,
        "Net Non Operating Interest Income Expense": NaN,
        "Total Other Finance Cost": NaN,
        "Operating Income": NaN,
        "Operating Expense": NaN,
        "Other Operating Expenses": NaN,
        "Other Taxes": NaN,
        "Selling General And Administration": NaN,
        "General And Administrative Expense": NaN,
        "Other Gand A": NaN,
        "Gross Profit": NaN,
        "Cost Of Revenue": NaN,
        "Total Revenue": NaN,
        "Operating Revenue": NaN
    },
    "2023-03-31": {
        "Tax Effect Of Unusual Items": NaN,
        "Tax Rate For Calcs": NaN,
        "Normalized EBITDA": NaN,
        "Total Unusual Items": NaN,
        "Total Unusual Items Excluding Goodwill": NaN,
        "Net Income From Continuing Operation Net Minority Interest": NaN,
        "Reconciled Depreciation": NaN,
        "Reconciled Cost Of Revenue": NaN,
        "EBITDA": NaN,
        "EBIT": NaN,
        "Net Interest Income": NaN,
        "Normalized Income": NaN,
        "Net Income From Continuing And Discontinued Operation": NaN,
        "Total Expenses": NaN,
        "Total Operating Income As Reported": NaN,
        "Diluted Average Shares": NaN,
        "Basic Average Shares": NaN,
        "Diluted EPS": NaN,
        "Basic EPS": NaN,
        "Diluted NI Availto Com Stockholders": NaN,
        "Net Income Common Stockholders": NaN,
        "Otherunder Preferred Stock Dividend": NaN,
        "Net Income": NaN,
        "Minority Interests": NaN,
        "Net Income Including Noncontrolling Interests": NaN,
        "Net Income Continuous Operations": NaN,
        "Tax Provision": NaN,
        "Pretax Income": NaN,
        "Other Income Expense": NaN,
        "Other Non Operating Income Expenses": NaN,
        "Special Income Charges": NaN,
        "Gain On Sale Of Ppe": 0.0,
        "Gain On Sale Of Business": NaN,
        "Earnings From Equity Interest": NaN,
        "Net Non Operating Interest Income Expense": NaN,
        "Total Other Finance Cost": NaN,
        "Operating Income": NaN,
        "Operating Expense": NaN,
        "Other Operating Expenses": NaN,
        "Other Taxes": NaN,
        "Selling General And Administration": NaN,
        "General And Administrative Expense": NaN,
        "Other Gand A": NaN,
        "Gross Profit": NaN,
        "Cost Of Revenue": NaN,
        "Total Revenue": NaN,
        "Operating Revenue": NaN
    },
    "2022-12-31": {
        "Tax Effect Of Unusual Items": NaN,
        "Tax Rate For Calcs": NaN,
        "Normalized EBITDA": NaN,
        "Total Unusual Items": NaN,
        "Total Unusual Items Excluding Goodwill": NaN,
        "Net Income From Continuing Operation Net Minority Interest": NaN,
        "Reconciled Depreciation": NaN,
        "Reconciled Cost Of Revenue": NaN,
        "EBITDA": NaN,
        "EBIT": NaN,
        "Net Interest Income": NaN,
        "Normalized Income": NaN,
        "Net Income From Continuing And Discontinued Operation": NaN,
        "Total Expenses": NaN,
        "Total Operating Income As Reported": NaN,
        "Diluted Average Shares": NaN,
        "Basic Average Shares": NaN,
        "Diluted EPS": NaN,
        "Basic EPS": NaN,
        "Diluted NI Availto Com Stockholders": NaN,
        "Net Income Common Stockholders": NaN,
        "Otherunder Preferred Stock Dividend": NaN,
        "Net Income": NaN,
        "Minority Interests": NaN,
        "Net Income Including Noncontrolling Interests": NaN,
        "Net Income Continuous Operations": NaN,
        "Tax Provision": NaN,
        "Pretax Income": NaN,
        "Other Income Expense": NaN,
        "Other Non Operating Income Expenses": -8000000.0,
        "Special Income Charges": NaN,
        "Gain On Sale Of Ppe": NaN,
        "Earnings From Equity Interest": NaN,
        "Net Non Operating Interest Income Expense": NaN,
        "Total Other Finance Cost": NaN,
        "Operating Income": NaN,
        "Operating Expense": NaN,
        "Other Operating Expenses": -1000000.0,
        "Other Taxes": NaN,
        "Selling General And Administration": NaN,
        "General And Administrative Expense": NaN,
        "Other Gand A": NaN,
        "Gross Profit": NaN,
        "Cost Of Revenue": NaN,
        "Total Revenue": NaN,
        "Operating Revenue": NaN
    },
    "2022-09-30": {
        "Tax Effect Of Unusual Items": 1654320.987654,
        "Tax Rate For Calcs": 0.183813,
        "Normalized EBITDA": 913000000.0,
        "Total Unusual Items": 9000000.0,
        "Total Unusual Items Excluding Goodwill": 9000000.0,
        "Net Income From Continuing Operation Net Minority Interest": 576000000.0,
        "Reconciled Depreciation": 551000000.0,
        "Reconciled Cost Of Revenue": 3268000000.0,
        "EBITDA": 922000000.0,
        "EBIT": 922000000.0,
        "Net Interest Income": -399000000.0,
        "Normalized Income": 568654320.987654,
        "Net Income From Continuing And Discontinued Operation": 576000000.0,
        "Total Expenses": 4255000000.0,
        "Total Operating Income As Reported": 931000000.0,
        "Diluted Average Shares": 2253000000.0,
        "Basic Average Shares": 2253000000.0,
        "Diluted EPS": 0.25,
        "Basic EPS": 0.25,
        "Diluted NI Availto Com Stockholders": 576000000.0,
        "Net Income Common Stockholders": 576000000.0,
        "Otherunder Preferred Stock Dividend": 4000000.0,
        "Net Income": 576000000.0,
        "Minority Interests": -19000000.0,
        "Net Income Including Noncontrolling Interests": 595000000.0,
        "Net Income Continuous Operations": 595000000.0,
        "Tax Provision": 134000000.0,
        "Pretax Income": 729000000.0,
        "Other Income Expense": 206000000.0,
        "Other Non Operating Income Expenses": 21000000.0,
        "Special Income Charges": 9000000.0,
        "Gain On Sale Of Ppe": 9000000.0,
        "Impairment Of Capital Assets": NaN,
        "Earnings From Equity Interest": 176000000.0,
        "Net Non Operating Interest Income Expense": -399000000.0,
        "Total Other Finance Cost": 399000000.0,
        "Operating Income": 922000000.0,
        "Operating Expense": 987000000.0,
        "Other Operating Expenses": NaN,
        "Other Taxes": 113000000.0,
        "Selling General And Administration": 162000000.0,
        "General And Administrative Expense": 162000000.0,
        "Other Gand A": 162000000.0,
        "Gross Profit": 1909000000.0,
        "Cost Of Revenue": 3268000000.0,
        "Total Revenue": 5177000000.0,
        "Operating Revenue": 5177000000.0
    },
    "2022-06-30": {
        "Tax Effect Of Unusual Items": 2418160.095579,
        "Tax Rate For Calcs": 0.219833,
        "Normalized EBITDA": 984000000.0,
        "Total Unusual Items": 11000000.0,
        "Total Unusual Items Excluding Goodwill": 11000000.0,
        "Net Income From Continuing Operation Net Minority Interest": 635000000.0,
        "Reconciled Depreciation": 543000000.0,
        "Reconciled Cost Of Revenue": 3226000000.0,
        "EBITDA": 995000000.0,
        "EBIT": 995000000.0,
        "Net Interest Income": -355000000.0,
        "Normalized Income": 626418160.095579,
        "Net Income From Continuing And Discontinued Operation": 635000000.0,
        "Total Expenses": 4156000000.0,
        "Total Operating Income As Reported": 1006000000.0,
        "Diluted Average Shares": 2265000000.0,
        "Basic Average Shares": 2265000000.0,
        "Diluted EPS": 0.28,
        "Basic EPS": 0.28,
        "Diluted NI Availto Com Stockholders": 635000000.0,
        "Net Income Common Stockholders": 635000000.0,
        "Otherunder Preferred Stock Dividend": NaN,
        "Net Income": 635000000.0,
        "Minority Interests": -18000000.0,
        "Net Income Including Noncontrolling Interests": 653000000.0,
        "Net Income Continuous Operations": 653000000.0,
        "Tax Provision": 184000000.0,
        "Pretax Income": 837000000.0,
        "Other Income Expense": 197000000.0,
        "Other Non Operating Income Expenses": 23000000.0,
        "Special Income Charges": 11000000.0,
        "Gain On Sale Of Ppe": 11000000.0,
        "Impairment Of Capital Assets": NaN,
        "Earnings From Equity Interest": 163000000.0,
        "Net Non Operating Interest Income Expense": -355000000.0,
        "Total Other Finance Cost": 355000000.0,
        "Operating Income": 995000000.0,
        "Operating Expense": 930000000.0,
        "Other Operating Expenses": -1000000.0,
        "Other Taxes": 116000000.0,
        "Selling General And Administration": 152000000.0,
        "General And Administrative Expense": 152000000.0,
        "Other Gand A": 152000000.0,
        "Gross Profit": 1925000000.0,
        "Cost Of Revenue": 3226000000.0,
        "Total Revenue": 5151000000.0,
        "Operating Revenue": 5151000000.0
    },
    "2022-03-31": {
        "Diluted EPS": 0.29,
        "Total Revenue": NaN,
        "Gross Profit": NaN,
        "Operating Income": NaN,
        "EBIT": NaN,
        "Net Income": 667
    },
    "2021-12-31": {
        "Diluted EPS": 0.28,
        "Total Revenue": NaN,
        "Gross Profit": NaN,
        "Operating Income": 950,
        "EBIT": NaN,
        "Net Income": 637
    },
    "2021-09-30": {
        "Diluted EPS": 0.22,
        "Total Revenue": NaN,
        "Gross Profit": NaN,
        "Operating Income": 844,
        "EBIT": NaN,
        "Net Income": 495
    },
    "2021-06-30": {
        "Diluted EPS": -0.34,
        "Total Revenue": NaN,
        "Gross Profit": NaN,
        "Operating Income": -764,
        "EBIT": -223,
        "Net Income": -757
    },
    "2021-03-31": {
        "Diluted EPS": 0.62,
        "Total Revenue": NaN,
        "Gross Profit": NaN,
        "Operating Income": NaN,
        "EBIT": NaN,
        "Net Income": NaN
    },
    "2020-12-31": {
        "Diluted EPS": 0.27,
        "Total Revenue": NaN,
        "Gross Profit": NaN,
        "Operating Income": 980,
        "EBIT": NaN,
        "Net Income": 616
    },
    "2020-09-30": {
        "Diluted EPS": 0.2,
        "Total Revenue": NaN,
        "Gross Profit": NaN,
        "Operating Income": 819,
        "EBIT": NaN,
        "Net Income": 452
    },
    "2020-06-30": {
        "Diluted EPS": -0.28,
        "Total Revenue": NaN,
        "Gross Profit": NaN,
        "Operating Income": -282,
        "EBIT": 285,
        "Net Income": -640
    },
    "2020-03-31": {
        "Diluted EPS": -0.14,
        "Total Revenue": NaN,
        "Gross Profit": NaN,
        "Operating Income": 43,
        "EBIT": 640,
        "Net Income": -309
    },
    "2019-12-31": {
        "Diluted EPS": 0.27,
        "Total Revenue": NaN,
        "Gross Profit": NaN,
        "Operating Income": NaN,
        "EBIT": NaN,
        "Net Income": 616
    },
    "2019-09-30": {
        "Diluted EPS": 0.22,
        "Total Revenue": NaN,
        "Gross Profit": NaN,
        "Operating Income": 951,
        "EBIT": NaN,
        "Net Income": 506
    },
    "2019-06-30": {
        "Diluted EPS": 0.23,
        "Total Revenue": NaN,
        "Gross Profit": NaN,
        "Operating Income": 973,
        "EBIT": NaN,
        "Net Income": 515
    },
    "2019-03-31": {
        "Diluted EPS": 0.24,
        "Total Revenue": NaN,
        "Gross Profit": NaN,
        "Operating Income": NaN,
        "EBIT": NaN,
        "Net Income": 553
    },
    "2018-12-31": {
        "Diluted EPS": 0.21,
        "Total Revenue": NaN,
        "Gross Profit": NaN,
        "Operating Income": NaN,
        "EBIT": NaN,
        "Net Income": 483
    },
    "2018-09-30": {
        "Diluted EPS": 0.31,
        "Total Revenue": NaN,
        "Gross Profit": NaN,
        "Operating Income": NaN,
        "EBIT": NaN,
        "Net Income": 693
    },
    "2018-06-30": {
        "Diluted EPS": -0.08,
        "Total Revenue": NaN,
        "Gross Profit": NaN,
        "Operating Income": 272,
        "EBIT": 867,
        "Net Income": -180
    },
    "2018-03-31": {
        "Diluted EPS": 0.22,
        "Total Revenue": NaN,
        "Gross Profit": NaN,
        "Operating Income": 949,
        "EBIT": NaN,
        "Net Income": 485
    },
    "2017-12-31": {
        "Diluted EPS": -0.47,
        "Total Revenue": NaN,
        "Gross Profit": NaN,
        "Operating Income": 808,
        "EBIT": NaN,
        "Net Income": NaN
    },
    "2017-09-30": {
        "Diluted EPS": 0.15,
        "Total Revenue": NaN,
        "Gross Profit": NaN,
        "Operating Income": 826,
        "EBIT": NaN,
        "Net Income": 334
    },
    "2017-06-30": {
        "Diluted EPS": 0.15,
        "Total Revenue": NaN,
        "Gross Profit": NaN,
        "Operating Income": 918,
        "EBIT": NaN,
        "Net Income": 337
    },
    "2017-03-31": {
        "Diluted EPS": 0.18,
        "Total Revenue": NaN,
        "Gross Profit": NaN,
        "Operating Income": 977,
        "EBIT": NaN,
        "Net Income": 401
    },
    "2016-12-31": {
        "Diluted EPS": 0.08,
        "Total Revenue": NaN,
        "Gross Profit": NaN,
        "Operating Income": 900,
        "EBIT": NaN,
        "Net Income": 170
    },
    "2016-09-30": {
        "Diluted EPS": -0.1,
        "Total Revenue": NaN,
        "Gross Profit": NaN,
        "Operating Income": 882,
        "EBIT": NaN,
        "Net Income": -227
    },
    "2016-06-30": {
        "Diluted EPS": 0.15,
        "Total Revenue": NaN,
        "Gross Profit": NaN,
        "Operating Income": 940,
        "EBIT": NaN,
        "Net Income": 333
    },
    "2016-03-31": {
        "Diluted EPS": 0.12,
        "Total Revenue": NaN,
        "Gross Profit": NaN,
        "Operating Income": 816,
        "EBIT": NaN,
        "Net Income": 276
    },
    "2015-12-31": {
        "Diluted EPS": -0.33,
        "Total Revenue": NaN,
        "Gross Profit": NaN,
        "Operating Income": -244,
        "EBIT": NaN,
        "Net Income": -721
    },
    "2015-09-30": {
        "Diluted EPS": 0.08,
        "Total Revenue": NaN,
        "Gross Profit": NaN,
        "Operating Income": 721,
        "EBIT": NaN,
        "Net Income": 186
    },
    "2015-06-30": {
        "Diluted EPS": 0.15,
        "Total Revenue": NaN,
        "Gross Profit": NaN,
        "Operating Income": 892,
        "EBIT": NaN,
        "Net Income": 333
    },
    "2015-03-31": {
        "Diluted EPS": 0.2,
        "Total Revenue": NaN,
        "Gross Profit": NaN,
        "Operating Income": NaN,
        "EBIT": NaN,
        "Net Income": 429
    },
    "2014-12-31": {
        "Diluted EPS": 0.02,
        "Total Revenue": NaN,
        "Gross Profit": NaN,
        "Operating Income": 956,
        "EBIT": NaN,
        "Net Income": 126
    },
    "2014-09-30": {
        "Diluted EPS": 0.32,
        "Total Revenue": NaN,
        "Gross Profit": NaN,
        "Operating Income": NaN,
        "EBIT": NaN,
        "Net Income": 329
    },
    "2014-06-30": {
        "Diluted EPS": 0.27,
        "Total Revenue": NaN,
        "Gross Profit": NaN,
        "Operating Income": NaN,
        "EBIT": NaN,
        "Net Income": 284
    },
    "2014-03-31": {
        "Diluted EPS": 0.28,
        "Total Revenue": NaN,
        "Gross Profit": NaN,
        "Operating Income": NaN,
        "EBIT": NaN,
        "Net Income": 287
    },
    "2013-12-31": {
        "Diluted EPS": 0.33,
        "Total Revenue": NaN,
        "Gross Profit": NaN,
        "Operating Income": NaN,
        "EBIT": NaN,
        "Net Income": 338
    },
    "2013-09-30": {
        "Diluted EPS": 0.27,
        "Total Revenue": NaN,
        "Gross Profit": NaN,
        "Operating Income": NaN,
        "EBIT": NaN,
        "Net Income": 286
    },
    "2013-06-30": {
        "Diluted EPS": 0.27,
        "Total Revenue": NaN,
        "Gross Profit": NaN,
        "Operating Income": 772,
        "EBIT": NaN,
        "Net Income": 277
    },
    "2013-03-31": {
        "Diluted EPS": 0.28,
        "Total Revenue": NaN,
        "Gross Profit": NaN,
        "Operating Income": NaN,
        "EBIT": NaN,
        "Net Income": 292
    },
    "2012-12-31": {
        "Diluted EPS": 0.28,
        "Total Revenue": NaN,
        "Gross Profit": NaN,
        "Operating Income": 965,
        "EBIT": NaN,
        "Net Income": 220
    },
    "2012-09-30": {
        "Diluted EPS": 0.14,
        "Total Revenue": NaN,
        "Gross Profit": NaN,
        "Operating Income": 852,
        "EBIT": NaN,
        "Net Income": 200
    },
    "2012-06-30": {
        "Diluted EPS": -0.09,
        "Total Revenue": NaN,
        "Gross Profit": NaN,
        "Operating Income": 260,
        "EBIT": 595,
        "Net Income": -126
    },
    "2012-03-31": {
        "Diluted EPS": 0.02,
        "Total Revenue": NaN,
        "Gross Profit": NaN,
        "Operating Income": 516,
        "EBIT": 799,
        "Net Income": 21
    },
    "2011-12-31": {
        "Diluted EPS": 0.12,
        "Total Revenue": NaN,
        "Gross Profit": NaN,
        "Operating Income": 441,
        "EBIT": 728,
        "Net Income": 155
    },
    "2011-09-30": {
        "Diluted EPS": 0.12,
        "Total Revenue": NaN,
        "Gross Profit": NaN,
        "Operating Income": 381,
        "EBIT": 670,
        "Net Income": 152
    },
    "2011-06-30": {
        "Diluted EPS": 0.1,
        "Total Revenue": NaN,
        "Gross Profit": NaN,
        "Operating Income": 236,
        "EBIT": 502,
        "Net Income": 132
    },
    "2011-03-31": {
        "Diluted EPS": 0.12,
        "Total Revenue": NaN,
        "Gross Profit": NaN,
        "Operating Income": 365,
        "EBIT": 622,
        "Net Income": 155
    },
    "2010-12-31": {
        "Diluted EPS": 0.0,
        "Total Revenue": NaN,
        "Gross Profit": 670,
        "Operating Income": 302,
        "EBIT": 569,
        "Net Income": 63
    },
    "2010-09-30": {
        "Diluted EPS": 0.0,
        "Total Revenue": NaN,
        "Gross Profit": NaN,
        "Operating Income": 181,
        "EBIT": 444,
        "Net Income": 11
    },
    "2010-06-30": {
        "Diluted EPS": 0.0,
        "Total Revenue": NaN,
        "Gross Profit": NaN,
        "Operating Income": 405,
        "EBIT": 677,
        "Net Income": 46
    },
    "2010-03-31": {
        "Diluted EPS": 0.0,
        "Total Revenue": NaN,
        "Gross Profit": NaN,
        "Operating Income": 244,
        "EBIT": 528,
        "Net Income": -161
    },
    "2009-12-31": {
        "Diluted EPS": 0.0,
        "Total Revenue": NaN,
        "Gross Profit": NaN,
        "Operating Income": NaN,
        "EBIT": NaN,
        "Net Income": NaN
    },
    "2023-09-30": {
        "Tax Effect Of Unusual Items": NaN,
        "Tax Rate For Calcs": NaN,
        "Normalized EBITDA": NaN,
        "Total Unusual Items": 3000000.0,
        "Total Unusual Items Excluding Goodwill": 3000000.0,
        "Net Income From Continuing Operation Net Minority Interest": NaN,
        "Reconciled Depreciation": NaN,
        "Reconciled Cost Of Revenue": NaN,
        "EBITDA": NaN,
        "EBIT": NaN,
        "Net Interest Income": NaN,
        "Normalized Income": NaN,
        "Net Income From Continuing And Discontinued Operation": NaN,
        "Total Expenses": NaN,
        "Total Operating Income As Reported": NaN,
        "Diluted Average Shares": NaN,
        "Basic Average Shares": NaN,
        "Diluted EPS": NaN,
        "Basic EPS": NaN,
        "Diluted NI Availto Com Stockholders": NaN,
        "Net Income Common Stockholders": NaN,
        "Otherunder Preferred Stock Dividend": NaN,
        "Net Income": NaN,
        "Minority Interests": NaN,
        "Net Income Including Noncontrolling Interests": NaN,
        "Net Income Continuous Operations": NaN,
        "Tax Provision": NaN,
        "Pretax Income": NaN,
        "Other Income Expense": NaN,
        "Other Non Operating Income Expenses": NaN,
        "Special Income Charges": 3000000.0,
        "Gain On Sale Of Ppe": 3000000.0,
        "Gain On Sale Of Business": 3000000.0,
        "Earnings From Equity Interest": NaN,
        "Net Non Operating Interest Income Expense": NaN,
        "Total Other Finance Cost": NaN,
        "Operating Income": NaN,
        "Operating Expense": NaN,
        "Other Operating Expenses": NaN,
        "Other Taxes": NaN,
        "Selling General And Administration": NaN,
        "General And Administrative Expense": NaN,
        "Other Gand A": NaN,
        "Gross Profit": NaN,
        "Cost Of Revenue": NaN,
        "Total Revenue": NaN,
        "Operating Revenue": NaN
    },
    "2023-12-31": {
        "Tax Effect Of Unusual Items": NaN,
        "Tax Rate For Calcs": NaN,
        "Normalized EBITDA": NaN,
        "Total Unusual Items": -1000000.0,
        "Total Unusual Items Excluding Goodwill": -1000000.0,
        "Net Income From Continuing Operation Net Minority Interest": NaN,
        "Reconciled Depreciation": NaN,
        "Reconciled Cost Of Revenue": NaN,
        "EBITDA": NaN,
        "EBIT": NaN,
        "Net Interest Income": NaN,
        "Normalized Income": NaN,
        "Net Income From Continuing And Discontinued Operation": NaN,
        "Total Expenses": NaN,
        "Total Operating Income As Reported": NaN,
        "Diluted Average Shares": NaN,
        "Basic Average Shares": NaN,
        "Diluted EPS": NaN,
        "Basic EPS": NaN,
        "Diluted NI Availto Com Stockholders": NaN,
        "Net Income Common Stockholders": NaN,
        "Otherunder Preferred Stock Dividend": NaN,
        "Net Income": NaN,
        "Minority Interests": NaN,
        "Net Income Including Noncontrolling Interests": NaN,
        "Net Income Continuous Operations": NaN,
        "Tax Provision": NaN,
        "Pretax Income": NaN,
        "Other Income Expense": NaN,
        "Other Non Operating Income Expenses": NaN,
        "Special Income Charges": -1000000.0,
        "Gain On Sale Of Ppe": -1000000.0,
        "Gain On Sale Of Business": -1000000.0,
        "Earnings From Equity Interest": NaN,
        "Net Non Operating Interest Income Expense": NaN,
        "Total Other Finance Cost": NaN,
        "Operating Income": NaN,
        "Operating Expense": NaN,
        "Other Operating Expenses": 4000000.0,
        "Other Taxes": NaN,
        "Selling General And Administration": NaN,
        "General And Administrative Expense": NaN,
        "Other Gand A": NaN,
        "Gross Profit": NaN,
        "Cost Of Revenue": NaN,
        "Total Revenue": NaN,
        "Operating Revenue": NaN
    },
    "2024-03-31": {
        "Tax Effect Of Unusual Items": NaN,
        "Tax Rate For Calcs": NaN,
        "Normalized EBITDA": NaN,
        "Total Unusual Items": 32000000.0,
        "Total Unusual Items Excluding Goodwill": 32000000.0,
        "Net Income From Continuing Operation Net Minority Interest": NaN,
        "Reconciled Depreciation": NaN,
        "Reconciled Cost Of Revenue": NaN,
        "EBITDA": NaN,
        "EBIT": NaN,
        "Net Interest Income": NaN,
        "Normalized Income": NaN,
        "Net Income From Continuing And Discontinued Operation": NaN,
        "Total Expenses": NaN,
        "Total Operating Income As Reported": NaN,
        "Diluted Average Shares": NaN,
        "Basic Average Shares": NaN,
        "Diluted EPS": NaN,
        "Basic EPS": NaN,
        "Diluted NI Availto Com Stockholders": NaN,
        "Net Income Common Stockholders": NaN,
        "Otherunder Preferred Stock Dividend": NaN,
        "Net Income": NaN,
        "Minority Interests": NaN,
        "Net Income Including Noncontrolling Interests": NaN,
        "Net Income Continuous Operations": NaN,
        "Tax Provision": NaN,
        "Pretax Income": NaN,
        "Other Income Expense": NaN,
        "Other Non Operating Income Expenses": NaN,
        "Special Income Charges": 32000000.0,
        "Gain On Sale Of Ppe": 32000000.0,
        "Gain On Sale Of Business": 32000000.0,
        "Earnings From Equity Interest": NaN,
        "Net Non Operating Interest Income Expense": NaN,
        "Total Other Finance Cost": NaN,
        "Operating Income": NaN,
        "Operating Expense": NaN,
        "Other Operating Expenses": -41000000.0,
        "Other Taxes": NaN,
        "Selling General And Administration": NaN,
        "General And Administrative Expense": NaN,
        "Other Gand A": NaN,
        "Gross Profit": NaN,
        "Cost Of Revenue": NaN,
        "Total Revenue": NaN,
        "Operating Revenue": NaN
    },
    "2024-06-30": {
        "Tax Effect Of Unusual Items": NaN,
        "Tax Rate For Calcs": NaN,
        "Normalized EBITDA": NaN,
        "Total Unusual Items": 45000000.0,
        "Total Unusual Items Excluding Goodwill": 45000000.0,
        "Net Income From Continuing Operation Net Minority Interest": NaN,
        "Reconciled Depreciation": NaN,
        "Reconciled Cost Of Revenue": NaN,
        "EBITDA": NaN,
        "EBIT": NaN,
        "Net Interest Income": NaN,
        "Normalized Income": NaN,
        "Net Income From Continuing And Discontinued Operation": NaN,
        "Total Expenses": NaN,
        "Total Operating Income As Reported": NaN,
        "Diluted Average Shares": NaN,
        "Basic Average Shares": NaN,
        "Diluted EPS": NaN,
        "Basic EPS": NaN,
        "Diluted NI Availto Com Stockholders": NaN,
        "Net Income Common Stockholders": NaN,
        "Otherunder Preferred Stock Dividend": NaN,
        "Net Income": NaN,
        "Minority Interests": NaN,
        "Net Income Including Noncontrolling Interests": NaN,
        "Net Income Continuous Operations": NaN,
        "Tax Provision": NaN,
        "Pretax Income": NaN,
        "Other Income Expense": NaN,
        "Other Non Operating Income Expenses": NaN,
        "Special Income Charges": 45000000.0,
        "Gain On Sale Of Business": 45000000.0,
        "Earnings From Equity Interest": NaN,
        "Net Non Operating Interest Income Expense": NaN,
        "Total Other Finance Cost": NaN,
        "Operating Income": NaN,
        "Operating Expense": NaN,
        "Other Operating Expenses": -1000000.0,
        "Other Taxes": NaN,
        "Selling General And Administration": NaN,
        "General And Administrative Expense": NaN,
        "Other Gand A": NaN,
        "Gross Profit": NaN,
        "Cost Of Revenue": NaN,
        "Total Revenue": NaN,
        "Operating Revenue": NaN
    },
    "2024-09-30": {
        "Tax Effect Of Unusual Items": 0.0,
        "Tax Rate For Calcs": 0.148,
        "Normalized EBITDA": 1602000000.0,
        "Total Unusual Items": -1000000.0,
        "Total Unusual Items Excluding Goodwill": -1000000.0,
        "Net Income From Continuing Operation Net Minority Interest": 625000000.0,
        "Reconciled Depreciation": 587000000.0,
        "Reconciled Cost Of Revenue": 1611000000.0,
        "EBITDA": 1602000000.0,
        "EBIT": 1015000000.0,
        "Net Interest Income": -466000000.0,
        "Normalized Income": 625000000.0,
        "Net Income From Continuing And Discontinued Operation": 625000000.0,
        "Total Expenses": 2684000000.0,
        "Total Operating Income As Reported": 1015000000.0,
        "Diluted Average Shares": 2221000000.0,
        "Basic Average Shares": 2221000000.0,
        "Diluted EPS": 0.28,
        "Basic EPS": 0.28,
        "Diluted NI Availto Com Stockholders": 621000000.0,
        "Net Income Common Stockholders": 621000000.0,
        "Otherunder Preferred Stock Dividend": 4000000.0,
        "Net Income": 625000000.0,
        "Minority Interests": -26000000.0,
        "Net Income Including Noncontrolling Interests": 651000000.0,
        "Net Income Continuous Operations": 651000000.0,
        "Tax Provision": 113000000.0,
        "Pretax Income": 764000000.0,
        "Other Income Expense": 215000000.0,
        "Other Non Operating Income Expenses": 16000000.0,
        "Special Income Charges": -1000000.0,
        "Gain On Sale Of Business": -1000000.0,
        "Earnings From Equity Interest": 199000000.0,
        "Net Non Operating Interest Income Expense": -466000000.0,
        "Total Other Finance Cost": 466000000.0,
        "Operating Income": 1015000000.0,
        "Operating Expense": 1073000000.0,
        "Other Operating Expenses": -1000000.0,
        "Other Taxes": 107000000.0,
        "Selling General And Administration": 176000000.0,
        "General And Administrative Expense": 176000000.0,
        "Other Gand A": 176000000.0,
        "Gross Profit": 2088000000.0,
        "Cost Of Revenue": 1611000000.0,
        "Total Revenue": 3699000000.0,
        "Operating Revenue": 3656000000.0
    },
    "2024-12-31": {
        "Tax Effect Of Unusual Items": 0.0,
        "Tax Rate For Calcs": 0.2211,
        "Normalized EBITDA": 1780000000.0,
        "Total Unusual Items": NaN,
        "Total Unusual Items Excluding Goodwill": NaN,
        "Net Income From Continuing Operation Net Minority Interest": 667000000.0,
        "Reconciled Depreciation": 596000000.0,
        "Reconciled Cost Of Revenue": 1835000000.0,
        "EBITDA": 1780000000.0,
        "EBIT": 1184000000.0,
        "Net Interest Income": -442000000.0,
        "Normalized Income": 667000000.0,
        "Net Income From Continuing And Discontinued Operation": 667000000.0,
        "Total Expenses": 2803000000.0,
        "Total Operating Income As Reported": 1108000000.0,
        "Diluted Average Shares": 2222000000.0,
        "Basic Average Shares": 2222000000.0,
        "Diluted EPS": 0.3,
        "Basic EPS": 0.3,
        "Diluted NI Availto Com Stockholders": 663000000.0,
        "Net Income Common Stockholders": 663000000.0,
        "Otherunder Preferred Stock Dividend": 4000000.0,
        "Net Income": 667000000.0,
        "Minority Interests": -27000000.0,
        "Net Income Including Noncontrolling Interests": 694000000.0,
        "Net Income Continuous Operations": 694000000.0,
        "Tax Provision": 197000000.0,
        "Pretax Income": 891000000.0,
        "Other Income Expense": 149000000.0,
        "Other Non Operating Income Expenses": 10000000.0,
        "Special Income Charges": NaN,
        "Gain On Sale Of Business": NaN,
        "Earnings From Equity Interest": 215000000.0,
        "Net Non Operating Interest Income Expense": -442000000.0,
        "Total Other Finance Cost": 442000000.0,
        "Operating Income": 1184000000.0,
        "Operating Expense": 968000000.0,
        "Other Operating Expenses": -81000000.0,
        "Other Taxes": 106000000.0,
        "Selling General And Administration": 182000000.0,
        "General And Administrative Expense": 182000000.0,
        "Other Gand A": 182000000.0,
        "Gross Profit": 2152000000.0,
        "Cost Of Revenue": 1835000000.0,
        "Total Revenue": 3987000000.0,
        "Operating Revenue": 3941000000.0
    },
    "2025-03-31": {
        "Tax Effect Of Unusual Items": 0.0,
        "Tax Rate For Calcs": 0.2,
        "Normalized EBITDA": 1755000000.0,
        "Total Unusual Items": NaN,
        "Total Unusual Items Excluding Goodwill": NaN,
        "Net Income From Continuing Operation Net Minority Interest": 717000000.0,
        "Reconciled Depreciation": 610000000.0,
        "Reconciled Cost Of Revenue": 2086000000.0,
        "EBITDA": 1755000000.0,
        "EBIT": 1145000000.0,
        "Net Interest Income": -451000000.0,
        "Normalized Income": 717000000.0,
        "Net Income From Continuing And Discontinued Operation": 717000000.0,
        "Total Expenses": 3096000000.0,
        "Total Operating Income As Reported": 1145000000.0,
        "Diluted Average Shares": 2222000000.0,
        "Basic Average Shares": 2222000000.0,
        "Diluted EPS": 0.32,
        "Basic EPS": 0.32,
        "Diluted NI Availto Com Stockholders": 713000000.0,
        "Net Income Common Stockholders": 713000000.0,
        "Otherunder Preferred Stock Dividend": 4000000.0,
        "Net Income": 717000000.0,
        "Minority Interests": -26000000.0,
        "Net Income Including Noncontrolling Interests": 743000000.0,
        "Net Income Continuous Operations": 743000000.0,
        "Tax Provision": 186000000.0,
        "Pretax Income": 929000000.0,
        "Other Income Expense": 235000000.0,
        "Other Non Operating Income Expenses": 15000000.0,
        "Special Income Charges": NaN,
        "Gain On Sale Of Business": NaN,
        "Earnings From Equity Interest": 220000000.0,
        "Net Non Operating Interest Income Expense": -451000000.0,
        "Total Other Finance Cost": 451000000.0,
        "Operating Income": 1145000000.0,
        "Operating Expense": 1010000000.0,
        "Other Operating Expenses": NaN,
        "Other Taxes": 112000000.0,
        "Selling General And Administration": 187000000.0,
        "General And Administrative Expense": 187000000.0,
        "Other Gand A": 187000000.0,
        "Gross Profit": 2155000000.0,
        "Cost Of Revenue": 2086000000.0,
        "Total Revenue": 4241000000.0,
        "Operating Revenue": 4196000000.0
    },
    "2025-06-30": {
        "Tax Effect Of Unusual Items": 0.0,
        "Tax Rate For Calcs": 0.193,
        "Normalized EBITDA": 1759000000.0,
        "Total Unusual Items": NaN,
        "Total Unusual Items Excluding Goodwill": NaN,
        "Net Income From Continuing Operation Net Minority Interest": 715000000.0,
        "Reconciled Depreciation": 616000000.0,
        "Reconciled Cost Of Revenue": 1827000000.0,
        "EBITDA": 1759000000.0,
        "EBIT": 1143000000.0,
        "Net Interest Income": -452000000.0,
        "Normalized Income": 715000000.0,
        "Net Income From Continuing And Discontinued Operation": 715000000.0,
        "Total Expenses": 2899000000.0,
        "Total Operating Income As Reported": 1152000000.0,
        "Diluted Average Shares": 2222000000.0,
        "Basic Average Shares": 2222000000.0,
        "Diluted EPS": 0.32,
        "Basic EPS": 0.32,
        "Diluted NI Availto Com Stockholders": 711000000.0,
        "Net Income Common Stockholders": 711000000.0,
        "Otherunder Preferred Stock Dividend": 4000000.0,
        "Net Income": 715000000.0,
        "Minority Interests": -27000000.0,
        "Net Income Including Noncontrolling Interests": 742000000.0,
        "Net Income Continuous Operations": 742000000.0,
        "Tax Provision": 177000000.0,
        "Pretax Income": 919000000.0,
        "Other Income Expense": 228000000.0,
        "Other Non Operating Income Expenses": 22000000.0,
        "Special Income Charges": NaN,
        "Gain On Sale Of Business": NaN,
        "Earnings From Equity Interest": 206000000.0,
        "Net Non Operating Interest Income Expense": -452000000.0,
        "Total Other Finance Cost": 452000000.0,
        "Operating Income": 1143000000.0,
        "Operating Expense": 1072000000.0,
        "Other Operating Expenses": NaN,
        "Other Taxes": 111000000.0,
        "Selling General And Administration": 188000000.0,
        "General And Administrative Expense": 188000000.0,
        "Other Gand A": 188000000.0,
        "Gross Profit": 2215000000.0,
        "Cost Of Revenue": 1827000000.0,
        "Total Revenue": 4042000000.0,
        "Operating Revenue": 3994000000.0
    },
    "2025-09-30": {
        "Tax Effect Of Unusual Items": 0.0,
        "Tax Rate For Calcs": 0.22,
        "Normalized EBITDA": 1672000000.0,
        "Total Unusual Items": NaN,
        "Total Unusual Items Excluding Goodwill": NaN,
        "Net Income From Continuing Operation Net Minority Interest": 628000000.0,
        "Reconciled Depreciation": 609000000.0,
        "Reconciled Cost Of Revenue": 2004000000.0,
        "EBITDA": 1672000000.0,
        "EBIT": 1063000000.0,
        "Net Interest Income": -456000000.0,
        "Normalized Income": 628000000.0,
        "Net Income From Continuing And Discontinued Operation": 628000000.0,
        "Total Expenses": 3083000000.0,
        "Total Operating Income As Reported": 1063000000.0,
        "Diluted Average Shares": 2224000000.0,
        "Basic Average Shares": 2224000000.0,
        "Diluted EPS": 0.28,
        "Basic EPS": 0.28,
        "Diluted NI Availto Com Stockholders": 624000000.0,
        "Net Income Common Stockholders": 624000000.0,
        "Otherunder Preferred Stock Dividend": 4000000.0,
        "Net Income": 628000000.0,
        "Minority Interests": -26000000.0,
        "Net Income Including Noncontrolling Interests": 654000000.0,
        "Net Income Continuous Operations": 654000000.0,
        "Tax Provision": 185000000.0,
        "Pretax Income": 839000000.0,
        "Other Income Expense": 232000000.0,
        "Other Non Operating Income Expenses": 11000000.0,
        "Special Income Charges": NaN,
        "Gain On Sale Of Business": NaN,
        "Earnings From Equity Interest": 221000000.0,
        "Net Non Operating Interest Income Expense": -456000000.0,
        "Total Other Finance Cost": 456000000.0,
        "Operating Income": 1063000000.0,
        "Operating Expense": 1079000000.0,
        "Other Operating Expenses": -1000000.0,
        "Other Taxes": 111000000.0,
        "Selling General And Administration": 183000000.0,
        "General And Administrative Expense": 183000000.0,
        "Other Gand A": 183000000.0,
        "Gross Profit": 2142000000.0,
        "Cost Of Revenue": 2004000000.0,
        "Total Revenue": 4146000000.0,
        "Operating Revenue": 4098000000.0
    }
}