{
    "2025-01-31": {
        "Tax Effect Of Unusual Items": 0.0,
        "Tax Rate For Calcs": 0.21,
        "Normalized EBITDA": -18070000.0,
        "Net Income From Continuing Operation Net Minority Interest": -21509000.0,
        "Reconciled Depreciation": 1888000.0,
        "Reconciled Cost Of Revenue": 8543000.0,
        "EBITDA": -18070000.0,
        "EBIT": -19958000.0,
        "Net Interest Income": -1155000.0,
        "Interest Expense": 1783000.0,
        "Interest Income": 628000.0,
        "Normalized Income": -21509000.0,
        "Net Income From Continuing And Discontinued Operation": -21509000.0,
        "Total Expenses": 35691000.0,
        "Total Operating Income As Reported": -20601000.0,
        "Diluted Average Shares": 49533819.0,
        "Basic Average Shares": 49533819.0,
        "Diluted EPS": -0.501334,
        "Basic EPS": -0.501334,
        "Diluted NI Availto Com Stockholders": -24833000.0,
        "Net Income Common Stockholders": -24833000.0,
        "Preferred Stock Dividends": 3324000.0,
        "Net Income": -21509000.0,
        "Minority Interests": 250000.0,
        "Net Income Including Noncontrolling Interests": -21759000.0,
        "Net Income Continuous Operations": -21759000.0,
        "Tax Provision": 18000.0,
        "Pretax Income": -21741000.0,
        "Other Income Expense": 15000.0,
        "Other Non Operating Income Expenses": 15000.0,
        "Net Non Operating Interest Income Expense": -1155000.0,
        "Interest Expense Non Operating": 1783000.0,
        "Interest Income Non Operating": 628000.0,
        "Operating Income": -20601000.0,
        "Operating Expense": 27148000.0,
        "Research And Development": 3353000.0,
        "Selling General And Administration": 23795000.0,
        "Gross Profit": 6547000.0,
        "Cost Of Revenue": 8543000.0,
        "Total Revenue": 15090000.0,
        "Operating Revenue": 15090000.0
    },
    "2024-04-30": {
        "Tax Effect Of Unusual Items": NaN,
        "Tax Rate For Calcs": NaN,
        "Normalized EBITDA": NaN,
        "Net Income From Continuing Operation Net Minority Interest": NaN,
        "Reconciled Depreciation": NaN,
        "Reconciled Cost Of Revenue": NaN,
        "EBITDA": NaN,
        "EBIT": NaN,
        "Net Interest Income": NaN,
        "Interest Expense": NaN,
        "Interest Income": NaN,
        "Normalized Income": NaN,
        "Net Income From Continuing And Discontinued Operation": NaN,
        "Total Expenses": NaN,
        "Total Operating Income As Reported": NaN,
        "Diluted Average Shares": NaN,
        "Basic Average Shares": NaN,
        "Diluted EPS": NaN,
        "Basic EPS": NaN,
        "Diluted NI Availto Com Stockholders": NaN,
        "Net Income Common Stockholders": NaN,
        "Preferred Stock Dividends": 1994000.0,
        "Net Income": NaN,
        "Minority Interests": NaN,
        "Net Income Including Noncontrolling Interests": NaN,
        "Net Income Continuous Operations": NaN,
        "Tax Provision": NaN,
        "Pretax Income": NaN,
        "Other Income Expense": NaN,
        "Other Non Operating Income Expenses": NaN,
        "Net Non Operating Interest Income Expense": NaN,
        "Interest Expense Non Operating": NaN,
        "Interest Income Non Operating": NaN,
        "Operating Income": NaN,
        "Operating Expense": NaN,
        "Research And Development": NaN,
        "Selling General And Administration": NaN,
        "Gross Profit": NaN,
        "Cost Of Revenue": NaN,
        "Total Revenue": NaN,
        "Operating Revenue": NaN
    },
    "2024-01-31": {
        "Tax Effect Of Unusual Items": NaN,
        "Tax Rate For Calcs": NaN,
        "Normalized EBITDA": NaN,
        "Net Income From Continuing Operation Net Minority Interest": NaN,
        "Reconciled Depreciation": NaN,
        "Reconciled Cost Of Revenue": NaN,
        "EBITDA": NaN,
        "EBIT": NaN,
        "Net Interest Income": NaN,
        "Interest Expense": NaN,
        "Interest Income": 0.0,
        "Normalized Income": NaN,
        "Net Income From Continuing And Discontinued Operation": NaN,
        "Total Expenses": NaN,
        "Total Operating Income As Reported": NaN,
        "Diluted Average Shares": 49533819.0,
        "Basic Average Shares": 49533819.0,
        "Diluted EPS": -0.47303,
        "Basic EPS": -0.47303,
        "Diluted NI Availto Com Stockholders": NaN,
        "Net Income Common Stockholders": NaN,
        "Preferred Stock Dividends": NaN,
        "Net Income": NaN,
        "Minority Interests": 0.0,
        "Net Income Including Noncontrolling Interests": NaN,
        "Net Income Continuous Operations": NaN,
        "Tax Provision": NaN,
        "Pretax Income": NaN,
        "Other Income Expense": NaN,
        "Other Non Operating Income Expenses": NaN,
        "Net Non Operating Interest Income Expense": NaN,
        "Interest Expense Non Operating": NaN,
        "Interest Income Non Operating": 0.0,
        "Operating Income": NaN,
        "Operating Expense": NaN,
        "Research And Development": NaN,
        "Selling General And Administration": NaN,
        "Gross Profit": NaN,
        "Cost Of Revenue": NaN,
        "Total Revenue": NaN,
        "Operating Revenue": NaN
    },
    "2025-04-30": {
        "Tax Effect Of Unusual Items": 0.0,
        "Tax Rate For Calcs": 0.21,
        "Normalized EBITDA": -47413000.0,
        "Net Income From Continuing Operation Net Minority Interest": -52053000.0,
        "Reconciled Depreciation": 1836000.0,
        "Reconciled Cost Of Revenue": 9600000.0,
        "EBITDA": -47413000.0,
        "EBIT": -49249000.0,
        "Net Interest Income": -104000.0,
        "Interest Expense": 1760000.0,
        "Interest Income": 1656000.0,
        "Normalized Income": -52053000.0,
        "Net Income From Continuing And Discontinued Operation": -52053000.0,
        "Total Expenses": 65445000.0,
        "Total Operating Income As Reported": -48212000.0,
        "Diluted Average Shares": 24583745.0,
        "Basic Average Shares": 24583745.0,
        "Diluted EPS": -2.21,
        "Basic EPS": -2.21,
        "Diluted NI Availto Com Stockholders": -55344000.0,
        "Net Income Common Stockholders": -55344000.0,
        "Preferred Stock Dividends": 3291000.0,
        "Net Income": -52053000.0,
        "Minority Interests": NaN,
        "Net Income Including Noncontrolling Interests": -51111000.0,
        "Net Income Continuous Operations": -51111000.0,
        "Tax Provision": 102000.0,
        "Pretax Income": -51009000.0,
        "Other Income Expense": -2693000.0,
        "Other Non Operating Income Expenses": -45000.0,
        "Net Non Operating Interest Income Expense": -104000.0,
        "Interest Expense Non Operating": 1760000.0,
        "Interest Income Non Operating": 1656000.0,
        "Operating Income": -48212000.0,
        "Operating Expense": 55845000.0,
        "Research And Development": 5386000.0,
        "Selling General And Administration": 50459000.0,
        "Gross Profit": 7633000.0,
        "Cost Of Revenue": 9600000.0,
        "Total Revenue": 17233000.0,
        "Operating Revenue": 17233000.0
    },
    "2025-07-31": {
        "Tax Effect Of Unusual Items": 0.0,
        "Tax Rate For Calcs": 0.21,
        "Normalized EBITDA": -21853000.0,
        "Net Income From Continuing Operation Net Minority Interest": -25826000.0,
        "Reconciled Depreciation": 2028000.0,
        "Reconciled Cost Of Revenue": 10520000.0,
        "EBITDA": -21853000.0,
        "EBIT": -23881000.0,
        "Net Interest Income": 255000.0,
        "Interest Expense": 1912000.0,
        "Interest Income": 2167000.0,
        "Normalized Income": -25826000.0,
        "Net Income From Continuing And Discontinued Operation": -25826000.0,
        "Total Expenses": 48249000.0,
        "Total Operating Income As Reported": -28878000.0,
        "Diluted Average Shares": 51304599.0,
        "Basic Average Shares": 51304599.0,
        "Diluted EPS": -0.5,
        "Basic EPS": -0.5,
        "Diluted NI Availto Com Stockholders": -25826000.0,
        "Net Income Common Stockholders": -25826000.0,
        "Preferred Stock Dividends": NaN,
        "Net Income": -25826000.0,
        "Minority Interests": 0.0,
        "Net Income Including Noncontrolling Interests": -25826000.0,
        "Net Income Continuous Operations": -25826000.0,
        "Tax Provision": 33000.0,
        "Pretax Income": -25793000.0,
        "Other Income Expense": 2830000.0,
        "Other Non Operating Income Expenses": 2830000.0,
        "Net Non Operating Interest Income Expense": 255000.0,
        "Interest Expense Non Operating": 1912000.0,
        "Interest Income Non Operating": 2167000.0,
        "Operating Income": -28878000.0,
        "Operating Expense": 37729000.0,
        "Research And Development": 4001000.0,
        "Selling General And Administration": 33728000.0,
        "Gross Profit": 8851000.0,
        "Cost Of Revenue": 10520000.0,
        "Total Revenue": 19371000.0,
        "Operating Revenue": 19371000.0
    },
    "2024-10-31": {
        "Tax Effect Of Unusual Items": 0.0,
        "Tax Rate For Calcs": 0.21,
        "Normalized EBITDA": -16427000.0,
        "Net Income From Continuing Operation Net Minority Interest": -20368000.0,
        "Reconciled Depreciation": 1869000.0,
        "Reconciled Cost Of Revenue": 8880000.0,
        "EBITDA": -16427000.0,
        "EBIT": -18296000.0,
        "Net Interest Income": -1439000.0,
        "Interest Expense": 2317000.0,
        "Interest Income": 878000.0,
        "Normalized Income": -20368000.0,
        "Net Income From Continuing And Discontinued Operation": -20368000.0,
        "Total Expenses": 33844000.0,
        "Total Operating Income As Reported": -19134000.0,
        "Diluted Average Shares": 19885382.0,
        "Basic Average Shares": 19885382.0,
        "Diluted EPS": -1.19,
        "Basic EPS": -1.19,
        "Diluted NI Availto Com Stockholders": -23691000.0,
        "Net Income Common Stockholders": -23691000.0,
        "Preferred Stock Dividends": 3323000.0,
        "Net Income": -20368000.0,
        "Minority Interests": 253000.0,
        "Net Income Including Noncontrolling Interests": -20621000.0,
        "Net Income Continuous Operations": -20621000.0,
        "Tax Provision": 8000.0,
        "Pretax Income": -20613000.0,
        "Other Income Expense": -40000.0,
        "Other Non Operating Income Expenses": -40000.0,
        "Net Non Operating Interest Income Expense": -1439000.0,
        "Interest Expense Non Operating": 2317000.0,
        "Interest Income Non Operating": 878000.0,
        "Operating Income": -19134000.0,
        "Operating Expense": 24964000.0,
        "Research And Development": 3509000.0,
        "Selling General And Administration": 21455000.0,
        "Gross Profit": 5830000.0,
        "Cost Of Revenue": 8880000.0,
        "Total Revenue": 14710000.0,
        "Operating Revenue": 14710000.0
    },
    "2024-07-31": {
        "Tax Effect Of Unusual Items": NaN,
        "Tax Rate For Calcs": NaN,
        "Normalized EBITDA": NaN,
        "Net Income From Continuing Operation Net Minority Interest": NaN,
        "Reconciled Depreciation": NaN,
        "Reconciled Cost Of Revenue": NaN,
        "EBITDA": NaN,
        "EBIT": NaN,
        "Net Interest Income": NaN,
        "Interest Expense": NaN,
        "Interest Income": NaN,
        "Normalized Income": NaN,
        "Net Income From Continuing And Discontinued Operation": NaN,
        "Total Expenses": NaN,
        "Total Operating Income As Reported": NaN,
        "Diluted Average Shares": NaN,
        "Basic Average Shares": NaN,
        "Diluted EPS": NaN,
        "Basic EPS": NaN,
        "Diluted NI Availto Com Stockholders": NaN,
        "Net Income Common Stockholders": NaN,
        "Preferred Stock Dividends": 2383000.0,
        "Net Income": NaN,
        "Minority Interests": 439000.0,
        "Net Income Including Noncontrolling Interests": NaN,
        "Net Income Continuous Operations": NaN,
        "Tax Provision": NaN,
        "Pretax Income": NaN,
        "Other Income Expense": NaN,
        "Other Non Operating Income Expenses": NaN,
        "Net Non Operating Interest Income Expense": NaN,
        "Interest Expense Non Operating": NaN,
        "Interest Income Non Operating": NaN,
        "Operating Income": NaN,
        "Operating Expense": NaN,
        "Research And Development": NaN,
        "Selling General And Administration": NaN,
        "Gross Profit": NaN,
        "Cost Of Revenue": NaN,
        "Total Revenue": NaN,
        "Operating Revenue": NaN
    },
    "2025-10-31": {
        "Tax Effect Of Unusual Items": 0.0,
        "Tax Rate For Calcs": 0.21,
        "Normalized EBITDA": -28477000.0,
        "Net Income From Continuing Operation Net Minority Interest": -32785000.0,
        "Reconciled Depreciation": 2373000.0,
        "Reconciled Cost Of Revenue": 11141000.0,
        "EBITDA": -28477000.0,
        "EBIT": -30850000.0,
        "Net Interest Income": -105000.0,
        "Interest Expense": 1901000.0,
        "Interest Income": 1796000.0,
        "Normalized Income": -32785000.0,
        "Net Income From Continuing And Discontinued Operation": -32785000.0,
        "Total Expenses": 54320000.0,
        "Total Operating Income As Reported": -31755000.0,
        "Diluted Average Shares": 51376278.0,
        "Basic Average Shares": 51376278.0,
        "Diluted EPS": -0.64,
        "Basic EPS": -0.64,
        "Diluted NI Availto Com Stockholders": -32785000.0,
        "Net Income Common Stockholders": -32785000.0,
        "Preferred Stock Dividends": NaN,
        "Net Income": -32785000.0,
        "Minority Interests": 0.0,
        "Net Income Including Noncontrolling Interests": -32785000.0,
        "Net Income Continuous Operations": -32785000.0,
        "Tax Provision": 34000.0,
        "Pretax Income": -32751000.0,
        "Other Income Expense": -891000.0,
        "Other Non Operating Income Expenses": -891000.0,
        "Net Non Operating Interest Income Expense": -105000.0,
        "Interest Expense Non Operating": 1901000.0,
        "Interest Income Non Operating": 1796000.0,
        "Operating Income": -31755000.0,
        "Operating Expense": 43179000.0,
        "Research And Development": 4878000.0,
        "Selling General And Administration": 38301000.0,
        "Gross Profit": 11424000.0,
        "Cost Of Revenue": 11141000.0,
        "Total Revenue": 22565000.0,
        "Operating Revenue": 22565000.0
    }
}