{
    "2023-05-31": {
        "Tax Effect Of Unusual Items": NaN,
        "Tax Rate For Calcs": NaN,
        "Normalized EBITDA": NaN,
        "Net Income From Continuing Operation Net Minority Interest": NaN,
        "Reconciled Depreciation": NaN,
        "Reconciled Cost Of Revenue": NaN,
        "EBITDA": NaN,
        "EBIT": NaN,
        "Net Interest Income": NaN,
        "Interest Expense": NaN,
        "Interest Income": NaN,
        "Normalized Income": NaN,
        "Net Income From Continuing And Discontinued Operation": NaN,
        "Total Expenses": NaN,
        "Rent Expense Supplemental": NaN,
        "Diluted Average Shares": NaN,
        "Basic Average Shares": NaN,
        "Diluted EPS": NaN,
        "Basic EPS": NaN,
        "Diluted NI Availto Com Stockholders": NaN,
        "Net Income Common Stockholders": NaN,
        "Net Income": NaN,
        "Net Income Including Noncontrolling Interests": NaN,
        "Net Income Continuous Operations": NaN,
        "Tax Provision": NaN,
        "Pretax Income": NaN,
        "Other Income Expense": NaN,
        "Other Non Operating Income Expenses": NaN,
        "Net Non Operating Interest Income Expense": NaN,
        "Total Other Finance Cost": NaN,
        "Interest Expense Non Operating": NaN,
        "Interest Income Non Operating": NaN,
        "Operating Income": NaN,
        "Operating Expense": NaN,
        "Other Operating Expenses": 80900000.0,
        "Provision For Doubtful Accounts": NaN,
        "Depreciation Amortization Depletion Income Statement": NaN,
        "Depreciation And Amortization In Income Statement": NaN,
        "Selling General And Administration": NaN,
        "Selling And Marketing Expense": NaN,
        "General And Administrative Expense": NaN,
        "Other Gand A": NaN,
        "Rent And Landing Fees": NaN,
        "Salaries And Wages": NaN,
        "Gross Profit": NaN,
        "Cost Of Revenue": NaN,
        "Total Revenue": NaN,
        "Operating Revenue": NaN
    },
    "2023-02-28": {
        "Tax Effect Of Unusual Items": NaN,
        "Tax Rate For Calcs": NaN,
        "Normalized EBITDA": NaN,
        "Net Income From Continuing Operation Net Minority Interest": NaN,
        "Reconciled Depreciation": NaN,
        "Reconciled Cost Of Revenue": NaN,
        "EBITDA": NaN,
        "EBIT": NaN,
        "Net Interest Income": NaN,
        "Interest Expense": NaN,
        "Interest Income": NaN,
        "Normalized Income": NaN,
        "Net Income From Continuing And Discontinued Operation": NaN,
        "Total Expenses": NaN,
        "Rent Expense Supplemental": NaN,
        "Diluted Average Shares": NaN,
        "Basic Average Shares": NaN,
        "Diluted EPS": NaN,
        "Basic EPS": NaN,
        "Diluted NI Availto Com Stockholders": NaN,
        "Net Income Common Stockholders": NaN,
        "Net Income": NaN,
        "Net Income Including Noncontrolling Interests": NaN,
        "Net Income Continuous Operations": NaN,
        "Tax Provision": NaN,
        "Pretax Income": NaN,
        "Other Income Expense": NaN,
        "Other Non Operating Income Expenses": NaN,
        "Net Non Operating Interest Income Expense": NaN,
        "Total Other Finance Cost": NaN,
        "Interest Expense Non Operating": NaN,
        "Interest Income Non Operating": NaN,
        "Operating Income": NaN,
        "Operating Expense": NaN,
        "Other Operating Expenses": 98000000.0,
        "Provision For Doubtful Accounts": NaN,
        "Depreciation Amortization Depletion Income Statement": NaN,
        "Depreciation And Amortization In Income Statement": NaN,
        "Selling General And Administration": NaN,
        "Selling And Marketing Expense": NaN,
        "General And Administrative Expense": NaN,
        "Other Gand A": NaN,
        "Rent And Landing Fees": NaN,
        "Salaries And Wages": NaN,
        "Gross Profit": NaN,
        "Cost Of Revenue": NaN,
        "Total Revenue": NaN,
        "Operating Revenue": NaN
    },
    "2022-11-30": {
        "Tax Effect Of Unusual Items": NaN,
        "Tax Rate For Calcs": NaN,
        "Normalized EBITDA": NaN,
        "Net Income From Continuing Operation Net Minority Interest": NaN,
        "Reconciled Depreciation": NaN,
        "Reconciled Cost Of Revenue": NaN,
        "EBITDA": NaN,
        "EBIT": NaN,
        "Net Interest Income": NaN,
        "Interest Expense": NaN,
        "Interest Income": NaN,
        "Normalized Income": NaN,
        "Net Income From Continuing And Discontinued Operation": NaN,
        "Total Expenses": NaN,
        "Rent Expense Supplemental": NaN,
        "Diluted Average Shares": NaN,
        "Basic Average Shares": NaN,
        "Diluted EPS": NaN,
        "Basic EPS": NaN,
        "Diluted NI Availto Com Stockholders": NaN,
        "Net Income Common Stockholders": NaN,
        "Net Income": NaN,
        "Net Income Including Noncontrolling Interests": NaN,
        "Net Income Continuous Operations": NaN,
        "Tax Provision": NaN,
        "Pretax Income": NaN,
        "Other Income Expense": NaN,
        "Other Non Operating Income Expenses": NaN,
        "Net Non Operating Interest Income Expense": NaN,
        "Total Other Finance Cost": NaN,
        "Interest Expense Non Operating": NaN,
        "Interest Income Non Operating": NaN,
        "Operating Income": NaN,
        "Operating Expense": NaN,
        "Other Operating Expenses": NaN,
        "Provision For Doubtful Accounts": 85700000.0,
        "Depreciation Amortization Depletion Income Statement": NaN,
        "Depreciation And Amortization In Income Statement": NaN,
        "Selling General And Administration": NaN,
        "Selling And Marketing Expense": NaN,
        "General And Administrative Expense": NaN,
        "Other Gand A": NaN,
        "Rent And Landing Fees": NaN,
        "Salaries And Wages": NaN,
        "Gross Profit": NaN,
        "Cost Of Revenue": NaN,
        "Total Revenue": NaN,
        "Operating Revenue": NaN
    },
    "2022-08-31": {
        "Tax Effect Of Unusual Items": 0.0,
        "Tax Rate For Calcs": 0.248665,
        "Normalized EBITDA": 330250000.0,
        "Net Income From Continuing Operation Net Minority Interest": 125905000.0,
        "Reconciled Depreciation": 67430000.0,
        "Reconciled Cost Of Revenue": 7397920000.0,
        "EBITDA": 330250000.0,
        "EBIT": 262820000.0,
        "Net Interest Income": 225655000.0,
        "Interest Expense": 95245000.0,
        "Interest Income": 357200000.0,
        "Normalized Income": 125905000.0,
        "Net Income From Continuing And Discontinued Operation": 125905000.0,
        "Total Expenses": 8206850000.0,
        "Rent Expense Supplemental": 68800000.0,
        "Diluted Average Shares": 160218000.0,
        "Basic Average Shares": 158801000.0,
        "Diluted EPS": 0.79,
        "Basic EPS": 0.79,
        "Diluted NI Availto Com Stockholders": 125905000.0,
        "Net Income Common Stockholders": 125905000.0,
        "Net Income": 125905000.0,
        "Net Income Including Noncontrolling Interests": 125905000.0,
        "Net Income Continuous Operations": 125905000.0,
        "Tax Provision": 41670000.0,
        "Pretax Income": 167575000.0,
        "Other Income Expense": 4039000.0,
        "Other Non Operating Income Expenses": 4039000.0,
        "Net Non Operating Interest Income Expense": 225655000.0,
        "Total Other Finance Cost": 36300000.0,
        "Interest Expense Non Operating": 95245000.0,
        "Interest Income Non Operating": 357200000.0,
        "Operating Income": -62047000.0,
        "Operating Expense": 799192000.0,
        "Other Operating Expenses": 75500000.0,
        "Depreciation Amortization Depletion Income Statement": 57692000.0,
        "Depreciation And Amortization In Income Statement": 57692000.0,
        "Selling General And Administration": 666000000.0,
        "Selling And Marketing Expense": 82900000.0,
        "General And Administrative Expense": 583100000.0,
        "Other Gand A": 156000000.0,
        "Rent And Landing Fees": 68800000.0,
        "Salaries And Wages": 358300000.0,
        "Gross Profit": 737145000.0,
        "Cost Of Revenue": 7407658000.0,
        "Total Revenue": 8144803000.0,
        "Operating Revenue": 7974411000.0
    },
    "2022-05-31": {
        "Tax Effect Of Unusual Items": 0.0,
        "Tax Rate For Calcs": 0.250554,
        "Normalized EBITDA": 435850000.0,
        "Net Income From Continuing Operation Net Minority Interest": 252265000.0,
        "Reconciled Depreciation": 70473000.0,
        "Reconciled Cost Of Revenue": 8421405000.0,
        "EBIT": 365377000.0,
        "Net Interest Income": 175698000.0,
        "Interest Expense": 28775000.0,
        "Interest Income": 204473000.0,
        "Normalized Income": 252265000.0,
        "Net Income From Continuing And Discontinued Operation": 252265000.0,
        "Total Expenses": 9148578000.0,
        "Rent Expense Supplemental": 65800000.0,
        "Diluted Average Shares": 161798000.0,
        "Basic Average Shares": 160298000.0,
        "Diluted EPS": 1.56,
        "Basic EPS": 1.57,
        "Diluted NI Availto Com Stockholders": 252265000.0,
        "Net Income Common Stockholders": 252265000.0,
        "Net Income": 252265000.0,
        "Net Income Including Noncontrolling Interests": 252265000.0,
        "Net Income Continuous Operations": 252265000.0,
        "Tax Provision": 84337000.0,
        "Pretax Income": 336602000.0,
        "Other Income Expense": -2099000.0,
        "Other Non Operating Income Expenses": -2099000.0,
        "Net Non Operating Interest Income Expense": 175698000.0,
        "Total Other Finance Cost": 17100000.0,
        "Interest Expense Non Operating": 28775000.0,
        "Interest Income Non Operating": 204473000.0,
        "Operating Income": 163043000.0,
        "Operating Expense": 712348000.0,
        "Other Operating Expenses": 57800000.0,
        "Depreciation Amortization Depletion Income Statement": 55648000.0,
        "Depreciation And Amortization In Income Statement": 55648000.0,
        "Selling General And Administration": 656700000.0,
        "Selling And Marketing Expense": 88900000.0,
        "General And Administrative Expense": 567800000.0,
        "Other Gand A": 134500000.0,
        "Rent And Landing Fees": 65800000.0,
        "Salaries And Wages": 367500000.0,
        "Gross Profit": 875391000.0,
        "Cost Of Revenue": 8436230000.0,
        "Total Revenue": 9311621000.0,
        "Operating Revenue": 9131007000.0
    },
    "2022-02-28": {
        "Diluted EPS": 0.99,
        "Total Revenue": NaN,
        "Gross Profit": 711,
        "Operating Income": 229,
        "EBIT": 301,
        "Net Income": 160
    },
    "2021-11-30": {
        "Diluted EPS": 1.63,
        "Total Revenue": NaN,
        "Gross Profit": 837,
        "Operating Income": 372,
        "EBIT": 444,
        "Net Income": 269
    },
    "2021-08-31": {
        "Diluted EPS": 1.72,
        "Total Revenue": NaN,
        "Gross Profit": 815,
        "Operating Income": 388,
        "EBIT": 455,
        "Net Income": 285
    },
    "2021-05-31": {
        "Diluted EPS": 2.63,
        "Total Revenue": NaN,
        "Gross Profit": 925,
        "Operating Income": 562,
        "EBIT": 625,
        "Net Income": 437
    },
    "2021-02-28": {
        "Diluted EPS": 1.28,
        "Total Revenue": NaN,
        "Gross Profit": 641,
        "Operating Income": 274,
        "EBIT": 335,
        "Net Income": 210
    },
    "2020-11-30": {
        "Diluted EPS": 1.42,
        "Total Revenue": NaN,
        "Gross Profit": 631,
        "Operating Income": 329,
        "EBIT": 391,
        "Net Income": 235
    },
    "2020-08-31": {
        "Diluted EPS": 1.79,
        "Total Revenue": NaN,
        "Gross Profit": 752,
        "Operating Income": 409,
        "EBIT": 470,
        "Net Income": 297
    },
    "2020-05-31": {
        "Diluted EPS": 0.03,
        "Total Revenue": NaN,
        "Gross Profit": 354,
        "Operating Income": 31,
        "EBIT": 90,
        "Net Income": 5
    },
    "2020-02-29": {
        "Diluted EPS": 1.3,
        "Total Revenue": NaN,
        "Gross Profit": 673,
        "Operating Income": 300,
        "EBIT": 358,
        "Net Income": 215
    },
    "2019-11-30": {
        "Diluted EPS": 1.04,
        "Total Revenue": NaN,
        "Gross Profit": 614,
        "Operating Income": 243,
        "EBIT": 298,
        "Net Income": 173
    },
    "2019-08-31": {
        "Diluted EPS": 1.4,
        "Total Revenue": NaN,
        "Gross Profit": 693,
        "Operating Income": 327,
        "EBIT": 379,
        "Net Income": 234
    },
    "2019-05-31": {
        "Diluted EPS": 1.59,
        "Total Revenue": NaN,
        "Gross Profit": 742,
        "Operating Income": 369,
        "EBIT": 420,
        "Net Income": 267
    },
    "2019-02-28": {
        "Diluted EPS": 1.13,
        "Total Revenue": NaN,
        "Gross Profit": 599,
        "Operating Income": 274,
        "EBIT": 321,
        "Net Income": 193
    },
    "2018-11-30": {
        "Diluted EPS": 1.09,
        "Total Revenue": NaN,
        "Gross Profit": 569,
        "Operating Income": 269,
        "EBIT": 315,
        "Net Income": 190
    },
    "2018-08-31": {
        "Diluted EPS": 1.24,
        "Total Revenue": NaN,
        "Gross Profit": 651,
        "Operating Income": 307,
        "EBIT": 352,
        "Net Income": 221
    },
    "2018-05-31": {
        "Diluted EPS": 1.33,
        "Total Revenue": NaN,
        "Gross Profit": 661,
        "Operating Income": 339,
        "EBIT": 384,
        "Net Income": 239
    },
    "2018-02-28": {
        "Diluted EPS": 0.68,
        "Total Revenue": NaN,
        "Gross Profit": 537,
        "Operating Income": 229,
        "EBIT": 276,
        "Net Income": 122
    },
    "2017-11-30": {
        "Diluted EPS": 0.81,
        "Total Revenue": NaN,
        "Gross Profit": 539,
        "Operating Income": 242,
        "EBIT": 287,
        "Net Income": 149
    },
    "2017-08-31": {
        "Diluted EPS": 0.98,
        "Total Revenue": NaN,
        "Gross Profit": 604,
        "Operating Income": 307,
        "EBIT": 351,
        "Net Income": 181
    },
    "2017-05-31": {
        "Diluted EPS": 1.13,
        "Total Revenue": NaN,
        "Gross Profit": 649,
        "Operating Income": 355,
        "EBIT": 399,
        "Net Income": 212
    },
    "2017-02-28": {
        "Diluted EPS": 0.8,
        "Total Revenue": NaN,
        "Gross Profit": 562,
        "Operating Income": 260,
        "EBIT": 303,
        "Net Income": 153
    },
    "2016-11-30": {
        "Diluted EPS": 0.72,
        "Total Revenue": NaN,
        "Gross Profit": 503,
        "Operating Income": 236,
        "EBIT": 278,
        "Net Income": 137
    },
    "2016-08-31": {
        "Diluted EPS": 0.84,
        "Total Revenue": NaN,
        "Gross Profit": 545,
        "Operating Income": 275,
        "EBIT": 317,
        "Net Income": 162
    },
    "2016-05-31": {
        "Diluted EPS": 0.9,
        "Total Revenue": NaN,
        "Gross Profit": 573,
        "Operating Income": 293,
        "EBIT": 334,
        "Net Income": 175
    },
    "2016-02-29": {
        "Diluted EPS": 0.72,
        "Total Revenue": NaN,
        "Gross Profit": 489,
        "Operating Income": 248,
        "EBIT": 285,
        "Net Income": 141
    },
    "2015-11-30": {
        "Diluted EPS": 0.63,
        "Total Revenue": NaN,
        "Gross Profit": 464,
        "Operating Income": 219,
        "EBIT": 254,
        "Net Income": 128
    },
    "2015-08-31": {
        "Diluted EPS": 0.82,
        "Total Revenue": NaN,
        "Gross Profit": 521,
        "Operating Income": 289,
        "EBIT": 322,
        "Net Income": 172
    },
    "2015-05-31": {
        "Diluted EPS": 0.86,
        "Total Revenue": NaN,
        "Gross Profit": 544,
        "Operating Income": 303,
        "EBIT": 335,
        "Net Income": 182
    },
    "2015-02-28": {
        "Diluted EPS": 0.67,
        "Total Revenue": NaN,
        "Gross Profit": 476,
        "Operating Income": 236,
        "EBIT": 266,
        "Net Income": 143
    },
    "2014-11-30": {
        "Diluted EPS": 0.6,
        "Total Revenue": NaN,
        "Gross Profit": 447,
        "Operating Income": 220,
        "EBIT": 249,
        "Net Income": 130
    },
    "2014-08-31": {
        "Diluted EPS": 0.7,
        "Total Revenue": NaN,
        "Gross Profit": 463,
        "Operating Income": 258,
        "EBIT": 287,
        "Net Income": 155
    },
    "2014-05-31": {
        "Diluted EPS": 0.76,
        "Total Revenue": NaN,
        "Gross Profit": 502,
        "Operating Income": 283,
        "EBIT": 310,
        "Net Income": 170
    },
    "2014-02-28": {
        "Diluted EPS": 0.43,
        "Total Revenue": NaN,
        "Gross Profit": 384,
        "Operating Income": 168,
        "EBIT": 195,
        "Net Income": 99
    },
    "2013-11-30": {
        "Diluted EPS": 0.47,
        "Total Revenue": NaN,
        "Gross Profit": 382,
        "Operating Income": 181,
        "EBIT": 206,
        "Net Income": 106
    },
    "2013-08-31": {
        "Diluted EPS": 0.62,
        "Total Revenue": NaN,
        "Gross Profit": 435,
        "Operating Income": 236,
        "EBIT": 261,
        "Net Income": 140
    },
    "2013-05-31": {
        "Diluted EPS": 0.64,
        "Total Revenue": NaN,
        "Gross Profit": 448,
        "Operating Income": 245,
        "EBIT": 269,
        "Net Income": 147
    },
    "2013-02-28": {
        "Diluted EPS": 0.46,
        "Total Revenue": NaN,
        "Gross Profit": 369,
        "Operating Income": 180,
        "EBIT": 204,
        "Net Income": 107
    },
    "2012-11-30": {
        "Diluted EPS": 0.41,
        "Total Revenue": NaN,
        "Gross Profit": 345,
        "Operating Income": 160,
        "EBIT": 185,
        "Net Income": 95
    },
    "2012-08-31": {
        "Diluted EPS": 0.48,
        "Total Revenue": NaN,
        "Gross Profit": 368,
        "Operating Income": 189,
        "EBIT": 212,
        "Net Income": 112
    },
    "2012-05-31": {
        "Diluted EPS": 0.52,
        "Total Revenue": NaN,
        "Gross Profit": 382,
        "Operating Income": 203,
        "EBIT": 226,
        "Net Income": 121
    },
    "2012-02-29": {
        "Diluted EPS": 0.41,
        "Total Revenue": NaN,
        "Gross Profit": 338,
        "Operating Income": 161,
        "EBIT": 183,
        "Net Income": 95
    },
    "2011-11-30": {
        "Diluted EPS": 0.36,
        "Total Revenue": NaN,
        "Gross Profit": 303,
        "Operating Income": 140,
        "EBIT": 161,
        "Net Income": 82
    },
    "2011-08-31": {
        "Diluted EPS": 0.48,
        "Total Revenue": NaN,
        "Gross Profit": 354,
        "Operating Income": 188,
        "EBIT": 208,
        "Net Income": 111
    },
    "2011-05-31": {
        "Diluted EPS": 0.54,
        "Total Revenue": NaN,
        "Gross Profit": 383,
        "Operating Income": 211,
        "EBIT": 231,
        "Net Income": 125
    },
    "2011-02-28": {
        "Diluted EPS": 0.37,
        "Total Revenue": NaN,
        "Gross Profit": 321,
        "Operating Income": 168,
        "EBIT": 200,
        "Net Income": 86
    },
    "2010-11-30": {
        "Diluted EPS": 0.36,
        "Total Revenue": NaN,
        "Gross Profit": 298,
        "Operating Income": 134,
        "EBIT": 149,
        "Net Income": 82
    },
    "2010-08-31": {
        "Diluted EPS": 0.48,
        "Total Revenue": NaN,
        "Gross Profit": 349,
        "Operating Income": 176,
        "EBIT": 191,
        "Net Income": 107
    },
    "2010-05-31": {
        "Diluted EPS": 0.44,
        "Total Revenue": NaN,
        "Gross Profit": 334,
        "Operating Income": 164,
        "EBIT": 179,
        "Net Income": 101
    },
    "2010-02-28": {
        "Diluted EPS": 0.32,
        "Total Revenue": NaN,
        "Gross Profit": 265,
        "Operating Income": 148,
        "EBIT": 180,
        "Net Income": 71
    },
    "2009-11-30": {
        "Diluted EPS": 0.33,
        "Total Revenue": NaN,
        "Gross Profit": 243,
        "Operating Income": 117,
        "EBIT": 131,
        "Net Income": 74
    },
    "2009-08-31": {
        "Diluted EPS": 0.46,
        "Total Revenue": NaN,
        "Gross Profit": 315,
        "Operating Income": 169,
        "EBIT": 183,
        "Net Income": 102
    },
    "2009-05-31": {
        "Diluted EPS": 0.13,
        "Total Revenue": NaN,
        "Gross Profit": 276,
        "Operating Income": 48,
        "EBIT": 63,
        "Net Income": 28
    },
    "2009-02-28": {
        "Diluted EPS": 0.18,
        "Total Revenue": NaN,
        "Gross Profit": 230,
        "Operating Income": 62,
        "EBIT": 75,
        "Net Income": 37
    },
    "2023-08-31": {
        "Tax Effect Of Unusual Items": NaN,
        "Tax Rate For Calcs": NaN,
        "Normalized EBITDA": NaN,
        "Net Income From Continuing Operation Net Minority Interest": NaN,
        "Reconciled Depreciation": NaN,
        "Reconciled Cost Of Revenue": NaN,
        "EBITDA": NaN,
        "EBIT": NaN,
        "Net Interest Income": NaN,
        "Interest Expense": NaN,
        "Interest Income": NaN,
        "Normalized Income": NaN,
        "Net Income From Continuing And Discontinued Operation": NaN,
        "Total Expenses": NaN,
        "Rent Expense Supplemental": NaN,
        "Diluted Average Shares": NaN,
        "Basic Average Shares": NaN,
        "Diluted EPS": NaN,
        "Basic EPS": NaN,
        "Diluted NI Availto Com Stockholders": NaN,
        "Net Income Common Stockholders": NaN,
        "Net Income": NaN,
        "Net Income Including Noncontrolling Interests": NaN,
        "Net Income Continuous Operations": NaN,
        "Tax Provision": NaN,
        "Pretax Income": NaN,
        "Other Income Expense": NaN,
        "Other Non Operating Income Expenses": NaN,
        "Net Non Operating Interest Income Expense": NaN,
        "Total Other Finance Cost": NaN,
        "Interest Expense Non Operating": NaN,
        "Interest Income Non Operating": NaN,
        "Operating Income": NaN,
        "Operating Expense": NaN,
        "Other Operating Expenses": 89800000.0,
        "Provision For Doubtful Accounts": NaN,
        "Depreciation Amortization Depletion Income Statement": NaN,
        "Depreciation And Amortization In Income Statement": NaN,
        "Selling General And Administration": NaN,
        "Selling And Marketing Expense": NaN,
        "General And Administrative Expense": NaN,
        "Other Gand A": NaN,
        "Rent And Landing Fees": NaN,
        "Salaries And Wages": NaN,
        "Gross Profit": NaN,
        "Cost Of Revenue": NaN,
        "Total Revenue": NaN,
        "Operating Revenue": NaN
    },
    "2023-11-30": {
        "Tax Effect Of Unusual Items": NaN,
        "Tax Rate For Calcs": NaN,
        "Normalized EBITDA": NaN,
        "Net Income From Continuing Operation Net Minority Interest": NaN,
        "Reconciled Depreciation": NaN,
        "Reconciled Cost Of Revenue": NaN,
        "EBITDA": NaN,
        "EBIT": NaN,
        "Net Interest Income": NaN,
        "Interest Expense": NaN,
        "Interest Income": NaN,
        "Normalized Income": NaN,
        "Net Income From Continuing And Discontinued Operation": NaN,
        "Total Expenses": NaN,
        "Rent Expense Supplemental": NaN,
        "Diluted Average Shares": 158799000.0,
        "Basic Average Shares": 158446000.0,
        "Diluted EPS": 0.52,
        "Basic EPS": 0.52,
        "Diluted NI Availto Com Stockholders": NaN,
        "Net Income Common Stockholders": NaN,
        "Net Income": NaN,
        "Net Income Including Noncontrolling Interests": NaN,
        "Net Income Continuous Operations": NaN,
        "Tax Provision": NaN,
        "Pretax Income": NaN,
        "Other Income Expense": NaN,
        "Other Non Operating Income Expenses": NaN,
        "Net Non Operating Interest Income Expense": NaN,
        "Total Other Finance Cost": NaN,
        "Interest Expense Non Operating": NaN,
        "Interest Income Non Operating": NaN,
        "Operating Income": NaN,
        "Operating Expense": NaN,
        "Other Operating Expenses": 68300000.0,
        "Provision For Doubtful Accounts": NaN,
        "Depreciation Amortization Depletion Income Statement": NaN,
        "Depreciation And Amortization In Income Statement": NaN,
        "Selling General And Administration": NaN,
        "Selling And Marketing Expense": NaN,
        "General And Administrative Expense": NaN,
        "Other Gand A": NaN,
        "Rent And Landing Fees": NaN,
        "Salaries And Wages": NaN,
        "Gross Profit": NaN,
        "Cost Of Revenue": NaN,
        "Total Revenue": NaN,
        "Operating Revenue": NaN
    },
    "2024-02-29": {
        "Tax Effect Of Unusual Items": NaN,
        "Tax Rate For Calcs": NaN,
        "Normalized EBITDA": NaN,
        "Net Income From Continuing Operation Net Minority Interest": NaN,
        "Reconciled Depreciation": NaN,
        "Reconciled Cost Of Revenue": NaN,
        "EBITDA": NaN,
        "EBIT": NaN,
        "Net Interest Income": NaN,
        "Interest Expense": NaN,
        "Interest Income": NaN,
        "Normalized Income": NaN,
        "Net Income From Continuing And Discontinued Operation": NaN,
        "Total Expenses": NaN,
        "Rent Expense Supplemental": NaN,
        "Diluted Average Shares": NaN,
        "Basic Average Shares": NaN,
        "Diluted EPS": NaN,
        "Basic EPS": NaN,
        "Diluted NI Availto Com Stockholders": NaN,
        "Net Income Common Stockholders": NaN,
        "Net Income": NaN,
        "Net Income Including Noncontrolling Interests": NaN,
        "Net Income Continuous Operations": NaN,
        "Tax Provision": NaN,
        "Pretax Income": NaN,
        "Other Income Expense": NaN,
        "Other Non Operating Income Expenses": NaN,
        "Net Non Operating Interest Income Expense": NaN,
        "Total Other Finance Cost": NaN,
        "Interest Expense Non Operating": NaN,
        "Interest Income Non Operating": NaN,
        "Operating Income": NaN,
        "Operating Expense": NaN,
        "Other Operating Expenses": NaN,
        "Provision For Doubtful Accounts": 71500000.0,
        "Depreciation Amortization Depletion Income Statement": NaN,
        "Depreciation And Amortization In Income Statement": NaN,
        "Selling General And Administration": NaN,
        "Selling And Marketing Expense": NaN,
        "General And Administrative Expense": NaN,
        "Other Gand A": NaN,
        "Rent And Landing Fees": NaN,
        "Salaries And Wages": NaN,
        "Gross Profit": NaN,
        "Cost Of Revenue": NaN,
        "Total Revenue": NaN,
        "Operating Revenue": NaN
    },
    "2024-05-31": {
        "Tax Effect Of Unusual Items": NaN,
        "Tax Rate For Calcs": NaN,
        "Normalized EBITDA": NaN,
        "Net Income From Continuing Operation Net Minority Interest": NaN,
        "Reconciled Depreciation": NaN,
        "Reconciled Cost Of Revenue": NaN,
        "EBITDA": NaN,
        "EBIT": NaN,
        "Net Interest Income": NaN,
        "Interest Expense": NaN,
        "Interest Income": NaN,
        "Normalized Income": NaN,
        "Net Income From Continuing And Discontinued Operation": NaN,
        "Total Expenses": NaN,
        "Rent Expense Supplemental": NaN,
        "Diluted Average Shares": NaN,
        "Basic Average Shares": NaN,
        "Diluted EPS": NaN,
        "Basic EPS": NaN,
        "Diluted NI Availto Com Stockholders": NaN,
        "Net Income Common Stockholders": NaN,
        "Net Income": NaN,
        "Net Income Including Noncontrolling Interests": NaN,
        "Net Income Continuous Operations": NaN,
        "Tax Provision": NaN,
        "Pretax Income": NaN,
        "Other Income Expense": NaN,
        "Other Non Operating Income Expenses": NaN,
        "Net Non Operating Interest Income Expense": NaN,
        "Total Other Finance Cost": NaN,
        "Interest Expense Non Operating": NaN,
        "Interest Income Non Operating": NaN,
        "Operating Income": NaN,
        "Operating Expense": NaN,
        "Other Operating Expenses": 81200000.0,
        "Provision For Doubtful Accounts": NaN,
        "Depreciation Amortization Depletion Income Statement": NaN,
        "Depreciation And Amortization In Income Statement": NaN,
        "Selling General And Administration": NaN,
        "Selling And Marketing Expense": NaN,
        "General And Administrative Expense": NaN,
        "Other Gand A": NaN,
        "Rent And Landing Fees": NaN,
        "Salaries And Wages": NaN,
        "Gross Profit": NaN,
        "Cost Of Revenue": NaN,
        "Total Revenue": NaN,
        "Operating Revenue": NaN
    },
    "2024-08-31": {
        "Tax Effect Of Unusual Items": NaN,
        "Tax Rate For Calcs": NaN,
        "Normalized EBITDA": NaN,
        "Net Income From Continuing Operation Net Minority Interest": NaN,
        "Reconciled Depreciation": NaN,
        "Reconciled Cost Of Revenue": NaN,
        "EBITDA": NaN,
        "EBIT": NaN,
        "Net Interest Income": NaN,
        "Interest Expense": NaN,
        "Interest Income": NaN,
        "Normalized Income": NaN,
        "Net Income From Continuing And Discontinued Operation": NaN,
        "Total Expenses": NaN,
        "Rent Expense Supplemental": NaN,
        "Diluted Average Shares": NaN,
        "Basic Average Shares": NaN,
        "Diluted EPS": NaN,
        "Basic EPS": NaN,
        "Diluted NI Availto Com Stockholders": NaN,
        "Net Income Common Stockholders": NaN,
        "Net Income": NaN,
        "Net Income Including Noncontrolling Interests": NaN,
        "Net Income Continuous Operations": NaN,
        "Tax Provision": NaN,
        "Pretax Income": NaN,
        "Other Income Expense": NaN,
        "Other Non Operating Income Expenses": NaN,
        "Net Non Operating Interest Income Expense": NaN,
        "Total Other Finance Cost": NaN,
        "Interest Expense Non Operating": NaN,
        "Interest Income Non Operating": NaN,
        "Operating Income": NaN,
        "Operating Expense": NaN,
        "Other Operating Expenses": 112600000.0,
        "Provision For Doubtful Accounts": NaN,
        "Depreciation Amortization Depletion Income Statement": NaN,
        "Depreciation And Amortization In Income Statement": NaN,
        "Selling General And Administration": NaN,
        "Selling And Marketing Expense": NaN,
        "General And Administrative Expense": NaN,
        "Other Gand A": NaN,
        "Rent And Landing Fees": NaN,
        "Salaries And Wages": NaN,
        "Gross Profit": NaN,
        "Cost Of Revenue": NaN,
        "Total Revenue": NaN,
        "Operating Revenue": NaN
    },
    "2024-11-30": {
        "Tax Effect Of Unusual Items": 0.0,
        "Tax Rate For Calcs": 0.246,
        "Normalized EBITDA": 460458000.0,
        "Net Income From Continuing Operation Net Minority Interest": 125441000.0,
        "Reconciled Depreciation": 75368000.0,
        "Reconciled Cost Of Revenue": 5534864000.0,
        "EBITDA": 460458000.0,
        "EBIT": 385090000.0,
        "Net Interest Income": 207082000.0,
        "Interest Expense": 218618000.0,
        "Interest Income": 469200000.0,
        "Normalized Income": 125441000.0,
        "Net Income From Continuing And Discontinued Operation": 125441000.0,
        "Total Expenses": 6258632000.0,
        "Rent Expense Supplemental": 73500000.0,
        "Diluted Average Shares": 155265000.0,
        "Basic Average Shares": 154582000.0,
        "Diluted EPS": 0.81,
        "Basic EPS": 0.81,
        "Diluted NI Availto Com Stockholders": 125441000.0,
        "Net Income Common Stockholders": 125441000.0,
        "Net Income": 125441000.0,
        "Net Income Including Noncontrolling Interests": 125441000.0,
        "Net Income Continuous Operations": 125441000.0,
        "Tax Provision": 41031000.0,
        "Pretax Income": 166472000.0,
        "Other Income Expense": -5370000.0,
        "Other Non Operating Income Expenses": -5370000.0,
        "Net Non Operating Interest Income Expense": 207082000.0,
        "Total Other Finance Cost": 43500000.0,
        "Interest Expense Non Operating": 218618000.0,
        "Interest Income Non Operating": 469200000.0,
        "Operating Income": -35261000.0,
        "Operating Expense": 712907000.0,
        "Other Operating Expenses": 72600000.0,
        "Provision For Doubtful Accounts": 72600000.0,
        "Depreciation Amortization Depletion Income Statement": 64507000.0,
        "Depreciation And Amortization In Income Statement": 64507000.0,
        "Selling General And Administration": 575800000.0,
        "Selling And Marketing Expense": 53800000.0,
        "General And Administrative Expense": 522000000.0,
        "Other Gand A": 114400000.0,
        "Rent And Landing Fees": 73500000.0,
        "Salaries And Wages": 334100000.0,
        "Gross Profit": 677646000.0,
        "Cost Of Revenue": 5545725000.0,
        "Total Revenue": 6223371000.0,
        "Operating Revenue": 6057497000.0
    },
    "2025-02-28": {
        "Tax Effect Of Unusual Items": 0.0,
        "Tax Rate For Calcs": 0.241022,
        "Normalized EBITDA": 414013000.0,
        "Net Income From Continuing Operation Net Minority Interest": 89866000.0,
        "Reconciled Depreciation": 77469000.0,
        "Reconciled Cost Of Revenue": 5327105000.0,
        "EBITDA": 414013000.0,
        "EBIT": 336544000.0,
        "Net Interest Income": 227060000.0,
        "Interest Expense": 218140000.0,
        "Interest Income": 467700000.0,
        "Normalized Income": 89866000.0,
        "Net Income From Continuing And Discontinued Operation": 89866000.0,
        "Total Expenses": 6102674000.0,
        "Rent Expense Supplemental": 66500000.0,
        "Diluted Average Shares": 154704000.0,
        "Basic Average Shares": 153667000.0,
        "Diluted EPS": 0.58,
        "Basic EPS": 0.58,
        "Diluted NI Availto Com Stockholders": 89866000.0,
        "Net Income Common Stockholders": 89866000.0,
        "Net Income": 89866000.0,
        "Net Income Including Noncontrolling Interests": 89866000.0,
        "Net Income Continuous Operations": 89866000.0,
        "Tax Provision": 28538000.0,
        "Pretax Income": 118404000.0,
        "Other Income Expense": -9119000.0,
        "Other Non Operating Income Expenses": -9119000.0,
        "Net Non Operating Interest Income Expense": 227060000.0,
        "Total Other Finance Cost": 22500000.0,
        "Interest Expense Non Operating": 218140000.0,
        "Interest Income Non Operating": 467700000.0,
        "Operating Income": -99551000.0,
        "Operating Expense": 767444000.0,
        "Other Operating Expenses": 68300000.0,
        "Provision For Doubtful Accounts": 68300000.0,
        "Depreciation Amortization Depletion Income Statement": 69344000.0,
        "Depreciation And Amortization In Income Statement": 69344000.0,
        "Selling General And Administration": 629800000.0,
        "Selling And Marketing Expense": 72100000.0,
        "General And Administrative Expense": 557700000.0,
        "Other Gand A": 117900000.0,
        "Rent And Landing Fees": 66500000.0,
        "Salaries And Wages": 373300000.0,
        "Gross Profit": 667893000.0,
        "Cost Of Revenue": 5335230000.0,
        "Total Revenue": 6003123000.0,
        "Operating Revenue": 5844153000.0
    },
    "2025-05-31": {
        "Tax Effect Of Unusual Items": 0.0,
        "Tax Rate For Calcs": 0.257,
        "Normalized EBITDA": 587484000.0,
        "Net Income From Continuing Operation Net Minority Interest": 210381000.0,
        "Reconciled Depreciation": 79784000.0,
        "Reconciled Cost Of Revenue": 6643173000.0,
        "EBITDA": 587484000.0,
        "EBIT": 507700000.0,
        "Net Interest Income": 240630000.0,
        "Interest Expense": 224570000.0,
        "Interest Income": 485400000.0,
        "Normalized Income": 210381000.0,
        "Net Income From Continuing And Discontinued Operation": 210381000.0,
        "Total Expenses": 7504257000.0,
        "Rent Expense Supplemental": 68900000.0,
        "Diluted Average Shares": 152607000.0,
        "Basic Average Shares": 152137000.0,
        "Diluted EPS": 1.38,
        "Basic EPS": 1.38,
        "Diluted NI Availto Com Stockholders": 210381000.0,
        "Net Income Common Stockholders": 210381000.0,
        "Net Income": 210381000.0,
        "Net Income Including Noncontrolling Interests": 210381000.0,
        "Net Income Continuous Operations": 210381000.0,
        "Tax Provision": 72749000.0,
        "Pretax Income": 283130000.0,
        "Other Income Expense": 309000.0,
        "Other Non Operating Income Expenses": 309000.0,
        "Net Non Operating Interest Income Expense": 240630000.0,
        "Total Other Finance Cost": 20200000.0,
        "Interest Expense Non Operating": 224570000.0,
        "Interest Income Non Operating": 485400000.0,
        "Operating Income": 42284000.0,
        "Operating Expense": 851339000.0,
        "Other Operating Expenses": 101700000.0,
        "Provision For Doubtful Accounts": 101700000.0,
        "Depreciation Amortization Depletion Income Statement": 70039000.0,
        "Depreciation And Amortization In Income Statement": 70039000.0,
        "Selling General And Administration": 679600000.0,
        "Selling And Marketing Expense": 67900000.0,
        "General And Administrative Expense": 611700000.0,
        "Other Gand A": 128200000.0,
        "Rent And Landing Fees": 68900000.0,
        "Salaries And Wages": 414600000.0,
        "Gross Profit": 893623000.0,
        "Cost Of Revenue": 6652918000.0,
        "Total Revenue": 7546541000.0,
        "Operating Revenue": 7356178000.0
    },
    "2025-08-31": {
        "Tax Effect Of Unusual Items": 0.0,
        "Tax Rate For Calcs": 0.25,
        "Normalized EBITDA": 438681000.0,
        "Net Income From Continuing Operation Net Minority Interest": 95378000.0,
        "Reconciled Depreciation": 83931000.0,
        "Reconciled Cost Of Revenue": 5864772000.0,
        "EBITDA": 438681000.0,
        "EBIT": 354750000.0,
        "Net Interest Income": 241247000.0,
        "Interest Expense": 227653000.0,
        "Interest Income": 489800000.0,
        "Normalized Income": 95378000.0,
        "Net Income From Continuing And Discontinued Operation": 95378000.0,
        "Total Expenses": 6712503000.0,
        "Rent Expense Supplemental": 74100000.0,
        "Diluted Average Shares": 149637000.0,
        "Basic Average Shares": 149291000.0,
        "Diluted EPS": 0.64,
        "Basic EPS": 0.64,
        "Diluted NI Availto Com Stockholders": 95378000.0,
        "Net Income Common Stockholders": 95378000.0,
        "Net Income": 95378000.0,
        "Net Income Including Noncontrolling Interests": 95378000.0,
        "Net Income Continuous Operations": 95378000.0,
        "Tax Provision": 31719000.0,
        "Pretax Income": 127097000.0,
        "Other Income Expense": 3624000.0,
        "Other Non Operating Income Expenses": 3624000.0,
        "Net Non Operating Interest Income Expense": 241247000.0,
        "Total Other Finance Cost": 20900000.0,
        "Interest Expense Non Operating": 227653000.0,
        "Interest Income Non Operating": 489800000.0,
        "Operating Income": -117819000.0,
        "Operating Expense": 835485000.0,
        "Other Operating Expenses": NaN,
        "Provision For Doubtful Accounts": 142200000.0,
        "Depreciation Amortization Depletion Income Statement": 71685000.0,
        "Depreciation And Amortization In Income Statement": 71685000.0,
        "Selling General And Administration": 621600000.0,
        "Selling And Marketing Expense": 63700000.0,
        "General And Administrative Expense": 557900000.0,
        "Other Gand A": 117500000.0,
        "Rent And Landing Fees": 74100000.0,
        "Salaries And Wages": 366300000.0,
        "Gross Profit": 717666000.0,
        "Cost Of Revenue": 5877018000.0,
        "Total Revenue": 6594684000.0,
        "Operating Revenue": 6420280000.0
    },
    "2025-11-30": {
        "Tax Effect Of Unusual Items": 0.0,
        "Tax Rate For Calcs": 0.258,
        "Normalized EBITDA": 386790000.0,
        "Net Income From Continuing Operation Net Minority Interest": 62215000.0,
        "Reconciled Depreciation": 88483000.0,
        "Reconciled Cost Of Revenue": 5184358000.0,
        "EBITDA": 386790000.0,
        "EBIT": 298307000.0,
        "Net Interest Income": 221980000.0,
        "Interest Expense": 214420000.0,
        "Interest Income": 448000000.0,
        "Normalized Income": 62215000.0,
        "Net Income From Continuing And Discontinued Operation": 62215000.0,
        "Total Expenses": 5927641000.0,
        "Rent Expense Supplemental": 68600000.0,
        "Diluted Average Shares": 145864000.0,
        "Basic Average Shares": 145548000.0,
        "Diluted EPS": 0.43,
        "Basic EPS": 0.43,
        "Diluted NI Availto Com Stockholders": 62215000.0,
        "Net Income Common Stockholders": 62215000.0,
        "Net Income": 62215000.0,
        "Net Income Including Noncontrolling Interests": 62215000.0,
        "Net Income Continuous Operations": 62215000.0,
        "Tax Provision": 21672000.0,
        "Pretax Income": 83887000.0,
        "Other Income Expense": -4468000.0,
        "Other Non Operating Income Expenses": -4468000.0,
        "Net Non Operating Interest Income Expense": 221980000.0,
        "Total Other Finance Cost": 11600000.0,
        "Interest Expense Non Operating": 214420000.0,
        "Interest Income Non Operating": 448000000.0,
        "Operating Income": -133695000.0,
        "Operating Expense": 723743000.0,
        "Other Operating Expenses": NaN,
        "Provision For Doubtful Accounts": 73400000.0,
        "Depreciation Amortization Depletion Income Statement": 68943000.0,
        "Depreciation And Amortization In Income Statement": 68943000.0,
        "Selling General And Administration": 581400000.0,
        "Selling And Marketing Expense": 73400000.0,
        "General And Administrative Expense": 508000000.0,
        "Other Gand A": 117400000.0,
        "Rent And Landing Fees": 68600000.0,
        "Salaries And Wages": 322000000.0,
        "Gross Profit": 590048000.0,
        "Cost Of Revenue": 5203898000.0,
        "Total Revenue": 5793946000.0,
        "Operating Revenue": 5643316000.0
    }
}