{
    "2023-03-31": {
        "Tax Effect Of Unusual Items": NaN,
        "Tax Rate For Calcs": NaN,
        "Normalized EBITDA": NaN,
        "Total Unusual Items": NaN,
        "Total Unusual Items Excluding Goodwill": NaN,
        "Net Income From Continuing Operation Net Minority Interest": NaN,
        "Reconciled Depreciation": NaN,
        "Reconciled Cost Of Revenue": NaN,
        "EBITDA": NaN,
        "EBIT": NaN,
        "Net Interest Income": NaN,
        "Interest Expense": NaN,
        "Normalized Income": NaN,
        "Net Income From Continuing And Discontinued Operation": NaN,
        "Total Expenses": NaN,
        "Total Operating Income As Reported": NaN,
        "Diluted Average Shares": NaN,
        "Basic Average Shares": NaN,
        "Diluted EPS": NaN,
        "Basic EPS": NaN,
        "Diluted NI Availto Com Stockholders": NaN,
        "Net Income Common Stockholders": NaN,
        "Net Income": NaN,
        "Net Income Including Noncontrolling Interests": NaN,
        "Net Income Discontinuous Operations": NaN,
        "Net Income Continuous Operations": NaN,
        "Tax Provision": NaN,
        "Pretax Income": NaN,
        "Other Income Expense": NaN,
        "Other Non Operating Income Expenses": NaN,
        "Special Income Charges": NaN,
        "Gain On Sale Of Ppe": 0.0,
        "Impairment Of Capital Assets": NaN,
        "Restructuring And Mergern Acquisition": NaN,
        "Net Non Operating Interest Income Expense": NaN,
        "Interest Expense Non Operating": NaN,
        "Operating Income": NaN,
        "Operating Expense": NaN,
        "Research And Development": NaN,
        "Selling General And Administration": NaN,
        "Gross Profit": NaN,
        "Cost Of Revenue": NaN,
        "Total Revenue": NaN,
        "Operating Revenue": NaN
    },
    "2022-12-31": {
        "Tax Effect Of Unusual Items": NaN,
        "Tax Rate For Calcs": NaN,
        "Normalized EBITDA": NaN,
        "Total Unusual Items": NaN,
        "Total Unusual Items Excluding Goodwill": NaN,
        "Net Income From Continuing Operation Net Minority Interest": NaN,
        "Reconciled Depreciation": NaN,
        "Reconciled Cost Of Revenue": NaN,
        "EBITDA": NaN,
        "EBIT": NaN,
        "Net Interest Income": NaN,
        "Interest Expense": NaN,
        "Normalized Income": NaN,
        "Net Income From Continuing And Discontinued Operation": NaN,
        "Total Expenses": NaN,
        "Total Operating Income As Reported": NaN,
        "Diluted Average Shares": NaN,
        "Basic Average Shares": NaN,
        "Diluted EPS": NaN,
        "Basic EPS": NaN,
        "Diluted NI Availto Com Stockholders": NaN,
        "Net Income Common Stockholders": NaN,
        "Net Income": NaN,
        "Net Income Including Noncontrolling Interests": NaN,
        "Net Income Discontinuous Operations": 0.0,
        "Net Income Continuous Operations": NaN,
        "Tax Provision": NaN,
        "Pretax Income": NaN,
        "Other Income Expense": NaN,
        "Other Non Operating Income Expenses": NaN,
        "Special Income Charges": NaN,
        "Gain On Sale Of Ppe": NaN,
        "Impairment Of Capital Assets": 231100000.0,
        "Restructuring And Mergern Acquisition": NaN,
        "Net Non Operating Interest Income Expense": NaN,
        "Interest Expense Non Operating": NaN,
        "Operating Income": NaN,
        "Operating Expense": NaN,
        "Research And Development": NaN,
        "Selling General And Administration": NaN,
        "Gross Profit": NaN,
        "Cost Of Revenue": NaN,
        "Total Revenue": NaN,
        "Operating Revenue": NaN
    },
    "2022-09-30": {
        "Tax Effect Of Unusual Items": NaN,
        "Tax Rate For Calcs": NaN,
        "Normalized EBITDA": NaN,
        "Total Unusual Items": NaN,
        "Total Unusual Items Excluding Goodwill": NaN,
        "Net Income From Continuing Operation Net Minority Interest": NaN,
        "Reconciled Depreciation": NaN,
        "Reconciled Cost Of Revenue": NaN,
        "EBITDA": NaN,
        "EBIT": NaN,
        "Net Interest Income": NaN,
        "Interest Expense": NaN,
        "Normalized Income": NaN,
        "Net Income From Continuing And Discontinued Operation": NaN,
        "Total Expenses": NaN,
        "Total Operating Income As Reported": NaN,
        "Diluted Average Shares": NaN,
        "Basic Average Shares": NaN,
        "Diluted EPS": NaN,
        "Basic EPS": NaN,
        "Diluted NI Availto Com Stockholders": NaN,
        "Net Income Common Stockholders": NaN,
        "Net Income": NaN,
        "Net Income Including Noncontrolling Interests": NaN,
        "Net Income Discontinuous Operations": 0.0,
        "Net Income Continuous Operations": NaN,
        "Tax Provision": NaN,
        "Pretax Income": NaN,
        "Other Income Expense": NaN,
        "Other Non Operating Income Expenses": NaN,
        "Special Income Charges": NaN,
        "Gain On Sale Of Ppe": NaN,
        "Impairment Of Capital Assets": 0.0,
        "Restructuring And Mergern Acquisition": NaN,
        "Net Non Operating Interest Income Expense": NaN,
        "Interest Expense Non Operating": NaN,
        "Operating Income": NaN,
        "Operating Expense": NaN,
        "Research And Development": NaN,
        "Selling General And Administration": NaN,
        "Gross Profit": NaN,
        "Cost Of Revenue": NaN,
        "Total Revenue": NaN,
        "Operating Revenue": NaN
    },
    "2022-06-30": {
        "Tax Effect Of Unusual Items": -96120000.0,
        "Tax Rate For Calcs": 0.4,
        "Normalized EBITDA": 38000000.0,
        "Total Unusual Items": -240300000.0,
        "Total Unusual Items Excluding Goodwill": -240300000.0,
        "Net Income From Continuing Operation Net Minority Interest": -242900000.0,
        "Reconciled Depreciation": 14000000.0,
        "Reconciled Cost Of Revenue": 110300000.0,
        "EBITDA": -202300000.0,
        "EBIT": -216300000.0,
        "Net Interest Income": -800000.0,
        "Interest Expense": 800000.0,
        "Normalized Income": -98720000.0,
        "Net Income From Continuing And Discontinued Operation": -242900000.0,
        "Total Expenses": 162300000.0,
        "Total Operating Income As Reported": -214600000.0,
        "Diluted Average Shares": 92000000.0,
        "Basic Average Shares": 92000000.0,
        "Diluted EPS": -2.64,
        "Basic EPS": -2.64,
        "Diluted NI Availto Com Stockholders": -242900000.0,
        "Net Income Common Stockholders": -242900000.0,
        "Net Income": -242900000.0,
        "Net Income Including Noncontrolling Interests": -242900000.0,
        "Net Income Discontinuous Operations": 0.0,
        "Net Income Continuous Operations": -242900000.0,
        "Tax Provision": 25800000.0,
        "Pretax Income": -217100000.0,
        "Other Income Expense": -242000000.0,
        "Other Non Operating Income Expenses": -1700000.0,
        "Special Income Charges": -240300000.0,
        "Write Off": NaN,
        "Impairment Of Capital Assets": 239800000.0,
        "Restructuring And Mergern Acquisition": 500000.0,
        "Net Non Operating Interest Income Expense": -800000.0,
        "Interest Expense Non Operating": 800000.0,
        "Operating Income": 25700000.0,
        "Operating Expense": 52000000.0,
        "Research And Development": 21300000.0,
        "Selling General And Administration": 30700000.0,
        "Gross Profit": 77700000.0,
        "Cost Of Revenue": 110300000.0,
        "Total Revenue": 188000000.0,
        "Operating Revenue": 188000000.0
    },
    "2023-06-30": {
        "Tax Effect Of Unusual Items": NaN,
        "Tax Rate For Calcs": NaN,
        "Normalized EBITDA": NaN,
        "Total Unusual Items": NaN,
        "Total Unusual Items Excluding Goodwill": NaN,
        "Net Income From Continuing Operation Net Minority Interest": NaN,
        "Reconciled Depreciation": NaN,
        "Reconciled Cost Of Revenue": NaN,
        "EBITDA": NaN,
        "EBIT": NaN,
        "Net Interest Income": NaN,
        "Interest Expense": NaN,
        "Normalized Income": NaN,
        "Net Income From Continuing And Discontinued Operation": NaN,
        "Total Expenses": NaN,
        "Total Operating Income As Reported": NaN,
        "Diluted Average Shares": NaN,
        "Basic Average Shares": NaN,
        "Diluted EPS": NaN,
        "Basic EPS": NaN,
        "Diluted NI Availto Com Stockholders": NaN,
        "Net Income Common Stockholders": NaN,
        "Net Income": NaN,
        "Net Income Including Noncontrolling Interests": NaN,
        "Net Income Discontinuous Operations": NaN,
        "Net Income Continuous Operations": NaN,
        "Tax Provision": NaN,
        "Pretax Income": NaN,
        "Other Income Expense": NaN,
        "Other Non Operating Income Expenses": NaN,
        "Special Income Charges": NaN,
        "Gain On Sale Of Ppe": 0.0,
        "Impairment Of Capital Assets": 0.0,
        "Restructuring And Mergern Acquisition": NaN,
        "Net Non Operating Interest Income Expense": NaN,
        "Interest Expense Non Operating": NaN,
        "Operating Income": NaN,
        "Operating Expense": NaN,
        "Research And Development": NaN,
        "Selling General And Administration": NaN,
        "Gross Profit": NaN,
        "Cost Of Revenue": NaN,
        "Total Revenue": NaN,
        "Operating Revenue": NaN
    },
    "2023-09-30": {
        "Tax Effect Of Unusual Items": NaN,
        "Tax Rate For Calcs": NaN,
        "Normalized EBITDA": NaN,
        "Total Unusual Items": NaN,
        "Total Unusual Items Excluding Goodwill": NaN,
        "Net Income From Continuing Operation Net Minority Interest": NaN,
        "Reconciled Depreciation": NaN,
        "Reconciled Cost Of Revenue": NaN,
        "EBITDA": NaN,
        "EBIT": NaN,
        "Net Interest Income": NaN,
        "Interest Expense": NaN,
        "Normalized Income": NaN,
        "Net Income From Continuing And Discontinued Operation": NaN,
        "Total Expenses": NaN,
        "Total Operating Income As Reported": NaN,
        "Diluted Average Shares": NaN,
        "Basic Average Shares": NaN,
        "Diluted EPS": NaN,
        "Basic EPS": NaN,
        "Diluted NI Availto Com Stockholders": NaN,
        "Net Income Common Stockholders": NaN,
        "Net Income": NaN,
        "Net Income Including Noncontrolling Interests": NaN,
        "Net Income Discontinuous Operations": 1400000.0,
        "Net Income Continuous Operations": NaN,
        "Tax Provision": NaN,
        "Pretax Income": NaN,
        "Other Income Expense": NaN,
        "Other Non Operating Income Expenses": NaN,
        "Special Income Charges": NaN,
        "Gain On Sale Of Ppe": NaN,
        "Impairment Of Capital Assets": 0.0,
        "Restructuring And Mergern Acquisition": NaN,
        "Net Non Operating Interest Income Expense": NaN,
        "Interest Expense Non Operating": NaN,
        "Operating Income": NaN,
        "Operating Expense": NaN,
        "Research And Development": NaN,
        "Selling General And Administration": NaN,
        "Gross Profit": NaN,
        "Cost Of Revenue": NaN,
        "Total Revenue": NaN,
        "Operating Revenue": NaN
    },
    "2023-12-31": {
        "Tax Effect Of Unusual Items": -84000.0,
        "Tax Rate For Calcs": 0.21,
        "Normalized EBITDA": 28500000.0,
        "Total Unusual Items": -400000.0,
        "Total Unusual Items Excluding Goodwill": -400000.0,
        "Net Income From Continuing Operation Net Minority Interest": 47400000.0,
        "Reconciled Depreciation": 12700000.0,
        "Reconciled Cost Of Revenue": 136800000.0,
        "EBITDA": 28100000.0,
        "EBIT": 15400000.0,
        "Net Interest Income": -3200000.0,
        "Interest Expense": 5200000.0,
        "Normalized Income": 47716000.0,
        "Net Income From Continuing And Discontinued Operation": 47400000.0,
        "Total Expenses": 201200000.0,
        "Total Operating Income As Reported": 13600000.0,
        "Diluted Average Shares": 90700000.0,
        "Basic Average Shares": 90000000.0,
        "Diluted EPS": 0.52,
        "Basic EPS": 0.53,
        "Diluted NI Availto Com Stockholders": 47400000.0,
        "Net Income Common Stockholders": 47400000.0,
        "Net Income": 47400000.0,
        "Net Income Including Noncontrolling Interests": 47400000.0,
        "Net Income Discontinuous Operations": NaN,
        "Net Income Continuous Operations": 47400000.0,
        "Tax Provision": -37200000.0,
        "Pretax Income": 10200000.0,
        "Other Income Expense": -600000.0,
        "Other Non Operating Income Expenses": -200000.0,
        "Special Income Charges": -400000.0,
        "Gain On Sale Of Ppe": NaN,
        "Impairment Of Capital Assets": NaN,
        "Restructuring And Mergern Acquisition": 400000.0,
        "Net Non Operating Interest Income Expense": -3200000.0,
        "Interest Expense Non Operating": 5200000.0,
        "Operating Income": 14000000.0,
        "Operating Expense": 64400000.0,
        "Research And Development": 19000000.0,
        "Selling General And Administration": 45400000.0,
        "Gross Profit": 78400000.0,
        "Cost Of Revenue": 136800000.0,
        "Total Revenue": 215200000.0,
        "Operating Revenue": 215200000.0
    },
    "2024-03-31": {
        "Tax Effect Of Unusual Items": NaN,
        "Tax Rate For Calcs": NaN,
        "Normalized EBITDA": NaN,
        "Total Unusual Items": NaN,
        "Total Unusual Items Excluding Goodwill": NaN,
        "Net Income From Continuing Operation Net Minority Interest": NaN,
        "Reconciled Depreciation": NaN,
        "Reconciled Cost Of Revenue": NaN,
        "EBITDA": NaN,
        "EBIT": NaN,
        "Net Interest Income": NaN,
        "Interest Expense": NaN,
        "Normalized Income": NaN,
        "Net Income From Continuing And Discontinued Operation": NaN,
        "Total Expenses": NaN,
        "Total Operating Income As Reported": NaN,
        "Diluted Average Shares": NaN,
        "Basic Average Shares": NaN,
        "Diluted EPS": NaN,
        "Basic EPS": NaN,
        "Diluted NI Availto Com Stockholders": NaN,
        "Net Income Common Stockholders": NaN,
        "Net Income": NaN,
        "Net Income Including Noncontrolling Interests": NaN,
        "Net Income Discontinuous Operations": NaN,
        "Net Income Continuous Operations": NaN,
        "Tax Provision": NaN,
        "Pretax Income": NaN,
        "Other Income Expense": NaN,
        "Other Non Operating Income Expenses": NaN,
        "Special Income Charges": NaN,
        "Gain On Sale Of Ppe": 5400000.0,
        "Impairment Of Capital Assets": NaN,
        "Restructuring And Mergern Acquisition": NaN,
        "Net Non Operating Interest Income Expense": NaN,
        "Interest Expense Non Operating": NaN,
        "Operating Income": NaN,
        "Operating Expense": NaN,
        "Research And Development": NaN,
        "Selling General And Administration": NaN,
        "Gross Profit": NaN,
        "Cost Of Revenue": NaN,
        "Total Revenue": NaN,
        "Operating Revenue": NaN
    },
    "2024-06-30": {
        "Tax Effect Of Unusual Items": NaN,
        "Tax Rate For Calcs": NaN,
        "Normalized EBITDA": NaN,
        "Total Unusual Items": NaN,
        "Total Unusual Items Excluding Goodwill": NaN,
        "Net Income From Continuing Operation Net Minority Interest": NaN,
        "Reconciled Depreciation": NaN,
        "Reconciled Cost Of Revenue": NaN,
        "EBITDA": NaN,
        "EBIT": NaN,
        "Net Interest Income": NaN,
        "Interest Expense": NaN,
        "Normalized Income": NaN,
        "Net Income From Continuing And Discontinued Operation": NaN,
        "Total Expenses": NaN,
        "Total Operating Income As Reported": NaN,
        "Diluted Average Shares": NaN,
        "Basic Average Shares": NaN,
        "Diluted EPS": NaN,
        "Basic EPS": NaN,
        "Diluted NI Availto Com Stockholders": NaN,
        "Net Income Common Stockholders": NaN,
        "Net Income": NaN,
        "Net Income Including Noncontrolling Interests": NaN,
        "Net Income Discontinuous Operations": NaN,
        "Net Income Continuous Operations": NaN,
        "Tax Provision": NaN,
        "Pretax Income": NaN,
        "Other Income Expense": NaN,
        "Other Non Operating Income Expenses": NaN,
        "Special Income Charges": NaN,
        "Gain On Sale Of Ppe": 0.0,
        "Impairment Of Capital Assets": 249400000.0,
        "Restructuring And Mergern Acquisition": NaN,
        "Net Non Operating Interest Income Expense": NaN,
        "Interest Expense Non Operating": NaN,
        "Operating Income": NaN,
        "Operating Expense": NaN,
        "Research And Development": NaN,
        "Selling General And Administration": NaN,
        "Gross Profit": NaN,
        "Cost Of Revenue": NaN,
        "Total Revenue": NaN,
        "Operating Revenue": NaN
    },
    "2024-09-30": {
        "Tax Effect Of Unusual Items": -24600.0,
        "Tax Rate For Calcs": 0.246,
        "Normalized EBITDA": 29500000.0,
        "Total Unusual Items": -100000.0,
        "Total Unusual Items Excluding Goodwill": -100000.0,
        "Net Income From Continuing Operation Net Minority Interest": 9200000.0,
        "Reconciled Depreciation": 13300000.0,
        "Reconciled Cost Of Revenue": 79600000.0,
        "EBITDA": 29400000.0,
        "EBIT": 16100000.0,
        "Net Interest Income": -3900000.0,
        "Interest Expense": 3900000.0,
        "Normalized Income": 9275400.0,
        "Net Income From Continuing And Discontinued Operation": 500000.0,
        "Total Expenses": 123700000.0,
        "Total Operating Income As Reported": 18700000.0,
        "Diluted Average Shares": NaN,
        "Basic Average Shares": NaN,
        "Diluted EPS": NaN,
        "Basic EPS": NaN,
        "Diluted NI Availto Com Stockholders": 500000.0,
        "Net Income Common Stockholders": 500000.0,
        "Net Income": 500000.0,
        "Net Income Including Noncontrolling Interests": 500000.0,
        "Net Income Discontinuous Operations": -8700000.0,
        "Net Income Continuous Operations": 9200000.0,
        "Tax Provision": 3000000.0,
        "Pretax Income": 12200000.0,
        "Other Income Expense": -2700000.0,
        "Other Non Operating Income Expenses": -2600000.0,
        "Special Income Charges": -100000.0,
        "Gain On Sale Of Ppe": NaN,
        "Impairment Of Capital Assets": NaN,
        "Restructuring And Mergern Acquisition": 100000.0,
        "Net Non Operating Interest Income Expense": -3900000.0,
        "Interest Expense Non Operating": 3900000.0,
        "Operating Income": 18800000.0,
        "Operating Expense": 44100000.0,
        "Research And Development": 10200000.0,
        "Selling General And Administration": 33900000.0,
        "Gross Profit": 62900000.0,
        "Cost Of Revenue": 79600000.0,
        "Total Revenue": 142500000.0,
        "Operating Revenue": 142500000.0
    },
    "2024-12-31": {
        "Tax Effect Of Unusual Items": 0.0,
        "Tax Rate For Calcs": 0.240876,
        "Normalized EBITDA": 30500000.0,
        "Total Unusual Items": 0.0,
        "Total Unusual Items Excluding Goodwill": 0.0,
        "Net Income From Continuing Operation Net Minority Interest": 10400000.0,
        "Reconciled Depreciation": 9600000.0,
        "Reconciled Cost Of Revenue": 81600000.0,
        "EBITDA": 30500000.0,
        "EBIT": 20900000.0,
        "Net Interest Income": -3400000.0,
        "Interest Expense": 7200000.0,
        "Normalized Income": 10400000.0,
        "Net Income From Continuing And Discontinued Operation": 18500000.0,
        "Total Expenses": 127100000.0,
        "Total Operating Income As Reported": 15400000.0,
        "Diluted Average Shares": 89400000.0,
        "Basic Average Shares": 88000000.0,
        "Diluted EPS": 0.21,
        "Basic EPS": 0.21,
        "Diluted NI Availto Com Stockholders": 18500000.0,
        "Net Income Common Stockholders": 18500000.0,
        "Net Income": 18500000.0,
        "Net Income Including Noncontrolling Interests": 18500000.0,
        "Net Income Discontinuous Operations": 8100000.0,
        "Net Income Continuous Operations": 10400000.0,
        "Tax Provision": 3300000.0,
        "Pretax Income": 13700000.0,
        "Other Income Expense": 1700000.0,
        "Other Non Operating Income Expenses": 1700000.0,
        "Special Income Charges": 0.0,
        "Gain On Sale Of Ppe": NaN,
        "Impairment Of Capital Assets": NaN,
        "Restructuring And Mergern Acquisition": 0.0,
        "Net Non Operating Interest Income Expense": -3400000.0,
        "Interest Expense Non Operating": 7200000.0,
        "Operating Income": 15400000.0,
        "Operating Expense": 45500000.0,
        "Research And Development": 10300000.0,
        "Selling General And Administration": 35200000.0,
        "Gross Profit": 60900000.0,
        "Cost Of Revenue": 81600000.0,
        "Total Revenue": 142500000.0,
        "Operating Revenue": 142500000.0
    },
    "2025-03-31": {
        "Tax Effect Of Unusual Items": -504000.0,
        "Tax Rate For Calcs": 0.21,
        "Normalized EBITDA": 14900000.0,
        "Total Unusual Items": -2400000.0,
        "Total Unusual Items Excluding Goodwill": -2400000.0,
        "Net Income From Continuing Operation Net Minority Interest": -400000.0,
        "Reconciled Depreciation": 9000000.0,
        "Reconciled Cost Of Revenue": 78900000.0,
        "EBITDA": 12500000.0,
        "EBIT": 3500000.0,
        "Net Interest Income": -2700000.0,
        "Interest Expense": 2700000.0,
        "Normalized Income": 1496000.0,
        "Net Income From Continuing And Discontinued Operation": -2000000.0,
        "Total Expenses": 125800000.0,
        "Total Operating Income As Reported": 4000000.0,
        "Diluted Average Shares": 87800000.0,
        "Basic Average Shares": 87800000.0,
        "Diluted EPS": -0.02,
        "Basic EPS": -0.02,
        "Diluted NI Availto Com Stockholders": -2000000.0,
        "Net Income Common Stockholders": -2000000.0,
        "Net Income": -2000000.0,
        "Net Income Including Noncontrolling Interests": -2000000.0,
        "Net Income Discontinuous Operations": -1600000.0,
        "Net Income Continuous Operations": -400000.0,
        "Tax Provision": 1200000.0,
        "Pretax Income": 800000.0,
        "Other Income Expense": -2900000.0,
        "Other Non Operating Income Expenses": -500000.0,
        "Special Income Charges": -2400000.0,
        "Gain On Sale Of Ppe": NaN,
        "Impairment Of Capital Assets": NaN,
        "Restructuring And Mergern Acquisition": 2400000.0,
        "Net Non Operating Interest Income Expense": -2700000.0,
        "Interest Expense Non Operating": 2700000.0,
        "Operating Income": 6400000.0,
        "Operating Expense": 46900000.0,
        "Research And Development": 9700000.0,
        "Selling General And Administration": 37200000.0,
        "Gross Profit": 53300000.0,
        "Cost Of Revenue": 78900000.0,
        "Total Revenue": 132200000.0,
        "Operating Revenue": 132200000.0
    },
    "2025-06-30": {
        "Tax Effect Of Unusual Items": 0.0,
        "Tax Rate For Calcs": 0.31,
        "Normalized EBITDA": 22900000.0,
        "Total Unusual Items": 0.0,
        "Total Unusual Items Excluding Goodwill": 0.0,
        "Net Income From Continuing Operation Net Minority Interest": 7800000.0,
        "Reconciled Depreciation": 9100000.0,
        "Reconciled Cost Of Revenue": 85300000.0,
        "EBITDA": 22900000.0,
        "EBIT": 13800000.0,
        "Net Interest Income": -2500000.0,
        "Interest Expense": 2500000.0,
        "Normalized Income": 7800000.0,
        "Net Income From Continuing And Discontinued Operation": 7800000.0,
        "Total Expenses": 131200000.0,
        "Total Operating Income As Reported": 14700000.0,
        "Diluted Average Shares": 87600000.0,
        "Basic Average Shares": 86900000.0,
        "Diluted EPS": 0.09,
        "Basic EPS": 0.09,
        "Diluted NI Availto Com Stockholders": 7800000.0,
        "Net Income Common Stockholders": 7800000.0,
        "Net Income": 7800000.0,
        "Net Income Including Noncontrolling Interests": 7800000.0,
        "Net Income Discontinuous Operations": 0.0,
        "Net Income Continuous Operations": 7800000.0,
        "Tax Provision": 3500000.0,
        "Pretax Income": 11300000.0,
        "Other Income Expense": -900000.0,
        "Other Non Operating Income Expenses": -900000.0,
        "Special Income Charges": 0.0,
        "Gain On Sale Of Ppe": NaN,
        "Impairment Of Capital Assets": NaN,
        "Restructuring And Mergern Acquisition": 0.0,
        "Net Non Operating Interest Income Expense": -2500000.0,
        "Interest Expense Non Operating": 2500000.0,
        "Operating Income": 14700000.0,
        "Operating Expense": 45900000.0,
        "Research And Development": 10000000.0,
        "Selling General And Administration": 35900000.0,
        "Gross Profit": 60600000.0,
        "Cost Of Revenue": 85300000.0,
        "Total Revenue": 145900000.0,
        "Operating Revenue": 145900000.0
    },
    "2025-09-30": {
        "Tax Effect Of Unusual Items": -19300.0,
        "Tax Rate For Calcs": 0.193,
        "Normalized EBITDA": 33700000.0,
        "Total Unusual Items": -100000.0,
        "Total Unusual Items Excluding Goodwill": -100000.0,
        "Net Income From Continuing Operation Net Minority Interest": 18000000.0,
        "Reconciled Depreciation": 9000000.0,
        "Reconciled Cost Of Revenue": 83000000.0,
        "EBITDA": 33600000.0,
        "EBIT": 24600000.0,
        "Net Interest Income": -2300000.0,
        "Interest Expense": 2300000.0,
        "Normalized Income": 18080700.0,
        "Net Income From Continuing And Discontinued Operation": 17400000.0,
        "Total Expenses": 127000000.0,
        "Total Operating Income As Reported": 25800000.0,
        "Diluted Average Shares": 87300000.0,
        "Basic Average Shares": 85800000.0,
        "Diluted EPS": 0.2,
        "Basic EPS": 0.2,
        "Diluted NI Availto Com Stockholders": 17400000.0,
        "Net Income Common Stockholders": 17400000.0,
        "Net Income": 17400000.0,
        "Net Income Including Noncontrolling Interests": 17400000.0,
        "Net Income Discontinuous Operations": -600000.0,
        "Net Income Continuous Operations": 18000000.0,
        "Tax Provision": 4300000.0,
        "Pretax Income": 22300000.0,
        "Other Income Expense": -1300000.0,
        "Other Non Operating Income Expenses": -1200000.0,
        "Special Income Charges": -100000.0,
        "Gain On Sale Of Ppe": NaN,
        "Impairment Of Capital Assets": NaN,
        "Restructuring And Mergern Acquisition": 100000.0,
        "Net Non Operating Interest Income Expense": -2300000.0,
        "Interest Expense Non Operating": 2300000.0,
        "Operating Income": 25900000.0,
        "Operating Expense": 44000000.0,
        "Research And Development": 10000000.0,
        "Selling General And Administration": 34000000.0,
        "Gross Profit": 69900000.0,
        "Cost Of Revenue": 83000000.0,
        "Total Revenue": 152900000.0,
        "Operating Revenue": 152900000.0
    },
    "2025-12-31": {
        "Tax Effect Of Unusual Items": NaN,
        "Tax Rate For Calcs": NaN,
        "Normalized EBITDA": NaN,
        "Total Unusual Items": NaN,
        "Total Unusual Items Excluding Goodwill": NaN,
        "Net Income From Continuing Operation Net Minority Interest": NaN,
        "Reconciled Depreciation": NaN,
        "Reconciled Cost Of Revenue": NaN,
        "EBITDA": NaN,
        "EBIT": NaN,
        "Net Interest Income": NaN,
        "Interest Expense": NaN,
        "Normalized Income": NaN,
        "Net Income From Continuing And Discontinued Operation": NaN,
        "Total Expenses": NaN,
        "Total Operating Income As Reported": NaN,
        "Diluted Average Shares": 87500000.0,
        "Basic Average Shares": 85200000.0,
        "Diluted EPS": 0.25,
        "Basic EPS": 0.25,
        "Diluted NI Availto Com Stockholders": NaN,
        "Net Income Common Stockholders": NaN,
        "Net Income": NaN,
        "Net Income Including Noncontrolling Interests": NaN,
        "Net Income Discontinuous Operations": NaN,
        "Net Income Continuous Operations": NaN,
        "Tax Provision": NaN,
        "Pretax Income": NaN,
        "Other Income Expense": NaN,
        "Other Non Operating Income Expenses": NaN,
        "Special Income Charges": NaN,
        "Gain On Sale Of Ppe": NaN,
        "Impairment Of Capital Assets": NaN,
        "Restructuring And Mergern Acquisition": NaN,
        "Net Non Operating Interest Income Expense": NaN,
        "Interest Expense Non Operating": NaN,
        "Operating Income": NaN,
        "Operating Expense": NaN,
        "Research And Development": NaN,
        "Selling General And Administration": NaN,
        "Gross Profit": NaN,
        "Cost Of Revenue": NaN,
        "Total Revenue": NaN,
        "Operating Revenue": NaN
    }
}