{
    "2023-06-30": {
        "Tax Effect Of Unusual Items": NaN,
        "Tax Rate For Calcs": NaN,
        "Normalized EBITDA": NaN,
        "Total Unusual Items": NaN,
        "Total Unusual Items Excluding Goodwill": NaN,
        "Net Income From Continuing Operation Net Minority Interest": NaN,
        "Reconciled Depreciation": NaN,
        "Reconciled Cost Of Revenue": NaN,
        "EBITDA": NaN,
        "EBIT": NaN,
        "Net Interest Income": NaN,
        "Interest Expense": NaN,
        "Interest Income": NaN,
        "Normalized Income": NaN,
        "Net Income From Continuing And Discontinued Operation": NaN,
        "Total Expenses": NaN,
        "Total Operating Income As Reported": NaN,
        "Diluted Average Shares": NaN,
        "Basic Average Shares": NaN,
        "Diluted EPS": NaN,
        "Basic EPS": NaN,
        "Diluted NI Availto Com Stockholders": NaN,
        "Net Income Common Stockholders": NaN,
        "Net Income": NaN,
        "Minority Interests": NaN,
        "Net Income Including Noncontrolling Interests": NaN,
        "Net Income Continuous Operations": NaN,
        "Tax Provision": NaN,
        "Pretax Income": NaN,
        "Other Income Expense": NaN,
        "Other Non Operating Income Expenses": NaN,
        "Special Income Charges": NaN,
        "Gain On Sale Of Business": -35000000.0,
        "Other Special Charges": NaN,
        "Write Off": NaN,
        "Impairment Of Capital Assets": NaN,
        "Restructuring And Mergern Acquisition": NaN,
        "Earnings From Equity Interest": NaN,
        "Gain On Sale Of Security": NaN,
        "Net Non Operating Interest Income Expense": NaN,
        "Interest Expense Non Operating": NaN,
        "Interest Income Non Operating": NaN,
        "Operating Income": NaN,
        "Operating Expense": NaN,
        "Other Operating Expenses": NaN,
        "Depreciation Amortization Depletion Income Statement": NaN,
        "Depreciation And Amortization In Income Statement": NaN,
        "Amortization": NaN,
        "Amortization Of Intangibles Income Statement": NaN,
        "Selling General And Administration": NaN,
        "Selling And Marketing Expense": NaN,
        "General And Administrative Expense": NaN,
        "Salaries And Wages": NaN,
        "Gross Profit": NaN,
        "Cost Of Revenue": NaN,
        "Total Revenue": NaN,
        "Operating Revenue": NaN
    },
    "2023-03-31": {
        "Tax Effect Of Unusual Items": NaN,
        "Tax Rate For Calcs": NaN,
        "Normalized EBITDA": NaN,
        "Total Unusual Items": 514000000.0,
        "Total Unusual Items Excluding Goodwill": 514000000.0,
        "Net Income From Continuing Operation Net Minority Interest": NaN,
        "Reconciled Depreciation": NaN,
        "Reconciled Cost Of Revenue": NaN,
        "EBITDA": NaN,
        "EBIT": NaN,
        "Net Interest Income": NaN,
        "Interest Expense": NaN,
        "Interest Income": NaN,
        "Normalized Income": NaN,
        "Net Income From Continuing And Discontinued Operation": NaN,
        "Total Expenses": NaN,
        "Total Operating Income As Reported": NaN,
        "Diluted Average Shares": NaN,
        "Basic Average Shares": NaN,
        "Diluted EPS": NaN,
        "Basic EPS": NaN,
        "Diluted NI Availto Com Stockholders": NaN,
        "Net Income Common Stockholders": NaN,
        "Net Income": NaN,
        "Minority Interests": NaN,
        "Net Income Including Noncontrolling Interests": NaN,
        "Net Income Continuous Operations": NaN,
        "Tax Provision": NaN,
        "Pretax Income": NaN,
        "Other Income Expense": NaN,
        "Other Non Operating Income Expenses": NaN,
        "Special Income Charges": 359000000.0,
        "Gain On Sale Of Business": NaN,
        "Other Special Charges": NaN,
        "Write Off": NaN,
        "Impairment Of Capital Assets": NaN,
        "Restructuring And Mergern Acquisition": -359000000.0,
        "Earnings From Equity Interest": NaN,
        "Gain On Sale Of Security": 155000000.0,
        "Net Non Operating Interest Income Expense": NaN,
        "Interest Expense Non Operating": NaN,
        "Interest Income Non Operating": NaN,
        "Operating Income": NaN,
        "Operating Expense": NaN,
        "Other Operating Expenses": NaN,
        "Depreciation Amortization Depletion Income Statement": 4000000.0,
        "Depreciation And Amortization In Income Statement": 4000000.0,
        "Amortization": 4000000.0,
        "Amortization Of Intangibles Income Statement": 4000000.0,
        "Selling General And Administration": NaN,
        "Selling And Marketing Expense": NaN,
        "General And Administrative Expense": NaN,
        "Salaries And Wages": NaN,
        "Gross Profit": NaN,
        "Cost Of Revenue": NaN,
        "Total Revenue": NaN,
        "Operating Revenue": NaN
    },
    "2022-12-31": {
        "Tax Effect Of Unusual Items": NaN,
        "Tax Rate For Calcs": NaN,
        "Normalized EBITDA": NaN,
        "Total Unusual Items": NaN,
        "Total Unusual Items Excluding Goodwill": NaN,
        "Net Income From Continuing Operation Net Minority Interest": NaN,
        "Reconciled Depreciation": NaN,
        "Reconciled Cost Of Revenue": NaN,
        "EBITDA": NaN,
        "EBIT": NaN,
        "Net Interest Income": NaN,
        "Interest Expense": NaN,
        "Interest Income": NaN,
        "Normalized Income": NaN,
        "Net Income From Continuing And Discontinued Operation": NaN,
        "Total Expenses": NaN,
        "Total Operating Income As Reported": NaN,
        "Diluted Average Shares": NaN,
        "Basic Average Shares": NaN,
        "Diluted EPS": NaN,
        "Basic EPS": NaN,
        "Diluted NI Availto Com Stockholders": NaN,
        "Net Income Common Stockholders": NaN,
        "Net Income": NaN,
        "Minority Interests": NaN,
        "Net Income Including Noncontrolling Interests": NaN,
        "Net Income Continuous Operations": NaN,
        "Tax Provision": NaN,
        "Pretax Income": NaN,
        "Other Income Expense": NaN,
        "Other Non Operating Income Expenses": NaN,
        "Special Income Charges": NaN,
        "Gain On Sale Of Business": NaN,
        "Other Special Charges": NaN,
        "Write Off": 0.0,
        "Impairment Of Capital Assets": 0.0,
        "Restructuring And Mergern Acquisition": NaN,
        "Earnings From Equity Interest": NaN,
        "Gain On Sale Of Security": NaN,
        "Net Non Operating Interest Income Expense": NaN,
        "Interest Expense Non Operating": NaN,
        "Interest Income Non Operating": NaN,
        "Operating Income": NaN,
        "Operating Expense": NaN,
        "Other Operating Expenses": NaN,
        "Depreciation Amortization Depletion Income Statement": NaN,
        "Depreciation And Amortization In Income Statement": NaN,
        "Amortization": NaN,
        "Amortization Of Intangibles Income Statement": NaN,
        "Selling General And Administration": NaN,
        "Selling And Marketing Expense": NaN,
        "General And Administrative Expense": NaN,
        "Salaries And Wages": NaN,
        "Gross Profit": NaN,
        "Cost Of Revenue": NaN,
        "Total Revenue": NaN,
        "Operating Revenue": NaN
    },
    "2022-09-30": {
        "Tax Effect Of Unusual Items": NaN,
        "Tax Rate For Calcs": NaN,
        "Normalized EBITDA": NaN,
        "Total Unusual Items": NaN,
        "Total Unusual Items Excluding Goodwill": NaN,
        "Net Income From Continuing Operation Net Minority Interest": NaN,
        "Reconciled Depreciation": NaN,
        "Reconciled Cost Of Revenue": NaN,
        "EBITDA": NaN,
        "EBIT": NaN,
        "Net Interest Income": NaN,
        "Interest Expense": NaN,
        "Interest Income": NaN,
        "Normalized Income": NaN,
        "Net Income From Continuing And Discontinued Operation": NaN,
        "Total Expenses": NaN,
        "Total Operating Income As Reported": NaN,
        "Diluted Average Shares": NaN,
        "Basic Average Shares": NaN,
        "Diluted EPS": NaN,
        "Basic EPS": NaN,
        "Diluted NI Availto Com Stockholders": NaN,
        "Net Income Common Stockholders": NaN,
        "Net Income": NaN,
        "Minority Interests": NaN,
        "Net Income Including Noncontrolling Interests": NaN,
        "Net Income Continuous Operations": NaN,
        "Tax Provision": NaN,
        "Pretax Income": NaN,
        "Other Income Expense": NaN,
        "Other Non Operating Income Expenses": NaN,
        "Special Income Charges": NaN,
        "Gain On Sale Of Business": NaN,
        "Other Special Charges": NaN,
        "Write Off": NaN,
        "Impairment Of Capital Assets": 57000000.0,
        "Restructuring And Mergern Acquisition": NaN,
        "Earnings From Equity Interest": NaN,
        "Gain On Sale Of Security": NaN,
        "Net Non Operating Interest Income Expense": NaN,
        "Interest Expense Non Operating": NaN,
        "Interest Income Non Operating": NaN,
        "Operating Income": NaN,
        "Operating Expense": NaN,
        "Other Operating Expenses": NaN,
        "Depreciation Amortization Depletion Income Statement": NaN,
        "Depreciation And Amortization In Income Statement": NaN,
        "Amortization": NaN,
        "Amortization Of Intangibles Income Statement": NaN,
        "Selling General And Administration": NaN,
        "Selling And Marketing Expense": NaN,
        "General And Administrative Expense": NaN,
        "Other Gand A": 1181000000.0,
        "Salaries And Wages": NaN,
        "Gross Profit": NaN,
        "Cost Of Revenue": NaN,
        "Total Revenue": NaN,
        "Operating Revenue": NaN
    },
    "2022-06-30": {
        "Tax Effect Of Unusual Items": 0.0,
        "Tax Rate For Calcs": 0.168,
        "Normalized EBITDA": 2804000000.0,
        "Total Unusual Items": -932000000.0,
        "Total Unusual Items Excluding Goodwill": -932000000.0,
        "Net Income From Continuing Operation Net Minority Interest": 1905000000.0,
        "Reconciled Depreciation": 322000000.0,
        "Reconciled Cost Of Revenue": 4830000000.0,
        "EBITDA": 2804000000.0,
        "EBIT": 2482000000.0,
        "Net Interest Income": -98000000.0,
        "Interest Expense": 198000000.0,
        "Interest Income": 100000000.0,
        "Normalized Income": 1905000000.0,
        "Net Income From Continuing And Discontinued Operation": 1905000000.0,
        "Total Expenses": 8984000000.0,
        "Total Operating Income As Reported": 2341000000.0,
        "Diluted Average Shares": 4353000000.0,
        "Basic Average Shares": 4331000000.0,
        "Diluted EPS": 0.44,
        "Basic EPS": 0.44,
        "Diluted NI Availto Com Stockholders": 1905000000.0,
        "Net Income Common Stockholders": 1905000000.0,
        "Net Income": 1905000000.0,
        "Minority Interests": 5000000.0,
        "Net Income Including Noncontrolling Interests": 1900000000.0,
        "Net Income Continuous Operations": 1900000000.0,
        "Tax Provision": 384000000.0,
        "Pretax Income": 2284000000.0,
        "Other Income Expense": 41000000.0,
        "Other Non Operating Income Expenses": -351000000.0,
        "Special Income Charges": -932000000.0,
        "Gain On Sale Of Business": NaN,
        "Other Special Charges": NaN,
        "Impairment Of Capital Assets": NaN,
        "Restructuring And Mergern Acquisition": 932000000.0,
        "Earnings From Equity Interest": 392000000.0,
        "Net Non Operating Interest Income Expense": -98000000.0,
        "Interest Expense Non Operating": 198000000.0,
        "Interest Income Non Operating": 100000000.0,
        "Operating Income": 2341000000.0,
        "Operating Expense": 4154000000.0,
        "Other Operating Expenses": 951000000.0,
        "Selling General And Administration": 3203000000.0,
        "Selling And Marketing Expense": 1853000000.0,
        "General And Administrative Expense": 102000000.0,
        "Other Gand A": 1248000000.0,
        "Salaries And Wages": 102000000.0,
        "Gross Profit": 6495000000.0,
        "Cost Of Revenue": 4830000000.0,
        "Total Revenue": 11325000000.0,
        "Operating Revenue": 11325000000.0
    },
    "2023-09-30": {
        "Tax Effect Of Unusual Items": NaN,
        "Tax Rate For Calcs": NaN,
        "Normalized EBITDA": NaN,
        "Total Unusual Items": NaN,
        "Total Unusual Items Excluding Goodwill": NaN,
        "Net Income From Continuing Operation Net Minority Interest": NaN,
        "Reconciled Depreciation": NaN,
        "Reconciled Cost Of Revenue": NaN,
        "EBITDA": NaN,
        "EBIT": NaN,
        "Net Interest Income": NaN,
        "Interest Expense": NaN,
        "Interest Income": NaN,
        "Normalized Income": NaN,
        "Net Income From Continuing And Discontinued Operation": NaN,
        "Total Expenses": NaN,
        "Total Operating Income As Reported": NaN,
        "Diluted Average Shares": 4339000000.0,
        "Basic Average Shares": 4324000000.0,
        "Diluted EPS": 0.71,
        "Basic EPS": 0.71,
        "Diluted NI Availto Com Stockholders": NaN,
        "Net Income Common Stockholders": NaN,
        "Net Income": NaN,
        "Minority Interests": NaN,
        "Net Income Including Noncontrolling Interests": NaN,
        "Net Income Continuous Operations": NaN,
        "Tax Provision": NaN,
        "Pretax Income": NaN,
        "Other Income Expense": NaN,
        "Other Non Operating Income Expenses": NaN,
        "Special Income Charges": NaN,
        "Gain On Sale Of Business": NaN,
        "Other Special Charges": NaN,
        "Write Off": NaN,
        "Impairment Of Capital Assets": NaN,
        "Restructuring And Mergern Acquisition": NaN,
        "Earnings From Equity Interest": NaN,
        "Gain On Sale Of Security": NaN,
        "Net Non Operating Interest Income Expense": NaN,
        "Interest Expense Non Operating": NaN,
        "Interest Income Non Operating": NaN,
        "Operating Income": NaN,
        "Operating Expense": NaN,
        "Other Operating Expenses": NaN,
        "Depreciation Amortization Depletion Income Statement": 4000000.0,
        "Depreciation And Amortization In Income Statement": 4000000.0,
        "Amortization": 4000000.0,
        "Amortization Of Intangibles Income Statement": 4000000.0,
        "Selling General And Administration": NaN,
        "Selling And Marketing Expense": NaN,
        "General And Administrative Expense": NaN,
        "Salaries And Wages": NaN,
        "Gross Profit": NaN,
        "Cost Of Revenue": NaN,
        "Total Revenue": NaN,
        "Operating Revenue": NaN
    },
    "2023-12-31": {
        "Tax Effect Of Unusual Items": NaN,
        "Tax Rate For Calcs": NaN,
        "Normalized EBITDA": NaN,
        "Total Unusual Items": NaN,
        "Total Unusual Items Excluding Goodwill": NaN,
        "Net Income From Continuing Operation Net Minority Interest": NaN,
        "Reconciled Depreciation": NaN,
        "Reconciled Cost Of Revenue": NaN,
        "EBITDA": NaN,
        "EBIT": NaN,
        "Net Interest Income": NaN,
        "Interest Expense": NaN,
        "Interest Income": NaN,
        "Normalized Income": NaN,
        "Net Income From Continuing And Discontinued Operation": NaN,
        "Total Expenses": NaN,
        "Total Operating Income As Reported": NaN,
        "Diluted Average Shares": NaN,
        "Basic Average Shares": NaN,
        "Diluted EPS": NaN,
        "Basic EPS": NaN,
        "Diluted NI Availto Com Stockholders": NaN,
        "Net Income Common Stockholders": NaN,
        "Net Income": NaN,
        "Minority Interests": NaN,
        "Net Income Including Noncontrolling Interests": NaN,
        "Net Income Continuous Operations": NaN,
        "Tax Provision": NaN,
        "Pretax Income": NaN,
        "Other Income Expense": NaN,
        "Other Non Operating Income Expenses": NaN,
        "Special Income Charges": NaN,
        "Gain On Sale Of Ppe": NaN,
        "Gain On Sale Of Business": -345000000.0,
        "Other Special Charges": NaN,
        "Write Off": NaN,
        "Impairment Of Capital Assets": NaN,
        "Restructuring And Mergern Acquisition": NaN,
        "Earnings From Equity Interest": NaN,
        "Gain On Sale Of Security": NaN,
        "Net Non Operating Interest Income Expense": NaN,
        "Interest Expense Non Operating": NaN,
        "Interest Income Non Operating": NaN,
        "Operating Income": NaN,
        "Operating Expense": NaN,
        "Other Operating Expenses": NaN,
        "Depreciation Amortization Depletion Income Statement": NaN,
        "Depreciation And Amortization In Income Statement": NaN,
        "Amortization": NaN,
        "Amortization Of Intangibles Income Statement": NaN,
        "Selling General And Administration": NaN,
        "Selling And Marketing Expense": NaN,
        "General And Administrative Expense": NaN,
        "Other Gand A": NaN,
        "Salaries And Wages": 77000000.0,
        "Gross Profit": NaN,
        "Cost Of Revenue": NaN,
        "Total Revenue": NaN,
        "Operating Revenue": NaN
    },
    "2024-03-31": {
        "Tax Effect Of Unusual Items": NaN,
        "Tax Rate For Calcs": NaN,
        "Normalized EBITDA": NaN,
        "Total Unusual Items": NaN,
        "Total Unusual Items Excluding Goodwill": NaN,
        "Net Income From Continuing Operation Net Minority Interest": NaN,
        "Reconciled Depreciation": NaN,
        "Reconciled Cost Of Revenue": NaN,
        "EBITDA": NaN,
        "EBIT": NaN,
        "Net Interest Income": NaN,
        "Interest Expense": NaN,
        "Interest Income": NaN,
        "Normalized Income": NaN,
        "Net Income From Continuing And Discontinued Operation": NaN,
        "Total Expenses": NaN,
        "Total Operating Income As Reported": NaN,
        "Diluted Average Shares": NaN,
        "Basic Average Shares": NaN,
        "Diluted EPS": NaN,
        "Basic EPS": NaN,
        "Diluted NI Availto Com Stockholders": NaN,
        "Net Income Common Stockholders": NaN,
        "Net Income": NaN,
        "Minority Interests": NaN,
        "Net Income Including Noncontrolling Interests": NaN,
        "Net Income Continuous Operations": NaN,
        "Tax Provision": NaN,
        "Pretax Income": NaN,
        "Other Income Expense": NaN,
        "Other Non Operating Income Expenses": NaN,
        "Special Income Charges": NaN,
        "Gain On Sale Of Ppe": NaN,
        "Gain On Sale Of Business": 516000000.0,
        "Other Special Charges": NaN,
        "Write Off": 760000000.0,
        "Impairment Of Capital Assets": 760000000.0,
        "Restructuring And Mergern Acquisition": NaN,
        "Earnings From Equity Interest": NaN,
        "Gain On Sale Of Security": NaN,
        "Net Non Operating Interest Income Expense": NaN,
        "Interest Expense Non Operating": NaN,
        "Interest Income Non Operating": NaN,
        "Operating Income": NaN,
        "Operating Expense": NaN,
        "Other Operating Expenses": NaN,
        "Depreciation Amortization Depletion Income Statement": NaN,
        "Depreciation And Amortization In Income Statement": NaN,
        "Amortization": NaN,
        "Amortization Of Intangibles Income Statement": NaN,
        "Selling General And Administration": NaN,
        "Selling And Marketing Expense": NaN,
        "General And Administrative Expense": NaN,
        "Other Gand A": 2190000000.0,
        "Salaries And Wages": 68000000.0,
        "Gross Profit": NaN,
        "Cost Of Revenue": NaN,
        "Total Revenue": NaN,
        "Operating Revenue": NaN
    },
    "2024-06-30": {
        "Tax Effect Of Unusual Items": NaN,
        "Tax Rate For Calcs": NaN,
        "Normalized EBITDA": NaN,
        "Total Unusual Items": NaN,
        "Total Unusual Items Excluding Goodwill": NaN,
        "Net Income From Continuing Operation Net Minority Interest": NaN,
        "Reconciled Depreciation": NaN,
        "Reconciled Cost Of Revenue": NaN,
        "EBITDA": NaN,
        "EBIT": NaN,
        "Net Interest Income": NaN,
        "Interest Expense": NaN,
        "Interest Income": NaN,
        "Normalized Income": NaN,
        "Net Income From Continuing And Discontinued Operation": NaN,
        "Total Expenses": NaN,
        "Total Operating Income As Reported": NaN,
        "Diluted Average Shares": NaN,
        "Basic Average Shares": NaN,
        "Diluted EPS": NaN,
        "Basic EPS": NaN,
        "Diluted NI Availto Com Stockholders": NaN,
        "Net Income Common Stockholders": NaN,
        "Net Income": NaN,
        "Minority Interests": NaN,
        "Net Income Including Noncontrolling Interests": NaN,
        "Net Income Continuous Operations": NaN,
        "Tax Provision": NaN,
        "Pretax Income": NaN,
        "Other Income Expense": NaN,
        "Other Non Operating Income Expenses": NaN,
        "Special Income Charges": NaN,
        "Gain On Sale Of Ppe": NaN,
        "Gain On Sale Of Business": NaN,
        "Other Special Charges": NaN,
        "Write Off": 34000000.0,
        "Impairment Of Capital Assets": NaN,
        "Restructuring And Mergern Acquisition": NaN,
        "Earnings From Equity Interest": NaN,
        "Gain On Sale Of Security": NaN,
        "Net Non Operating Interest Income Expense": NaN,
        "Interest Expense Non Operating": NaN,
        "Interest Income Non Operating": NaN,
        "Operating Income": NaN,
        "Operating Expense": NaN,
        "Other Operating Expenses": NaN,
        "Depreciation Amortization Depletion Income Statement": 3000000.0,
        "Depreciation And Amortization In Income Statement": 3000000.0,
        "Amortization": 3000000.0,
        "Amortization Of Intangibles Income Statement": 3000000.0,
        "Selling General And Administration": NaN,
        "Selling And Marketing Expense": NaN,
        "General And Administrative Expense": NaN,
        "Other Gand A": 2149000000.0,
        "Salaries And Wages": 72000000.0,
        "Gross Profit": NaN,
        "Cost Of Revenue": NaN,
        "Total Revenue": NaN,
        "Operating Revenue": NaN
    },
    "2024-09-30": {
        "Tax Effect Of Unusual Items": -80284023.668639,
        "Tax Rate For Calcs": 0.156805,
        "Normalized EBITDA": 4551000000.0,
        "Total Unusual Items": -478000000.0,
        "Total Unusual Items Excluding Goodwill": -478000000.0,
        "Net Income From Continuing Operation Net Minority Interest": 2848000000.0,
        "Reconciled Depreciation": 268000000.0,
        "Reconciled Cost Of Revenue": 4400000000.0,
        "EBITDA": 4073000000.0,
        "EBIT": 3805000000.0,
        "Net Interest Income": -162000000.0,
        "Interest Expense": 425000000.0,
        "Interest Income": 263000000.0,
        "Normalized Income": 3279715976.331361,
        "Net Income From Continuing And Discontinued Operation": 2848000000.0,
        "Total Expenses": 8338000000.0,
        "Total Operating Income As Reported": 2510000000.0,
        "Diluted Average Shares": 4323000000.0,
        "Basic Average Shares": 4311000000.0,
        "Diluted EPS": 0.66,
        "Basic EPS": 0.66,
        "Diluted NI Availto Com Stockholders": 2848000000.0,
        "Net Income Common Stockholders": 2848000000.0,
        "Net Income": 2848000000.0,
        "Minority Interests": -2000000.0,
        "Net Income Including Noncontrolling Interests": 2850000000.0,
        "Net Income Continuous Operations": 2850000000.0,
        "Tax Provision": 530000000.0,
        "Pretax Income": 3380000000.0,
        "Other Income Expense": 26000000.0,
        "Other Non Operating Income Expenses": -37000000.0,
        "Special Income Charges": -648000000.0,
        "Gain On Sale Of Ppe": NaN,
        "Gain On Sale Of Business": 322000000.0,
        "Other Special Charges": -36000000.0,
        "Write Off": NaN,
        "Impairment Of Capital Assets": 87000000.0,
        "Restructuring And Mergern Acquisition": 919000000.0,
        "Earnings From Equity Interest": 541000000.0,
        "Gain On Sale Of Security": 170000000.0,
        "Net Non Operating Interest Income Expense": -162000000.0,
        "Interest Expense Non Operating": 425000000.0,
        "Interest Income Non Operating": 263000000.0,
        "Operating Income": 3516000000.0,
        "Operating Expense": 3674000000.0,
        "Other Operating Expenses": 34000000.0,
        "Depreciation Amortization Depletion Income Statement": 4000000.0,
        "Depreciation And Amortization In Income Statement": 4000000.0,
        "Amortization": 4000000.0,
        "Amortization Of Intangibles Income Statement": 4000000.0,
        "Selling General And Administration": 3636000000.0,
        "Selling And Marketing Expense": 1376000000.0,
        "General And Administrative Expense": 2260000000.0,
        "Other Gand A": NaN,
        "Salaries And Wages": 67000000.0,
        "Gross Profit": 7190000000.0,
        "Cost Of Revenue": 4664000000.0,
        "Total Revenue": 11854000000.0,
        "Operating Revenue": 11854000000.0
    },
    "2024-12-31": {
        "Tax Effect Of Unusual Items": -42477904.490378,
        "Tax Rate For Calcs": 0.211333,
        "Normalized EBITDA": 3714000000.0,
        "Total Unusual Items": -201000000.0,
        "Total Unusual Items Excluding Goodwill": -201000000.0,
        "Net Income From Continuing Operation Net Minority Interest": 2195000000.0,
        "Reconciled Depreciation": 276000000.0,
        "Reconciled Cost Of Revenue": 4613000000.0,
        "EBITDA": 3513000000.0,
        "EBIT": 3237000000.0,
        "Net Interest Income": -227000000.0,
        "Interest Expense": 431000000.0,
        "Interest Income": 204000000.0,
        "Normalized Income": 2353522095.509622,
        "Net Income From Continuing And Discontinued Operation": 2195000000.0,
        "Total Expenses": 8679000000.0,
        "Total Operating Income As Reported": 2709000000.0,
        "Diluted Average Shares": 4317000000.0,
        "Basic Average Shares": 4306000000.0,
        "Diluted EPS": 0.51,
        "Basic EPS": 0.51,
        "Diluted NI Availto Com Stockholders": 2195000000.0,
        "Net Income Common Stockholders": 2195000000.0,
        "Net Income": 2195000000.0,
        "Minority Interests": -18000000.0,
        "Net Income Including Noncontrolling Interests": 2213000000.0,
        "Net Income Continuous Operations": 2213000000.0,
        "Tax Provision": 593000000.0,
        "Pretax Income": 2806000000.0,
        "Other Income Expense": 168000000.0,
        "Other Non Operating Income Expenses": 31000000.0,
        "Special Income Charges": -177000000.0,
        "Gain On Sale Of Ppe": NaN,
        "Gain On Sale Of Business": -871000000.0,
        "Other Special Charges": 42000000.0,
        "Write Off": 0.0,
        "Impairment Of Capital Assets": 39000000.0,
        "Restructuring And Mergern Acquisition": -775000000.0,
        "Earnings From Equity Interest": 338000000.0,
        "Gain On Sale Of Security": -24000000.0,
        "Net Non Operating Interest Income Expense": -227000000.0,
        "Interest Expense Non Operating": 431000000.0,
        "Interest Income Non Operating": 204000000.0,
        "Operating Income": 2865000000.0,
        "Operating Expense": 4066000000.0,
        "Other Operating Expenses": 2097000000.0,
        "Depreciation Amortization Depletion Income Statement": NaN,
        "Depreciation And Amortization In Income Statement": NaN,
        "Amortization": NaN,
        "Amortization Of Intangibles Income Statement": NaN,
        "Selling General And Administration": 1980000000.0,
        "Selling And Marketing Expense": 1901000000.0,
        "General And Administrative Expense": 79000000.0,
        "Other Gand A": NaN,
        "Salaries And Wages": 79000000.0,
        "Gross Profit": 6931000000.0,
        "Cost Of Revenue": 4613000000.0,
        "Total Revenue": 11544000000.0,
        "Operating Revenue": 11544000000.0
    },
    "2025-03-31": {
        "Tax Effect Of Unusual Items": 41118000.0,
        "Tax Rate For Calcs": 0.178,
        "Normalized EBITDA": 4480000000.0,
        "Total Unusual Items": 231000000.0,
        "Total Unusual Items Excluding Goodwill": 231000000.0,
        "Net Income From Continuing Operation Net Minority Interest": 3330000000.0,
        "Reconciled Depreciation": 267000000.0,
        "Reconciled Cost Of Revenue": 3899000000.0,
        "EBITDA": 4711000000.0,
        "EBIT": 4444000000.0,
        "Net Interest Income": -207000000.0,
        "Interest Expense": 387000000.0,
        "Interest Income": 180000000.0,
        "Normalized Income": 3140118000.0,
        "Net Income From Continuing And Discontinued Operation": 3330000000.0,
        "Total Expenses": 7411000000.0,
        "Total Operating Income As Reported": 3659000000.0,
        "Diluted Average Shares": 4313000000.0,
        "Basic Average Shares": 4302000000.0,
        "Diluted EPS": 0.77,
        "Basic EPS": 0.77,
        "Diluted NI Availto Com Stockholders": 3330000000.0,
        "Net Income Common Stockholders": 3330000000.0,
        "Net Income": 3330000000.0,
        "Minority Interests": -5000000.0,
        "Net Income Including Noncontrolling Interests": 3335000000.0,
        "Net Income Continuous Operations": 3335000000.0,
        "Tax Provision": 722000000.0,
        "Pretax Income": 4057000000.0,
        "Other Income Expense": 546000000.0,
        "Other Non Operating Income Expenses": -36000000.0,
        "Special Income Charges": 211000000.0,
        "Gain On Sale Of Ppe": NaN,
        "Gain On Sale Of Business": 331000000.0,
        "Other Special Charges": 3000000.0,
        "Write Off": 25000000.0,
        "Impairment Of Capital Assets": NaN,
        "Restructuring And Mergern Acquisition": 92000000.0,
        "Earnings From Equity Interest": 351000000.0,
        "Gain On Sale Of Security": 20000000.0,
        "Net Non Operating Interest Income Expense": -207000000.0,
        "Interest Expense Non Operating": 387000000.0,
        "Interest Income Non Operating": 180000000.0,
        "Operating Income": 3718000000.0,
        "Operating Expense": 3248000000.0,
        "Other Operating Expenses": 11000000.0,
        "Depreciation Amortization Depletion Income Statement": 3000000.0,
        "Depreciation And Amortization In Income Statement": 3000000.0,
        "Amortization": 3000000.0,
        "Amortization Of Intangibles Income Statement": 3000000.0,
        "Selling General And Administration": 3234000000.0,
        "Selling And Marketing Expense": 1089000000.0,
        "General And Administrative Expense": 2145000000.0,
        "Other Gand A": 2145000000.0,
        "Salaries And Wages": NaN,
        "Gross Profit": 6966000000.0,
        "Cost Of Revenue": 4163000000.0,
        "Total Revenue": 11129000000.0,
        "Operating Revenue": 11129000000.0
    },
    "2025-06-30": {
        "Tax Effect Of Unusual Items": 39131984.98749,
        "Tax Rate For Calcs": 0.207048,
        "Normalized EBITDA": 5331000000.0,
        "Total Unusual Items": 189000000.0,
        "Total Unusual Items Excluding Goodwill": 189000000.0,
        "Net Income From Continuing Operation Net Minority Interest": 3810000000.0,
        "Reconciled Depreciation": 279000000.0,
        "Reconciled Cost Of Revenue": 4439000000.0,
        "EBITDA": 5520000000.0,
        "EBIT": 5241000000.0,
        "Net Interest Income": -257000000.0,
        "Interest Expense": 445000000.0,
        "Interest Income": 188000000.0,
        "Normalized Income": 3660131984.98749,
        "Net Income From Continuing And Discontinued Operation": 3810000000.0,
        "Total Expenses": 8216000000.0,
        "Total Operating Income As Reported": 4280000000.0,
        "Diluted Average Shares": 4315000000.0,
        "Basic Average Shares": 4304000000.0,
        "Diluted EPS": 0.88,
        "Basic EPS": 0.89,
        "Diluted NI Availto Com Stockholders": 3810000000.0,
        "Net Income Common Stockholders": 3810000000.0,
        "Net Income": 3810000000.0,
        "Minority Interests": 7000000.0,
        "Net Income Including Noncontrolling Interests": 3803000000.0,
        "Net Income Continuous Operations": 3803000000.0,
        "Tax Provision": 993000000.0,
        "Pretax Income": 4796000000.0,
        "Other Income Expense": 741000000.0,
        "Other Non Operating Income Expenses": -9000000.0,
        "Special Income Charges": -6000000.0,
        "Gain On Sale Of Ppe": -28000000.0,
        "Gain On Sale Of Business": NaN,
        "Other Special Charges": 2000000.0,
        "Write Off": 40000000.0,
        "Impairment Of Capital Assets": 31000000.0,
        "Restructuring And Mergern Acquisition": -95000000.0,
        "Earnings From Equity Interest": 561000000.0,
        "Gain On Sale Of Security": 195000000.0,
        "Net Non Operating Interest Income Expense": -257000000.0,
        "Interest Expense Non Operating": 445000000.0,
        "Interest Income Non Operating": 188000000.0,
        "Operating Income": 4319000000.0,
        "Operating Expense": 3502000000.0,
        "Other Operating Expenses": 28000000.0,
        "Depreciation Amortization Depletion Income Statement": 4000000.0,
        "Depreciation And Amortization In Income Statement": 4000000.0,
        "Amortization": 4000000.0,
        "Amortization Of Intangibles Income Statement": 4000000.0,
        "Selling General And Administration": 3470000000.0,
        "Selling And Marketing Expense": 1328000000.0,
        "General And Administrative Expense": 2142000000.0,
        "Other Gand A": 2142000000.0,
        "Salaries And Wages": NaN,
        "Gross Profit": 7821000000.0,
        "Cost Of Revenue": 4714000000.0,
        "Total Revenue": 12535000000.0,
        "Operating Revenue": 12535000000.0
    },
    "2025-09-30": {
        "Tax Effect Of Unusual Items": -30480516.375807,
        "Tax Rate For Calcs": 0.119531,
        "Normalized EBITDA": 5097000000.0,
        "Total Unusual Items": -255000000.0,
        "Total Unusual Items Excluding Goodwill": -255000000.0,
        "Net Income From Continuing Operation Net Minority Interest": 3696000000.0,
        "Reconciled Depreciation": 268000000.0,
        "Reconciled Cost Of Revenue": 4533000000.0,
        "EBITDA": 4842000000.0,
        "EBIT": 4574000000.0,
        "Net Interest Income": -206000000.0,
        "Interest Expense": 391000000.0,
        "Interest Income": 185000000.0,
        "Normalized Income": 3920519483.624193,
        "Net Income From Continuing And Discontinued Operation": 3696000000.0,
        "Total Expenses": 8443000000.0,
        "Total Operating Income As Reported": 3982000000.0,
        "Diluted Average Shares": 4313000000.0,
        "Basic Average Shares": 4303000000.0,
        "Diluted EPS": 0.86,
        "Basic EPS": 0.86,
        "Diluted NI Availto Com Stockholders": 3696000000.0,
        "Net Income Common Stockholders": 3696000000.0,
        "Net Income": 3696000000.0,
        "Minority Interests": 13000000.0,
        "Net Income Including Noncontrolling Interests": 3683000000.0,
        "Net Income Continuous Operations": 3683000000.0,
        "Tax Provision": 500000000.0,
        "Pretax Income": 4183000000.0,
        "Other Income Expense": 377000000.0,
        "Other Non Operating Income Expenses": -12000000.0,
        "Special Income Charges": -431000000.0,
        "Gain On Sale Of Ppe": NaN,
        "Gain On Sale Of Business": -393000000.0,
        "Other Special Charges": 3000000.0,
        "Write Off": NaN,
        "Impairment Of Capital Assets": NaN,
        "Restructuring And Mergern Acquisition": 35000000.0,
        "Earnings From Equity Interest": 644000000.0,
        "Gain On Sale Of Security": 176000000.0,
        "Net Non Operating Interest Income Expense": -206000000.0,
        "Interest Expense Non Operating": 391000000.0,
        "Interest Income Non Operating": 185000000.0,
        "Operating Income": 4012000000.0,
        "Operating Expense": 3646000000.0,
        "Other Operating Expenses": 24000000.0,
        "Depreciation Amortization Depletion Income Statement": 4000000.0,
        "Depreciation And Amortization In Income Statement": 4000000.0,
        "Amortization": 4000000.0,
        "Amortization Of Intangibles Income Statement": 4000000.0,
        "Selling General And Administration": 3618000000.0,
        "Selling And Marketing Expense": 1523000000.0,
        "General And Administrative Expense": 2095000000.0,
        "Other Gand A": 2095000000.0,
        "Salaries And Wages": NaN,
        "Gross Profit": 7658000000.0,
        "Cost Of Revenue": 4797000000.0,
        "Total Revenue": 12455000000.0,
        "Operating Revenue": 12455000000.0
    }
}