{
    "2023-03-31": {
        "Tax Effect Of Unusual Items": NaN,
        "Tax Rate For Calcs": NaN,
        "Normalized EBITDA": NaN,
        "Net Income From Continuing Operation Net Minority Interest": NaN,
        "Reconciled Depreciation": NaN,
        "EBITDA": NaN,
        "EBIT": NaN,
        "Net Interest Income": NaN,
        "Interest Expense": NaN,
        "Interest Income": NaN,
        "Normalized Income": NaN,
        "Net Income From Continuing And Discontinued Operation": NaN,
        "Total Expenses": NaN,
        "Total Operating Income As Reported": NaN,
        "Diluted Average Shares": 52337603.0,
        "Basic Average Shares": 52337603.0,
        "Diluted EPS": -1.35,
        "Basic EPS": -1.35,
        "Diluted NI Availto Com Stockholders": NaN,
        "Net Income Common Stockholders": NaN,
        "Net Income": NaN,
        "Net Income Including Noncontrolling Interests": NaN,
        "Net Income Continuous Operations": NaN,
        "Pretax Income": NaN,
        "Other Income Expense": NaN,
        "Other Non Operating Income Expenses": NaN,
        "Net Non Operating Interest Income Expense": NaN,
        "Interest Expense Non Operating": NaN,
        "Interest Income Non Operating": NaN,
        "Operating Income": NaN,
        "Operating Expense": NaN,
        "Research And Development": NaN,
        "Selling General And Administration": NaN,
        "General And Administrative Expense": NaN,
        "Other Gand A": NaN,
        "Total Revenue": NaN,
        "Operating Revenue": NaN
    },
    "2022-12-31": {
        "Tax Effect Of Unusual Items": NaN,
        "Tax Rate For Calcs": NaN,
        "Normalized EBITDA": NaN,
        "Net Income From Continuing Operation Net Minority Interest": NaN,
        "Reconciled Depreciation": NaN,
        "EBITDA": NaN,
        "EBIT": NaN,
        "Net Interest Income": NaN,
        "Interest Expense": NaN,
        "Interest Income": NaN,
        "Normalized Income": NaN,
        "Net Income From Continuing And Discontinued Operation": NaN,
        "Total Expenses": NaN,
        "Total Operating Income As Reported": NaN,
        "Diluted Average Shares": 52316531.0,
        "Basic Average Shares": 52316531.0,
        "Diluted EPS": -1.35,
        "Basic EPS": -1.35,
        "Diluted NI Availto Com Stockholders": NaN,
        "Net Income Common Stockholders": NaN,
        "Net Income": NaN,
        "Net Income Including Noncontrolling Interests": NaN,
        "Net Income Continuous Operations": NaN,
        "Pretax Income": NaN,
        "Other Income Expense": NaN,
        "Other Non Operating Income Expenses": NaN,
        "Net Non Operating Interest Income Expense": NaN,
        "Interest Expense Non Operating": NaN,
        "Interest Income Non Operating": NaN,
        "Operating Income": NaN,
        "Operating Expense": NaN,
        "Research And Development": NaN,
        "Selling General And Administration": NaN,
        "General And Administrative Expense": NaN,
        "Other Gand A": NaN,
        "Total Revenue": NaN,
        "Operating Revenue": NaN
    },
    "2022-09-30": {
        "Tax Effect Of Unusual Items": 0.0,
        "Tax Rate For Calcs": 0.0,
        "Normalized EBITDA": -74159000.0,
        "Net Income From Continuing Operation Net Minority Interest": -77038000.0,
        "Reconciled Depreciation": 2875000.0,
        "EBITDA": -74159000.0,
        "EBIT": -77034000.0,
        "Net Interest Income": 2024000.0,
        "Interest Expense": 4000.0,
        "Interest Income": 2028000.0,
        "Normalized Income": -77038000.0,
        "Net Income From Continuing And Discontinued Operation": -77038000.0,
        "Total Expenses": 79478000.0,
        "Total Operating Income As Reported": -79478000.0,
        "Diluted Average Shares": 52288257.0,
        "Basic Average Shares": 52288257.0,
        "Diluted EPS": -1.47,
        "Basic EPS": -1.47,
        "Diluted NI Availto Com Stockholders": -77038000.0,
        "Net Income Common Stockholders": -77038000.0,
        "Net Income": -77038000.0,
        "Net Income Including Noncontrolling Interests": -77038000.0,
        "Net Income Continuous Operations": -77038000.0,
        "Pretax Income": -77038000.0,
        "Other Income Expense": 416000.0,
        "Other Non Operating Income Expenses": 416000.0,
        "Net Non Operating Interest Income Expense": 2024000.0,
        "Interest Expense Non Operating": 4000.0,
        "Interest Income Non Operating": 2028000.0,
        "Operating Income": -79478000.0,
        "Operating Expense": 79478000.0,
        "Research And Development": 61676000.0,
        "Selling General And Administration": 17802000.0,
        "General And Administrative Expense": 17802000.0,
        "Other Gand A": 17802000.0,
        "Total Revenue": 0.0,
        "Operating Revenue": 0.0
    },
    "2022-06-30": {
        "Tax Effect Of Unusual Items": 0.0,
        "Tax Rate For Calcs": 0.0,
        "Normalized EBITDA": -88008000.0,
        "Net Income From Continuing Operation Net Minority Interest": -90628000.0,
        "Reconciled Depreciation": 2615000.0,
        "EBITDA": -88008000.0,
        "EBIT": -90623000.0,
        "Net Interest Income": 1130000.0,
        "Interest Expense": 5000.0,
        "Interest Income": 1135000.0,
        "Normalized Income": -90628000.0,
        "Net Income From Continuing And Discontinued Operation": -90628000.0,
        "Total Expenses": 92068000.0,
        "Total Operating Income As Reported": -92068000.0,
        "Diluted Average Shares": 52218773.0,
        "Basic Average Shares": 52218773.0,
        "Diluted EPS": -1.74,
        "Basic EPS": -1.74,
        "Diluted NI Availto Com Stockholders": -90628000.0,
        "Net Income Common Stockholders": -90628000.0,
        "Net Income": -90628000.0,
        "Net Income Including Noncontrolling Interests": -90628000.0,
        "Net Income Continuous Operations": -90628000.0,
        "Pretax Income": -90628000.0,
        "Other Income Expense": 310000.0,
        "Other Non Operating Income Expenses": 310000.0,
        "Net Non Operating Interest Income Expense": 1130000.0,
        "Interest Expense Non Operating": 5000.0,
        "Interest Income Non Operating": 1135000.0,
        "Operating Income": -92068000.0,
        "Operating Expense": 92068000.0,
        "Research And Development": 73744000.0,
        "Selling General And Administration": 18324000.0,
        "General And Administrative Expense": 18324000.0,
        "Other Gand A": 18324000.0,
        "Total Revenue": 0.0,
        "Operating Revenue": 0.0
    },
    "2022-03-31": {
        "Diluted EPS": -1.83,
        "Total Revenue": NaN,
        "Gross Profit": NaN,
        "Operating Income": -96,
        "EBIT": -94,
        "Net Income": -96
    },
    "2021-12-31": {
        "Diluted EPS": -1.8,
        "Total Revenue": NaN,
        "Gross Profit": NaN,
        "Operating Income": -93,
        "EBIT": -91,
        "Net Income": -93
    },
    "2021-09-30": {
        "Diluted EPS": -1.3,
        "Total Revenue": NaN,
        "Gross Profit": NaN,
        "Operating Income": -68,
        "EBIT": -65,
        "Net Income": -68
    },
    "2021-06-30": {
        "Diluted EPS": -1.08,
        "Total Revenue": NaN,
        "Gross Profit": NaN,
        "Operating Income": -56,
        "EBIT": -54,
        "Net Income": -56
    },
    "2021-03-31": {
        "Diluted EPS": -0.98,
        "Total Revenue": NaN,
        "Gross Profit": NaN,
        "Operating Income": -51,
        "EBIT": -48,
        "Net Income": -50
    },
    "2020-12-31": {
        "Diluted EPS": -0.99,
        "Total Revenue": NaN,
        "Gross Profit": NaN,
        "Operating Income": -47,
        "EBIT": -45,
        "Net Income": -47
    },
    "2020-09-30": {
        "Diluted EPS": -0.8,
        "Total Revenue": NaN,
        "Gross Profit": NaN,
        "Operating Income": -37,
        "EBIT": -35,
        "Net Income": -36
    },
    "2020-06-30": {
        "Diluted EPS": -0.58,
        "Total Revenue": NaN,
        "Gross Profit": NaN,
        "Operating Income": -27,
        "EBIT": -27,
        "Net Income": -26
    },
    "2020-03-31": {
        "Diluted EPS": -0.54,
        "Total Revenue": NaN,
        "Gross Profit": NaN,
        "Operating Income": -26,
        "EBIT": -26,
        "Net Income": -24
    },
    "2019-12-31": {
        "Diluted EPS": -0.4,
        "Total Revenue": NaN,
        "Gross Profit": NaN,
        "Operating Income": -16,
        "EBIT": -16,
        "Net Income": -16
    },
    "2019-09-30": {
        "Diluted EPS": -0.33,
        "Total Revenue": NaN,
        "Gross Profit": NaN,
        "Operating Income": -13,
        "EBIT": -13,
        "Net Income": -12
    },
    "2019-06-30": {
        "Diluted EPS": -0.31,
        "Total Revenue": NaN,
        "Gross Profit": NaN,
        "Operating Income": -12,
        "EBIT": -12,
        "Net Income": -11
    },
    "2019-03-31": {
        "Diluted EPS": -0.21,
        "Total Revenue": NaN,
        "Gross Profit": NaN,
        "Operating Income": -8,
        "EBIT": -8,
        "Net Income": -8
    },
    "2018-12-31": {
        "Diluted EPS": 0.68,
        "Total Revenue": NaN,
        "Gross Profit": NaN,
        "Operating Income": -9,
        "EBIT": -9,
        "Net Income": -15
    },
    "2018-09-30": {
        "Diluted EPS": -1.33,
        "Total Revenue": NaN,
        "Gross Profit": NaN,
        "Operating Income": -6,
        "EBIT": -6,
        "Net Income": -10
    },
    "2018-06-30": {
        "Diluted EPS": -0.96,
        "Total Revenue": NaN,
        "Gross Profit": NaN,
        "Operating Income": -5,
        "EBIT": -5,
        "Net Income": -7
    },
    "2018-03-31": {
        "Diluted EPS": -1.16,
        "Total Revenue": NaN,
        "Gross Profit": NaN,
        "Operating Income": -6,
        "EBIT": -5,
        "Net Income": -9
    },
    "2017-12-31": {
        "Diluted EPS": 0.0,
        "Total Revenue": NaN,
        "Gross Profit": NaN,
        "Operating Income": NaN,
        "EBIT": NaN,
        "Net Income": NaN
    },
    "2017-09-30": {
        "Diluted EPS": -0.61,
        "Total Revenue": NaN,
        "Gross Profit": NaN,
        "Operating Income": -4,
        "EBIT": -4,
        "Net Income": -5
    },
    "2016-12-31": {
        "Diluted EPS": 0.0,
        "Total Revenue": NaN,
        "Gross Profit": NaN,
        "Operating Income": NaN,
        "EBIT": NaN,
        "Net Income": NaN
    },
    "2023-06-30": {
        "Tax Effect Of Unusual Items": NaN,
        "Tax Rate For Calcs": NaN,
        "Normalized EBITDA": NaN,
        "Net Income From Continuing Operation Net Minority Interest": NaN,
        "Reconciled Depreciation": NaN,
        "EBITDA": NaN,
        "EBIT": NaN,
        "Net Interest Income": NaN,
        "Interest Expense": NaN,
        "Interest Income": NaN,
        "Normalized Income": NaN,
        "Net Income From Continuing And Discontinued Operation": NaN,
        "Total Expenses": NaN,
        "Total Operating Income As Reported": NaN,
        "Diluted Average Shares": 52378729.0,
        "Basic Average Shares": 52378729.0,
        "Diluted EPS": -1.53,
        "Basic EPS": -1.53,
        "Diluted NI Availto Com Stockholders": NaN,
        "Net Income Common Stockholders": NaN,
        "Net Income": NaN,
        "Net Income Including Noncontrolling Interests": NaN,
        "Net Income Continuous Operations": NaN,
        "Pretax Income": NaN,
        "Other Income Expense": NaN,
        "Other Non Operating Income Expenses": NaN,
        "Net Non Operating Interest Income Expense": NaN,
        "Interest Expense Non Operating": NaN,
        "Interest Income Non Operating": NaN,
        "Operating Income": NaN,
        "Operating Expense": NaN,
        "Research And Development": NaN,
        "Selling General And Administration": NaN,
        "General And Administrative Expense": NaN,
        "Other Gand A": NaN,
        "Total Revenue": NaN,
        "Operating Revenue": NaN
    },
    "2023-09-30": {
        "Tax Effect Of Unusual Items": NaN,
        "Tax Rate For Calcs": NaN,
        "Normalized EBITDA": NaN,
        "Net Income From Continuing Operation Net Minority Interest": NaN,
        "Reconciled Depreciation": NaN,
        "EBITDA": NaN,
        "EBIT": NaN,
        "Net Interest Income": NaN,
        "Interest Expense": NaN,
        "Interest Income": NaN,
        "Normalized Income": NaN,
        "Net Income From Continuing And Discontinued Operation": NaN,
        "Total Expenses": NaN,
        "Total Operating Income As Reported": NaN,
        "Diluted Average Shares": 52455620.0,
        "Basic Average Shares": 52455620.0,
        "Diluted EPS": -0.95,
        "Basic EPS": -0.95,
        "Diluted NI Availto Com Stockholders": NaN,
        "Net Income Common Stockholders": NaN,
        "Net Income": NaN,
        "Net Income Including Noncontrolling Interests": NaN,
        "Net Income Continuous Operations": NaN,
        "Pretax Income": NaN,
        "Other Income Expense": NaN,
        "Other Non Operating Income Expenses": NaN,
        "Net Non Operating Interest Income Expense": NaN,
        "Interest Expense Non Operating": NaN,
        "Interest Income Non Operating": NaN,
        "Operating Income": NaN,
        "Operating Expense": NaN,
        "Research And Development": NaN,
        "Selling General And Administration": NaN,
        "General And Administrative Expense": NaN,
        "Other Gand A": NaN,
        "Total Revenue": NaN,
        "Operating Revenue": NaN
    },
    "2023-12-31": {
        "Tax Effect Of Unusual Items": NaN,
        "Tax Rate For Calcs": NaN,
        "Normalized EBITDA": NaN,
        "Net Income From Continuing Operation Net Minority Interest": NaN,
        "Reconciled Depreciation": NaN,
        "EBITDA": NaN,
        "EBIT": NaN,
        "Net Interest Income": NaN,
        "Interest Expense": 0.0,
        "Interest Income": NaN,
        "Normalized Income": NaN,
        "Net Income From Continuing And Discontinued Operation": NaN,
        "Total Expenses": NaN,
        "Total Operating Income As Reported": NaN,
        "Diluted Average Shares": NaN,
        "Basic Average Shares": NaN,
        "Diluted EPS": NaN,
        "Basic EPS": NaN,
        "Diluted NI Availto Com Stockholders": NaN,
        "Net Income Common Stockholders": NaN,
        "Net Income": NaN,
        "Net Income Including Noncontrolling Interests": NaN,
        "Net Income Continuous Operations": NaN,
        "Pretax Income": NaN,
        "Other Income Expense": NaN,
        "Other Non Operating Income Expenses": NaN,
        "Net Non Operating Interest Income Expense": NaN,
        "Interest Expense Non Operating": 0.0,
        "Interest Income Non Operating": NaN,
        "Operating Income": NaN,
        "Operating Expense": NaN,
        "Research And Development": NaN,
        "Selling General And Administration": NaN,
        "General And Administrative Expense": NaN,
        "Other Gand A": NaN,
        "Total Revenue": NaN,
        "Operating Revenue": NaN
    },
    "2024-03-31": {
        "Tax Effect Of Unusual Items": NaN,
        "Tax Rate For Calcs": NaN,
        "Normalized EBITDA": NaN,
        "Net Income From Continuing Operation Net Minority Interest": NaN,
        "Reconciled Depreciation": NaN,
        "EBITDA": NaN,
        "EBIT": NaN,
        "Net Interest Income": NaN,
        "Interest Expense": 0.0,
        "Interest Income": NaN,
        "Normalized Income": NaN,
        "Net Income From Continuing And Discontinued Operation": NaN,
        "Total Expenses": NaN,
        "Total Operating Income As Reported": NaN,
        "Diluted Average Shares": NaN,
        "Basic Average Shares": NaN,
        "Diluted EPS": NaN,
        "Basic EPS": NaN,
        "Diluted NI Availto Com Stockholders": NaN,
        "Net Income Common Stockholders": NaN,
        "Net Income": NaN,
        "Net Income Including Noncontrolling Interests": NaN,
        "Net Income Continuous Operations": NaN,
        "Pretax Income": NaN,
        "Other Income Expense": NaN,
        "Other Non Operating Income Expenses": NaN,
        "Net Non Operating Interest Income Expense": NaN,
        "Interest Expense Non Operating": 0.0,
        "Interest Income Non Operating": NaN,
        "Operating Income": NaN,
        "Operating Expense": NaN,
        "Research And Development": NaN,
        "Selling General And Administration": NaN,
        "General And Administrative Expense": NaN,
        "Other Gand A": NaN,
        "Total Revenue": NaN,
        "Operating Revenue": NaN
    },
    "2024-06-30": {
        "Tax Effect Of Unusual Items": 0.0,
        "Tax Rate For Calcs": 0.0,
        "Normalized EBITDA": -41302000.0,
        "Net Income From Continuing Operation Net Minority Interest": -45117000.0,
        "Reconciled Depreciation": 6681000.0,
        "EBITDA": -41302000.0,
        "EBIT": -47983000.0,
        "Net Interest Income": 2954000.0,
        "Interest Expense": 0.0,
        "Interest Income": 2954000.0,
        "Normalized Income": -45117000.0,
        "Net Income From Continuing And Discontinued Operation": -45117000.0,
        "Total Expenses": 47983000.0,
        "Total Operating Income As Reported": -47983000.0,
        "Diluted Average Shares": 52554215.0,
        "Basic Average Shares": 52554215.0,
        "Diluted EPS": -0.86,
        "Basic EPS": -0.86,
        "Diluted NI Availto Com Stockholders": -45117000.0,
        "Net Income Common Stockholders": -45117000.0,
        "Net Income": -45117000.0,
        "Net Income Including Noncontrolling Interests": -45117000.0,
        "Net Income Continuous Operations": -45117000.0,
        "Pretax Income": -45117000.0,
        "Other Income Expense": -88000.0,
        "Other Non Operating Income Expenses": -88000.0,
        "Net Non Operating Interest Income Expense": 2954000.0,
        "Interest Expense Non Operating": 0.0,
        "Interest Income Non Operating": 2954000.0,
        "Operating Income": -47983000.0,
        "Operating Expense": 47983000.0,
        "Research And Development": 32514000.0,
        "Selling General And Administration": 15469000.0,
        "General And Administrative Expense": 15469000.0,
        "Other Gand A": 15469000.0,
        "Total Revenue": 0.0,
        "Operating Revenue": 0.0
    },
    "2024-09-30": {
        "Tax Effect Of Unusual Items": 0.0,
        "Tax Rate For Calcs": 0.0,
        "Normalized EBITDA": -37249000.0,
        "Net Income From Continuing Operation Net Minority Interest": -43946000.0,
        "Reconciled Depreciation": 6697000.0,
        "EBITDA": -37249000.0,
        "EBIT": -43946000.0,
        "Net Interest Income": 2711000.0,
        "Interest Expense": 0.0,
        "Interest Income": 2711000.0,
        "Normalized Income": -43946000.0,
        "Net Income From Continuing And Discontinued Operation": -43946000.0,
        "Total Expenses": 46632000.0,
        "Total Operating Income As Reported": -46632000.0,
        "Diluted Average Shares": 52616183.0,
        "Basic Average Shares": 52616183.0,
        "Diluted EPS": -0.84,
        "Basic EPS": -0.84,
        "Diluted NI Availto Com Stockholders": -43946000.0,
        "Net Income Common Stockholders": -43946000.0,
        "Net Income": -43946000.0,
        "Net Income Including Noncontrolling Interests": -43946000.0,
        "Net Income Continuous Operations": -43946000.0,
        "Pretax Income": -43946000.0,
        "Other Income Expense": -25000.0,
        "Other Non Operating Income Expenses": -25000.0,
        "Net Non Operating Interest Income Expense": 2711000.0,
        "Interest Expense Non Operating": 0.0,
        "Interest Income Non Operating": 2711000.0,
        "Operating Income": -46632000.0,
        "Operating Expense": 46632000.0,
        "Research And Development": 31878000.0,
        "Selling General And Administration": 14754000.0,
        "General And Administrative Expense": 14754000.0,
        "Other Gand A": 14754000.0,
        "Total Revenue": 0.0,
        "Operating Revenue": 0.0
    },
    "2024-12-31": {
        "Tax Effect Of Unusual Items": 0.0,
        "Tax Rate For Calcs": 0.0,
        "Normalized EBITDA": -37423000.0,
        "Net Income From Continuing Operation Net Minority Interest": -44105000.0,
        "Reconciled Depreciation": 6682000.0,
        "EBITDA": -37423000.0,
        "EBIT": -44105000.0,
        "Net Interest Income": 2130000.0,
        "Interest Expense": 0.0,
        "Interest Income": 2130000.0,
        "Normalized Income": -44105000.0,
        "Net Income From Continuing And Discontinued Operation": -44105000.0,
        "Total Expenses": 46179000.0,
        "Total Operating Income As Reported": -46179000.0,
        "Diluted Average Shares": 52650631.0,
        "Basic Average Shares": 52650631.0,
        "Diluted EPS": -0.84,
        "Basic EPS": -0.84,
        "Diluted NI Availto Com Stockholders": -44105000.0,
        "Net Income Common Stockholders": -44105000.0,
        "Net Income": -44105000.0,
        "Net Income Including Noncontrolling Interests": -44105000.0,
        "Net Income Continuous Operations": -44105000.0,
        "Pretax Income": -44105000.0,
        "Other Income Expense": -56000.0,
        "Other Non Operating Income Expenses": -56000.0,
        "Net Non Operating Interest Income Expense": 2130000.0,
        "Interest Expense Non Operating": 0.0,
        "Interest Income Non Operating": 2130000.0,
        "Operating Income": -46179000.0,
        "Operating Expense": 46179000.0,
        "Research And Development": 31772000.0,
        "Selling General And Administration": 14407000.0,
        "General And Administrative Expense": 14407000.0,
        "Other Gand A": 14407000.0,
        "Total Revenue": 0.0,
        "Operating Revenue": 0.0
    },
    "2025-03-31": {
        "Tax Effect Of Unusual Items": 0.0,
        "Tax Rate For Calcs": 0.0,
        "Normalized EBITDA": -52345000.0,
        "Net Income From Continuing Operation Net Minority Interest": -57461000.0,
        "Reconciled Depreciation": 6728000.0,
        "EBITDA": -52345000.0,
        "EBIT": -59073000.0,
        "Net Interest Income": 1602000.0,
        "Interest Expense": NaN,
        "Interest Income": 1602000.0,
        "Normalized Income": -57461000.0,
        "Net Income From Continuing And Discontinued Operation": -57461000.0,
        "Total Expenses": 59073000.0,
        "Total Operating Income As Reported": -59073000.0,
        "Diluted Average Shares": 52746318.0,
        "Basic Average Shares": 52746318.0,
        "Diluted EPS": -1.09,
        "Basic EPS": -1.09,
        "Diluted NI Availto Com Stockholders": -57461000.0,
        "Net Income Common Stockholders": -57461000.0,
        "Net Income": -57461000.0,
        "Net Income Including Noncontrolling Interests": -57461000.0,
        "Net Income Continuous Operations": -57461000.0,
        "Pretax Income": -57461000.0,
        "Other Income Expense": 10000.0,
        "Other Non Operating Income Expenses": 10000.0,
        "Net Non Operating Interest Income Expense": 1602000.0,
        "Interest Expense Non Operating": NaN,
        "Interest Income Non Operating": 1602000.0,
        "Operating Income": -59073000.0,
        "Operating Expense": 59073000.0,
        "Research And Development": 43644000.0,
        "Selling General And Administration": 15429000.0,
        "General And Administrative Expense": 15429000.0,
        "Other Gand A": 15429000.0,
        "Total Revenue": 0.0,
        "Operating Revenue": 0.0
    },
    "2025-06-30": {
        "Tax Effect Of Unusual Items": 0.0,
        "Tax Rate For Calcs": 0.0,
        "Normalized EBITDA": -48972000.0,
        "Net Income From Continuing Operation Net Minority Interest": -54313000.0,
        "Reconciled Depreciation": 6538000.0,
        "EBITDA": -48972000.0,
        "EBIT": -55510000.0,
        "Net Interest Income": 1241000.0,
        "Interest Expense": NaN,
        "Interest Income": 1241000.0,
        "Normalized Income": -54313000.0,
        "Net Income From Continuing And Discontinued Operation": -54313000.0,
        "Total Expenses": 55510000.0,
        "Total Operating Income As Reported": -55510000.0,
        "Diluted Average Shares": 52779162.0,
        "Basic Average Shares": 52779162.0,
        "Diluted EPS": -1.03,
        "Basic EPS": -1.03,
        "Diluted NI Availto Com Stockholders": -54313000.0,
        "Net Income Common Stockholders": -54313000.0,
        "Net Income": -54313000.0,
        "Net Income Including Noncontrolling Interests": -54313000.0,
        "Net Income Continuous Operations": -54313000.0,
        "Pretax Income": -54313000.0,
        "Other Income Expense": -44000.0,
        "Other Non Operating Income Expenses": -44000.0,
        "Net Non Operating Interest Income Expense": 1241000.0,
        "Interest Expense Non Operating": NaN,
        "Interest Income Non Operating": 1241000.0,
        "Operating Income": -55510000.0,
        "Operating Expense": 55510000.0,
        "Research And Development": 42760000.0,
        "Selling General And Administration": 12750000.0,
        "General And Administrative Expense": 12750000.0,
        "Other Gand A": 12750000.0,
        "Total Revenue": 0.0,
        "Operating Revenue": 0.0
    }
}