{
    "2023-06-30": {
        "Tax Effect Of Unusual Items": NaN,
        "Tax Rate For Calcs": NaN,
        "Normalized EBITDA": NaN,
        "Total Unusual Items": NaN,
        "Total Unusual Items Excluding Goodwill": NaN,
        "Net Income From Continuing Operation Net Minority Interest": NaN,
        "Reconciled Cost Of Revenue": NaN,
        "EBITDA": NaN,
        "EBIT": NaN,
        "Net Interest Income": NaN,
        "Interest Expense": NaN,
        "Interest Income": NaN,
        "Normalized Income": NaN,
        "Net Income From Continuing And Discontinued Operation": NaN,
        "Total Expenses": NaN,
        "Total Operating Income As Reported": 8562000000.0,
        "Diluted Average Shares": NaN,
        "Basic Average Shares": NaN,
        "Diluted EPS": NaN,
        "Basic EPS": NaN,
        "Diluted NI Availto Com Stockholders": NaN,
        "Net Income Common Stockholders": NaN,
        "Net Income": NaN,
        "Minority Interests": NaN,
        "Net Income Including Noncontrolling Interests": NaN,
        "Net Income Discontinuous Operations": 0.0,
        "Net Income Continuous Operations": NaN,
        "Tax Provision": NaN,
        "Pretax Income": NaN,
        "Other Income Expense": NaN,
        "Other Non Operating Income Expenses": NaN,
        "Special Income Charges": NaN,
        "Other Special Charges": NaN,
        "Earnings From Equity Interest": 13000000.0,
        "Gain On Sale Of Security": NaN,
        "Net Non Operating Interest Income Expense": NaN,
        "Interest Expense Non Operating": NaN,
        "Interest Income Non Operating": NaN,
        "Operating Income": NaN,
        "Operating Expense": NaN,
        "Other Operating Expenses": NaN,
        "Selling General And Administration": NaN,
        "Selling And Marketing Expense": NaN,
        "General And Administrative Expense": NaN,
        "Other Gand A": NaN,
        "Gross Profit": NaN,
        "Cost Of Revenue": NaN,
        "Total Revenue": NaN,
        "Operating Revenue": NaN
    },
    "2023-03-31": {
        "Tax Effect Of Unusual Items": NaN,
        "Tax Rate For Calcs": NaN,
        "Normalized EBITDA": NaN,
        "Total Unusual Items": NaN,
        "Total Unusual Items Excluding Goodwill": NaN,
        "Net Income From Continuing Operation Net Minority Interest": NaN,
        "Reconciled Cost Of Revenue": NaN,
        "EBITDA": NaN,
        "EBIT": NaN,
        "Net Interest Income": NaN,
        "Interest Expense": NaN,
        "Interest Income": NaN,
        "Normalized Income": NaN,
        "Net Income From Continuing And Discontinued Operation": NaN,
        "Total Expenses": NaN,
        "Total Operating Income As Reported": 7724000000.0,
        "Diluted Average Shares": NaN,
        "Basic Average Shares": NaN,
        "Diluted EPS": NaN,
        "Basic EPS": NaN,
        "Diluted NI Availto Com Stockholders": NaN,
        "Net Income Common Stockholders": NaN,
        "Net Income": NaN,
        "Minority Interests": NaN,
        "Net Income Including Noncontrolling Interests": NaN,
        "Net Income Discontinuous Operations": 0.0,
        "Net Income Continuous Operations": NaN,
        "Tax Provision": NaN,
        "Pretax Income": NaN,
        "Other Income Expense": NaN,
        "Other Non Operating Income Expenses": NaN,
        "Special Income Charges": NaN,
        "Other Special Charges": NaN,
        "Earnings From Equity Interest": -73000000.0,
        "Gain On Sale Of Security": NaN,
        "Net Non Operating Interest Income Expense": NaN,
        "Interest Expense Non Operating": NaN,
        "Interest Income Non Operating": NaN,
        "Operating Income": NaN,
        "Operating Expense": NaN,
        "Other Operating Expenses": NaN,
        "Selling General And Administration": NaN,
        "Selling And Marketing Expense": NaN,
        "General And Administrative Expense": NaN,
        "Other Gand A": NaN,
        "Gross Profit": NaN,
        "Cost Of Revenue": NaN,
        "Total Revenue": NaN,
        "Operating Revenue": NaN
    },
    "2022-12-31": {
        "Tax Effect Of Unusual Items": NaN,
        "Tax Rate For Calcs": NaN,
        "Normalized EBITDA": NaN,
        "Total Unusual Items": NaN,
        "Total Unusual Items Excluding Goodwill": NaN,
        "Net Income From Continuing Operation Net Minority Interest": NaN,
        "Reconciled Depreciation": 2492119000.0,
        "Reconciled Cost Of Revenue": NaN,
        "EBITDA": NaN,
        "EBIT": NaN,
        "Net Interest Income": NaN,
        "Interest Expense": NaN,
        "Interest Income": NaN,
        "Normalized Income": NaN,
        "Net Income From Continuing And Discontinued Operation": NaN,
        "Total Expenses": NaN,
        "Total Operating Income As Reported": NaN,
        "Diluted Average Shares": NaN,
        "Basic Average Shares": NaN,
        "Diluted EPS": NaN,
        "Basic EPS": NaN,
        "Diluted NI Availto Com Stockholders": NaN,
        "Net Income Common Stockholders": NaN,
        "Net Income": NaN,
        "Minority Interests": NaN,
        "Net Income Including Noncontrolling Interests": NaN,
        "Net Income Discontinuous Operations": NaN,
        "Net Income Continuous Operations": NaN,
        "Tax Provision": NaN,
        "Pretax Income": NaN,
        "Other Income Expense": NaN,
        "Other Non Operating Income Expenses": NaN,
        "Special Income Charges": NaN,
        "Other Special Charges": NaN,
        "Earnings From Equity Interest": NaN,
        "Gain On Sale Of Security": NaN,
        "Net Non Operating Interest Income Expense": NaN,
        "Interest Expense Non Operating": NaN,
        "Interest Income Non Operating": NaN,
        "Operating Income": NaN,
        "Operating Expense": NaN,
        "Other Operating Expenses": NaN,
        "Selling General And Administration": NaN,
        "Selling And Marketing Expense": NaN,
        "General And Administrative Expense": NaN,
        "Other Gand A": NaN,
        "Gross Profit": NaN,
        "Cost Of Revenue": NaN,
        "Total Revenue": NaN,
        "Operating Revenue": NaN
    },
    "2022-09-30": {
        "Tax Effect Of Unusual Items": NaN,
        "Tax Rate For Calcs": NaN,
        "Normalized EBITDA": NaN,
        "Total Unusual Items": NaN,
        "Total Unusual Items Excluding Goodwill": NaN,
        "Net Income From Continuing Operation Net Minority Interest": NaN,
        "Reconciled Depreciation": NaN,
        "Reconciled Cost Of Revenue": NaN,
        "EBITDA": NaN,
        "EBIT": NaN,
        "Net Interest Income": NaN,
        "Interest Expense": NaN,
        "Interest Income": NaN,
        "Normalized Income": NaN,
        "Net Income From Continuing And Discontinued Operation": NaN,
        "Total Expenses": NaN,
        "Total Operating Income As Reported": 7335000000.0,
        "Diluted Average Shares": NaN,
        "Basic Average Shares": NaN,
        "Diluted EPS": NaN,
        "Basic EPS": NaN,
        "Diluted NI Availto Com Stockholders": NaN,
        "Net Income Common Stockholders": NaN,
        "Net Income": NaN,
        "Minority Interests": NaN,
        "Net Income Including Noncontrolling Interests": NaN,
        "Net Income Discontinuous Operations": 0.0,
        "Net Income Continuous Operations": NaN,
        "Tax Provision": NaN,
        "Pretax Income": NaN,
        "Other Income Expense": NaN,
        "Other Non Operating Income Expenses": NaN,
        "Special Income Charges": NaN,
        "Other Special Charges": NaN,
        "Earnings From Equity Interest": 156000000.0,
        "Gain On Sale Of Security": NaN,
        "Net Non Operating Interest Income Expense": NaN,
        "Interest Expense Non Operating": NaN,
        "Interest Income Non Operating": NaN,
        "Operating Income": NaN,
        "Operating Expense": NaN,
        "Other Operating Expenses": NaN,
        "Selling General And Administration": 17933007000.0,
        "Selling And Marketing Expense": 15038114000.0,
        "General And Administrative Expense": 2894893000.0,
        "Other Gand A": 2894893000.0,
        "Gross Profit": NaN,
        "Cost Of Revenue": NaN,
        "Total Revenue": NaN,
        "Operating Revenue": NaN
    },
    "2022-06-30": {
        "Tax Effect Of Unusual Items": 200232300.2559,
        "Tax Rate For Calcs": 0.349446,
        "Normalized EBITDA": 8149000000.0,
        "Total Unusual Items": 573000000.0,
        "Total Unusual Items Excluding Goodwill": 573000000.0,
        "Net Income From Continuing Operation Net Minority Interest": 4627000000.0,
        "Reconciled Cost Of Revenue": 32039000000.0,
        "EBITDA": 8722000000.0,
        "EBIT": 8722000000.0,
        "Net Interest Income": -1147000000.0,
        "Interest Expense": 1688000000.0,
        "Interest Income": 541000000.0,
        "Normalized Income": 4254232300.2559,
        "Net Income From Continuing And Discontinued Operation": 4627000000.0,
        "Total Expenses": 49747000000.0,
        "Total Operating Income As Reported": 7652000000.0,
        "Diluted Average Shares": 210083226.0,
        "Basic Average Shares": 210083226.0,
        "Diluted EPS": 22.024605,
        "Basic EPS": 22.024605,
        "Diluted NI Availto Com Stockholders": 4627000000.0,
        "Net Income Common Stockholders": 4627000000.0,
        "Net Income": 4627000000.0,
        "Minority Interests": 51000000.0,
        "Net Income Including Noncontrolling Interests": 4576000000.0,
        "Net Income Discontinuous Operations": 0.0,
        "Net Income Continuous Operations": 4576000000.0,
        "Tax Provision": 2458000000.0,
        "Pretax Income": 7034000000.0,
        "Other Income Expense": 617000000.0,
        "Other Non Operating Income Expenses": -70000000.0,
        "Special Income Charges": 138000000.0,
        "Other Special Charges": -138000000.0,
        "Earnings From Equity Interest": 114000000.0,
        "Gain On Sale Of Security": 435000000.0,
        "Net Non Operating Interest Income Expense": -1147000000.0,
        "Interest Expense Non Operating": 1688000000.0,
        "Interest Income Non Operating": 541000000.0,
        "Operating Income": 7563000000.0,
        "Operating Expense": 17708000000.0,
        "Other Operating Expenses": 17708000000.0,
        "Gross Profit": 25271000000.0,
        "Cost Of Revenue": 32039000000.0,
        "Total Revenue": 57311000000.0,
        "Operating Revenue": 57190000000.0
    },
    "2022-03-31": {
        "Diluted EPS": 0.67,
        "Total Revenue": NaN,
        "Gross Profit": NaN,
        "Operating Income": 334,
        "EBIT": 334,
        "Net Income": 141
    },
    "2021-12-31": {
        "Diluted EPS": 1.66,
        "Total Revenue": NaN,
        "Gross Profit": NaN,
        "Operating Income": 344,
        "EBIT": 344,
        "Net Income": 274
    },
    "2021-09-30": {
        "Diluted EPS": 0.82,
        "Total Revenue": NaN,
        "Gross Profit": NaN,
        "Operating Income": 324,
        "EBIT": 324,
        "Net Income": 171
    },
    "2021-06-30": {
        "Diluted EPS": 0.79,
        "Total Revenue": NaN,
        "Gross Profit": NaN,
        "Operating Income": 362,
        "EBIT": 362,
        "Net Income": 166
    },
    "2021-03-31": {
        "Diluted EPS": 0.74,
        "Total Revenue": NaN,
        "Gross Profit": 980,
        "Operating Income": 290,
        "EBIT": 290,
        "Net Income": 155
    },
    "2020-12-31": {
        "Diluted EPS": 0.83,
        "Total Revenue": NaN,
        "Gross Profit": NaN,
        "Operating Income": 312,
        "EBIT": 312,
        "Net Income": 187
    },
    "2020-09-30": {
        "Diluted EPS": 0.53,
        "Total Revenue": NaN,
        "Gross Profit": 968,
        "Operating Income": 323,
        "EBIT": 323,
        "Net Income": 112
    },
    "2020-06-30": {
        "Diluted EPS": 0.43,
        "Total Revenue": NaN,
        "Gross Profit": 818,
        "Operating Income": 220,
        "EBIT": 220,
        "Net Income": 91
    },
    "2020-03-31": {
        "Diluted EPS": 0.61,
        "Total Revenue": NaN,
        "Gross Profit": NaN,
        "Operating Income": 289,
        "EBIT": 289,
        "Net Income": 129
    },
    "2019-12-31": {
        "Diluted EPS": 0.71,
        "Total Revenue": NaN,
        "Gross Profit": NaN,
        "Operating Income": 307,
        "EBIT": 488,
        "Net Income": 118
    },
    "2019-09-30": {
        "Diluted EPS": 0.99,
        "Total Revenue": NaN,
        "Gross Profit": NaN,
        "Operating Income": 361,
        "EBIT": 361,
        "Net Income": 207
    },
    "2019-06-30": {
        "Diluted EPS": 0.87,
        "Total Revenue": NaN,
        "Gross Profit": NaN,
        "Operating Income": 331,
        "EBIT": 331,
        "Net Income": 182
    },
    "2019-03-31": {
        "Diluted EPS": 0.64,
        "Total Revenue": NaN,
        "Gross Profit": NaN,
        "Operating Income": 297,
        "EBIT": 297,
        "Net Income": 135
    },
    "2018-12-31": {
        "Diluted EPS": 1.26,
        "Total Revenue": NaN,
        "Gross Profit": 849,
        "Operating Income": 284,
        "EBIT": 284,
        "Net Income": 264
    },
    "2018-09-30": {
        "Diluted EPS": 0.82,
        "Total Revenue": NaN,
        "Gross Profit": NaN,
        "Operating Income": 305,
        "EBIT": 305,
        "Net Income": 172
    },
    "2018-06-30": {
        "Diluted EPS": 0.68,
        "Total Revenue": NaN,
        "Gross Profit": NaN,
        "Operating Income": 325,
        "EBIT": 325,
        "Net Income": 144
    },
    "2018-03-31": {
        "Diluted EPS": 0.61,
        "Total Revenue": NaN,
        "Gross Profit": NaN,
        "Operating Income": 314,
        "EBIT": 314,
        "Net Income": 129
    },
    "2017-12-31": {
        "Diluted EPS": -5.92,
        "Total Revenue": NaN,
        "Gross Profit": NaN,
        "Operating Income": NaN,
        "EBIT": NaN,
        "Net Income": NaN
    },
    "2017-09-30": {
        "Diluted EPS": 0.84,
        "Total Revenue": NaN,
        "Gross Profit": NaN,
        "Operating Income": 309,
        "EBIT": 309,
        "Net Income": 177
    },
    "2017-06-30": {
        "Diluted EPS": 0.58,
        "Total Revenue": NaN,
        "Gross Profit": NaN,
        "Operating Income": 350,
        "EBIT": 350,
        "Net Income": 120
    },
    "2017-03-31": {
        "Diluted EPS": 1.4,
        "Total Revenue": NaN,
        "Gross Profit": NaN,
        "Operating Income": 301,
        "EBIT": 301,
        "Net Income": 291
    },
    "2016-12-31": {
        "Diluted EPS": 0.6,
        "Total Revenue": NaN,
        "Gross Profit": 829,
        "Operating Income": 63,
        "EBIT": 63,
        "Net Income": 115
    },
    "2016-09-30": {
        "Diluted EPS": 0.62,
        "Total Revenue": NaN,
        "Gross Profit": NaN,
        "Operating Income": 322,
        "EBIT": 322,
        "Net Income": 129
    },
    "2016-06-30": {
        "Diluted EPS": 0.54,
        "Total Revenue": NaN,
        "Gross Profit": NaN,
        "Operating Income": 332,
        "EBIT": 332,
        "Net Income": 111
    },
    "2016-03-31": {
        "Diluted EPS": 0.64,
        "Total Revenue": NaN,
        "Gross Profit": 939,
        "Operating Income": 272,
        "EBIT": 272,
        "Net Income": 133
    },
    "2015-12-31": {
        "Diluted EPS": 0.87,
        "Total Revenue": NaN,
        "Gross Profit": NaN,
        "Operating Income": 707,
        "EBIT": 707,
        "Net Income": 180
    },
    "2015-09-30": {
        "Diluted EPS": 0.58,
        "Total Revenue": NaN,
        "Gross Profit": NaN,
        "Operating Income": 330,
        "EBIT": 330,
        "Net Income": 121
    },
    "2015-06-30": {
        "Diluted EPS": 0.84,
        "Total Revenue": NaN,
        "Gross Profit": NaN,
        "Operating Income": 350,
        "EBIT": 350,
        "Net Income": 176
    },
    "2015-03-31": {
        "Diluted EPS": 0.69,
        "Total Revenue": NaN,
        "Gross Profit": 990,
        "Operating Income": 236,
        "EBIT": 236,
        "Net Income": 143
    },
    "2014-12-31": {
        "Diluted EPS": 0.98,
        "Total Revenue": NaN,
        "Gross Profit": NaN,
        "Operating Income": NaN,
        "EBIT": NaN,
        "Net Income": 204
    },
    "2014-09-30": {
        "Diluted EPS": 1.19,
        "Total Revenue": NaN,
        "Gross Profit": NaN,
        "Operating Income": 368,
        "EBIT": 368,
        "Net Income": 247
    },
    "2014-06-30": {
        "Diluted EPS": 1.0,
        "Total Revenue": NaN,
        "Gross Profit": NaN,
        "Operating Income": NaN,
        "EBIT": NaN,
        "Net Income": 207
    },
    "2014-03-31": {
        "Diluted EPS": 0.85,
        "Total Revenue": NaN,
        "Gross Profit": NaN,
        "Operating Income": 396,
        "EBIT": 396,
        "Net Income": 176
    },
    "2013-12-31": {
        "Diluted EPS": 1.12,
        "Total Revenue": NaN,
        "Gross Profit": NaN,
        "Operating Income": 360,
        "EBIT": 360,
        "Net Income": 231
    },
    "2013-09-30": {
        "Diluted EPS": 1.11,
        "Total Revenue": NaN,
        "Gross Profit": NaN,
        "Operating Income": 386,
        "EBIT": 386,
        "Net Income": 229
    },
    "2013-06-30": {
        "Diluted EPS": 1.08,
        "Total Revenue": NaN,
        "Gross Profit": NaN,
        "Operating Income": 360,
        "EBIT": 360,
        "Net Income": 222
    },
    "2013-03-31": {
        "Diluted EPS": 0.98,
        "Total Revenue": NaN,
        "Gross Profit": NaN,
        "Operating Income": 399,
        "EBIT": 399,
        "Net Income": 198
    },
    "2012-12-31": {
        "Diluted EPS": 1.66,
        "Total Revenue": NaN,
        "Gross Profit": NaN,
        "Operating Income": 244,
        "EBIT": 244,
        "Net Income": 337
    },
    "2012-09-30": {
        "Diluted EPS": 1.35,
        "Total Revenue": NaN,
        "Gross Profit": NaN,
        "Operating Income": 452,
        "EBIT": 452,
        "Net Income": 273
    },
    "2012-06-30": {
        "Diluted EPS": 0.99,
        "Total Revenue": NaN,
        "Gross Profit": NaN,
        "Operating Income": 319,
        "EBIT": 319,
        "Net Income": 199
    },
    "2012-03-31": {
        "Diluted EPS": 1.01,
        "Total Revenue": NaN,
        "Gross Profit": NaN,
        "Operating Income": 296,
        "EBIT": 296,
        "Net Income": 200
    },
    "2011-12-31": {
        "Diluted EPS": 1.29,
        "Total Revenue": NaN,
        "Gross Profit": NaN,
        "Operating Income": NaN,
        "EBIT": NaN,
        "Net Income": 248
    },
    "2011-09-30": {
        "Diluted EPS": 0.93,
        "Total Revenue": NaN,
        "Gross Profit": 963,
        "Operating Income": 197,
        "EBIT": 197,
        "Net Income": 172
    },
    "2011-06-30": {
        "Diluted EPS": 1.22,
        "Total Revenue": NaN,
        "Gross Profit": NaN,
        "Operating Income": 393,
        "EBIT": 393,
        "Net Income": 225
    },
    "2011-03-31": {
        "Diluted EPS": 1.04,
        "Total Revenue": NaN,
        "Gross Profit": NaN,
        "Operating Income": 406,
        "EBIT": 406,
        "Net Income": 203
    },
    "2010-12-31": {
        "Diluted EPS": 1.36,
        "Total Revenue": NaN,
        "Gross Profit": NaN,
        "Operating Income": 428,
        "EBIT": 428,
        "Net Income": 251
    },
    "2010-09-30": {
        "Diluted EPS": 0.92,
        "Total Revenue": NaN,
        "Gross Profit": NaN,
        "Operating Income": 386,
        "EBIT": 386,
        "Net Income": 171
    },
    "2010-06-30": {
        "Diluted EPS": 1.05,
        "Total Revenue": NaN,
        "Gross Profit": 889,
        "Operating Income": 286,
        "EBIT": 286,
        "Net Income": 194
    },
    "2010-03-31": {
        "Diluted EPS": 0.99,
        "Total Revenue": NaN,
        "Gross Profit": 926,
        "Operating Income": 363,
        "EBIT": 363,
        "Net Income": 183
    },
    "2009-12-31": {
        "Diluted EPS": 1.17,
        "Total Revenue": NaN,
        "Gross Profit": 856,
        "Operating Income": 101,
        "EBIT": 183,
        "Net Income": 231
    },
    "2009-09-30": {
        "Diluted EPS": 0.88,
        "Total Revenue": NaN,
        "Gross Profit": 932,
        "Operating Income": 321,
        "EBIT": 529,
        "Net Income": 163
    },
    "2009-06-30": {
        "Diluted EPS": 0.89,
        "Total Revenue": NaN,
        "Gross Profit": 875,
        "Operating Income": 293,
        "EBIT": 293,
        "Net Income": 164
    },
    "2009-03-31": {
        "Diluted EPS": 2.0,
        "Total Revenue": NaN,
        "Gross Profit": 731,
        "Operating Income": 231,
        "EBIT": 231,
        "Net Income": 99
    },
    "2023-09-30": {
        "Tax Effect Of Unusual Items": NaN,
        "Tax Rate For Calcs": NaN,
        "Normalized EBITDA": NaN,
        "Total Unusual Items": NaN,
        "Total Unusual Items Excluding Goodwill": NaN,
        "Net Income From Continuing Operation Net Minority Interest": NaN,
        "Reconciled Cost Of Revenue": NaN,
        "EBITDA": NaN,
        "EBIT": NaN,
        "Net Interest Income": NaN,
        "Interest Expense": NaN,
        "Interest Income": NaN,
        "Normalized Income": NaN,
        "Net Income From Continuing And Discontinued Operation": NaN,
        "Total Expenses": NaN,
        "Total Operating Income As Reported": 8460000000.0,
        "Diluted Average Shares": NaN,
        "Basic Average Shares": NaN,
        "Diluted EPS": NaN,
        "Basic EPS": NaN,
        "Diluted NI Availto Com Stockholders": NaN,
        "Net Income Common Stockholders": NaN,
        "Net Income": NaN,
        "Minority Interests": NaN,
        "Net Income Including Noncontrolling Interests": NaN,
        "Net Income Discontinuous Operations": 0.0,
        "Net Income Continuous Operations": NaN,
        "Tax Provision": NaN,
        "Pretax Income": NaN,
        "Other Income Expense": NaN,
        "Other Non Operating Income Expenses": NaN,
        "Special Income Charges": NaN,
        "Other Special Charges": NaN,
        "Earnings From Equity Interest": 98000000.0,
        "Gain On Sale Of Security": NaN,
        "Net Non Operating Interest Income Expense": NaN,
        "Interest Expense Non Operating": NaN,
        "Interest Income Non Operating": NaN,
        "Operating Income": NaN,
        "Operating Expense": NaN,
        "Other Operating Expenses": NaN,
        "Selling General And Administration": 19969992000.0,
        "Selling And Marketing Expense": 16730544000.0,
        "General And Administrative Expense": 3239448000.0,
        "Other Gand A": 3239448000.0,
        "Gross Profit": NaN,
        "Cost Of Revenue": NaN,
        "Total Revenue": NaN,
        "Operating Revenue": NaN
    },
    "2023-12-31": {
        "Tax Effect Of Unusual Items": -858808907.68848,
        "Tax Rate For Calcs": 0.330057,
        "Normalized EBITDA": 9751000000.0,
        "Total Unusual Items": -2602000000.0,
        "Total Unusual Items Excluding Goodwill": -2602000000.0,
        "Net Income From Continuing Operation Net Minority Interest": 5323000000.0,
        "Reconciled Cost Of Revenue": 34303000000.0,
        "EBITDA": 7149000000.0,
        "EBIT": 7149000000.0,
        "Net Interest Income": 976000000.0,
        "Interest Expense": -889000000.0,
        "Interest Income": 610000000.0,
        "Normalized Income": 7066191092.31152,
        "Net Income From Continuing And Discontinued Operation": 5323000000.0,
        "Total Expenses": 53894000000.0,
        "Total Operating Income As Reported": NaN,
        "Diluted Average Shares": 210083226.0,
        "Basic Average Shares": 210083226.0,
        "Diluted EPS": 25.6,
        "Basic EPS": 25.6,
        "Diluted NI Availto Com Stockholders": 5323000000.0,
        "Net Income Common Stockholders": 5323000000.0,
        "Net Income": 5323000000.0,
        "Minority Interests": -276000000.0,
        "Net Income Including Noncontrolling Interests": 5599000000.0,
        "Net Income Discontinuous Operations": NaN,
        "Net Income Continuous Operations": 5600000000.0,
        "Tax Provision": 2653000000.0,
        "Pretax Income": 8038000000.0,
        "Other Income Expense": -2757000000.0,
        "Other Non Operating Income Expenses": -117000000.0,
        "Special Income Charges": -637000000.0,
        "Other Special Charges": 386000000.0,
        "Earnings From Equity Interest": NaN,
        "Gain On Sale Of Security": -1965000000.0,
        "Net Non Operating Interest Income Expense": 976000000.0,
        "Interest Expense Non Operating": -889000000.0,
        "Interest Income Non Operating": 610000000.0,
        "Operating Income": 9818000000.0,
        "Operating Expense": 19591000000.0,
        "Other Operating Expenses": -56507000000.0,
        "Selling General And Administration": NaN,
        "Selling And Marketing Expense": NaN,
        "General And Administrative Expense": NaN,
        "Other Gand A": NaN,
        "Gross Profit": 29409000000.0,
        "Cost Of Revenue": 34303000000.0,
        "Total Revenue": 63712000000.0,
        "Operating Revenue": 63484000000.0
    },
    "2024-03-31": {
        "Tax Effect Of Unusual Items": NaN,
        "Tax Rate For Calcs": NaN,
        "Normalized EBITDA": NaN,
        "Total Unusual Items": NaN,
        "Total Unusual Items Excluding Goodwill": NaN,
        "Net Income From Continuing Operation Net Minority Interest": NaN,
        "Reconciled Cost Of Revenue": NaN,
        "EBITDA": NaN,
        "EBIT": NaN,
        "Net Interest Income": NaN,
        "Interest Expense": NaN,
        "Interest Income": NaN,
        "Normalized Income": NaN,
        "Net Income From Continuing And Discontinued Operation": NaN,
        "Total Expenses": NaN,
        "Total Operating Income As Reported": 8617000000.0,
        "Diluted Average Shares": NaN,
        "Basic Average Shares": NaN,
        "Diluted EPS": NaN,
        "Basic EPS": NaN,
        "Diluted NI Availto Com Stockholders": NaN,
        "Net Income Common Stockholders": NaN,
        "Net Income": NaN,
        "Minority Interests": NaN,
        "Net Income Including Noncontrolling Interests": NaN,
        "Net Income Discontinuous Operations": 0.0,
        "Net Income Continuous Operations": NaN,
        "Tax Provision": NaN,
        "Pretax Income": NaN,
        "Other Income Expense": NaN,
        "Other Non Operating Income Expenses": NaN,
        "Special Income Charges": 7000000.0,
        "Other Special Charges": -7000000.0,
        "Earnings From Equity Interest": 31000000.0,
        "Gain On Sale Of Security": NaN,
        "Net Non Operating Interest Income Expense": NaN,
        "Interest Expense Non Operating": NaN,
        "Interest Income Non Operating": NaN,
        "Operating Income": NaN,
        "Operating Expense": NaN,
        "Other Operating Expenses": NaN,
        "Gross Profit": NaN,
        "Cost Of Revenue": NaN,
        "Total Revenue": NaN,
        "Operating Revenue": NaN
    },
    "2024-06-30": {
        "Tax Effect Of Unusual Items": 82777879.341865,
        "Tax Rate For Calcs": 0.347806,
        "Normalized EBITDA": 10350000000.0,
        "Total Unusual Items": 238000000.0,
        "Total Unusual Items Excluding Goodwill": 238000000.0,
        "Net Income From Continuing Operation Net Minority Interest": 5608000000.0,
        "Reconciled Cost Of Revenue": 37495000000.0,
        "EBITDA": 10588000000.0,
        "EBIT": 10588000000.0,
        "Net Interest Income": -1158000000.0,
        "Interest Expense": 1836000000.0,
        "Interest Income": 678000000.0,
        "Normalized Income": 5452777879.341865,
        "Net Income From Continuing And Discontinued Operation": 5608000000.0,
        "Total Expenses": 59788000000.0,
        "Total Operating Income As Reported": 9746000000.0,
        "Diluted Average Shares": 210083226.0,
        "Basic Average Shares": 210083226.0,
        "Diluted EPS": 26.694183,
        "Basic EPS": 26.694183,
        "Diluted NI Availto Com Stockholders": 5608000000.0,
        "Net Income Common Stockholders": 5608000000.0,
        "Net Income": 5608000000.0,
        "Minority Interests": -101000000.0,
        "Net Income Including Noncontrolling Interests": 5709000000.0,
        "Net Income Discontinuous Operations": 0.0,
        "Net Income Continuous Operations": 5708000000.0,
        "Tax Provision": 3044000000.0,
        "Pretax Income": 8752000000.0,
        "Other Income Expense": 242000000.0,
        "Other Non Operating Income Expenses": -29000000.0,
        "Special Income Charges": 34000000.0,
        "Other Special Charges": -34000000.0,
        "Earnings From Equity Interest": 33000000.0,
        "Gain On Sale Of Security": 238000000.0,
        "Net Non Operating Interest Income Expense": -1158000000.0,
        "Interest Expense Non Operating": 1836000000.0,
        "Interest Income Non Operating": 678000000.0,
        "Operating Income": 9668000000.0,
        "Operating Expense": 22293000000.0,
        "Other Operating Expenses": 22293000000.0,
        "Gross Profit": 31961000000.0,
        "Cost Of Revenue": 37495000000.0,
        "Total Revenue": 69456000000.0,
        "Operating Revenue": 69297000000.0
    },
    "2024-09-30": {
        "Tax Effect Of Unusual Items": 42525000.0,
        "Tax Rate For Calcs": 0.315,
        "Normalized EBITDA": 10628000000.0,
        "Total Unusual Items": 135000000.0,
        "Total Unusual Items Excluding Goodwill": 135000000.0,
        "Net Income From Continuing Operation Net Minority Interest": 5858000000.0,
        "Reconciled Cost Of Revenue": 37507000000.0,
        "EBITDA": 10763000000.0,
        "EBIT": 10763000000.0,
        "Net Interest Income": -1059000000.0,
        "Interest Expense": 1909000000.0,
        "Interest Income": 850000000.0,
        "Normalized Income": 5765525000.0,
        "Net Income From Continuing And Discontinued Operation": 5858000000.0,
        "Total Expenses": 60008000000.0,
        "Total Operating Income As Reported": 9638000000.0,
        "Diluted Average Shares": 210083750.0,
        "Basic Average Shares": 210083750.0,
        "Diluted EPS": 27.9,
        "Basic EPS": 27.9,
        "Diluted NI Availto Com Stockholders": 5858000000.0,
        "Net Income Common Stockholders": 5858000000.0,
        "Net Income": 5858000000.0,
        "Minority Interests": -265000000.0,
        "Net Income Including Noncontrolling Interests": 6123000000.0,
        "Net Income Discontinuous Operations": 0.0,
        "Net Income Continuous Operations": 6123000000.0,
        "Tax Provision": 2731000000.0,
        "Pretax Income": 8854000000.0,
        "Other Income Expense": 319000000.0,
        "Other Non Operating Income Expenses": 6000000.0,
        "Special Income Charges": 100000000.0,
        "Other Special Charges": -100000000.0,
        "Earnings From Equity Interest": 178000000.0,
        "Gain On Sale Of Security": 135000000.0,
        "Net Non Operating Interest Income Expense": -1059000000.0,
        "Interest Expense Non Operating": 1909000000.0,
        "Interest Income Non Operating": 850000000.0,
        "Operating Income": 9593000000.0,
        "Operating Expense": 22501000000.0,
        "Other Operating Expenses": 22501000000.0,
        "Gross Profit": 32094000000.0,
        "Cost Of Revenue": 37507000000.0,
        "Total Revenue": 69602000000.0,
        "Operating Revenue": 69399000000.0
    },
    "2024-12-31": {
        "Tax Effect Of Unusual Items": -408973722.895994,
        "Tax Rate For Calcs": 0.339397,
        "Normalized EBITDA": 11219000000.0,
        "Total Unusual Items": -1205000000.0,
        "Total Unusual Items Excluding Goodwill": -1205000000.0,
        "Net Income From Continuing Operation Net Minority Interest": 7284000000.0,
        "Reconciled Cost Of Revenue": 40070000000.0,
        "EBITDA": 10014000000.0,
        "EBIT": 10014000000.0,
        "Net Interest Income": 1070000000.0,
        "Interest Expense": -870000000.0,
        "Interest Income": 875000000.0,
        "Normalized Income": 8080026277.104006,
        "Net Income From Continuing And Discontinued Operation": 7284000000.0,
        "Total Expenses": 65211000000.0,
        "Total Operating Income As Reported": NaN,
        "Diluted Average Shares": 210083226.0,
        "Basic Average Shares": 210083226.0,
        "Diluted EPS": 34.7,
        "Basic EPS": 34.7,
        "Diluted NI Availto Com Stockholders": 7284000000.0,
        "Net Income Common Stockholders": 7284000000.0,
        "Net Income": 7284000000.0,
        "Minority Interests": -213000000.0,
        "Net Income Including Noncontrolling Interests": 7497000000.0,
        "Net Income Discontinuous Operations": NaN,
        "Net Income Continuous Operations": 7496000000.0,
        "Tax Provision": 3694000000.0,
        "Pretax Income": 10884000000.0,
        "Other Income Expense": -894000000.0,
        "Other Non Operating Income Expenses": 552000000.0,
        "Special Income Charges": 1667000000.0,
        "Other Special Charges": -1774000000.0,
        "Earnings From Equity Interest": NaN,
        "Gain On Sale Of Security": -3019000000.0,
        "Net Non Operating Interest Income Expense": 1070000000.0,
        "Interest Expense Non Operating": -870000000.0,
        "Interest Income Non Operating": 875000000.0,
        "Operating Income": 10709000000.0,
        "Operating Expense": 25141000000.0,
        "Other Operating Expenses": -64358000000.0,
        "Gross Profit": 35850000000.0,
        "Cost Of Revenue": 40070000000.0,
        "Total Revenue": 75919000000.0,
        "Operating Revenue": 75688000000.0
    },
    "2025-03-31": {
        "Tax Effect Of Unusual Items": 24933431.228585,
        "Tax Rate For Calcs": 0.328071,
        "Normalized EBITDA": 9975000000.0,
        "Total Unusual Items": 76000000.0,
        "Total Unusual Items Excluding Goodwill": 76000000.0,
        "Net Income From Continuing Operation Net Minority Interest": 5139000000.0,
        "Reconciled Cost Of Revenue": 38324000000.0,
        "EBITDA": 10051000000.0,
        "EBIT": 10051000000.0,
        "Net Interest Income": -1289000000.0,
        "Interest Expense": 1879000000.0,
        "Interest Income": 590000000.0,
        "Normalized Income": 5087933431.228585,
        "Net Income From Continuing And Discontinued Operation": 5139000000.0,
        "Total Expenses": 60986000000.0,
        "Total Operating Income As Reported": 9248000000.0,
        "Diluted Average Shares": 210083226.0,
        "Basic Average Shares": 210083226.0,
        "Diluted EPS": 24.461734,
        "Basic EPS": 24.461734,
        "Diluted NI Availto Com Stockholders": 5139000000.0,
        "Net Income Common Stockholders": 5139000000.0,
        "Net Income": 5139000000.0,
        "Minority Interests": -352000000.0,
        "Net Income Including Noncontrolling Interests": 5492000000.0,
        "Net Income Discontinuous Operations": 0.0,
        "Net Income Continuous Operations": 5491000000.0,
        "Tax Provision": 2681000000.0,
        "Pretax Income": 8172000000.0,
        "Other Income Expense": 291000000.0,
        "Other Non Operating Income Expenses": 61000000.0,
        "Special Income Charges": 87000000.0,
        "Other Special Charges": -87000000.0,
        "Earnings From Equity Interest": 154000000.0,
        "Gain On Sale Of Security": 76000000.0,
        "Net Non Operating Interest Income Expense": -1289000000.0,
        "Interest Expense Non Operating": 1879000000.0,
        "Interest Income Non Operating": 590000000.0,
        "Operating Income": 9170000000.0,
        "Operating Expense": 22662000000.0,
        "Other Operating Expenses": 22662000000.0,
        "Gross Profit": 31832000000.0,
        "Cost Of Revenue": 38324000000.0,
        "Total Revenue": 70157000000.0,
        "Operating Revenue": 70073000000.0
    },
    "2025-06-30": {
        "Tax Effect Of Unusual Items": 74198429.4421,
        "Tax Rate For Calcs": 0.355016,
        "Normalized EBITDA": 10424000000.0,
        "Total Unusual Items": 209000000.0,
        "Total Unusual Items Excluding Goodwill": 209000000.0,
        "Net Income From Continuing Operation Net Minority Interest": 5312000000.0,
        "Reconciled Cost Of Revenue": 39875000000.0,
        "EBITDA": 10633000000.0,
        "EBIT": 10633000000.0,
        "Net Interest Income": -1475000000.0,
        "Interest Expense": 2101000000.0,
        "Interest Income": 626000000.0,
        "Normalized Income": 5177198429.4421,
        "Net Income From Continuing And Discontinued Operation": 5312000000.0,
        "Total Expenses": 63263000000.0,
        "Total Operating Income As Reported": 9767000000.0,
        "Diluted Average Shares": 1680665810.0,
        "Basic Average Shares": 1680665810.0,
        "Diluted EPS": 3.2,
        "Basic EPS": 3.2,
        "Diluted NI Availto Com Stockholders": 5312000000.0,
        "Net Income Common Stockholders": 5312000000.0,
        "Net Income": 5312000000.0,
        "Minority Interests": -191000000.0,
        "Net Income Including Noncontrolling Interests": 5503000000.0,
        "Net Income Discontinuous Operations": 0.0,
        "Net Income Continuous Operations": 5503000000.0,
        "Tax Provision": 3029000000.0,
        "Pretax Income": 8532000000.0,
        "Other Income Expense": 353000000.0,
        "Other Non Operating Income Expenses": -22000000.0,
        "Special Income Charges": NaN,
        "Other Special Charges": NaN,
        "Earnings From Equity Interest": 166000000.0,
        "Gain On Sale Of Security": 209000000.0,
        "Net Non Operating Interest Income Expense": -1475000000.0,
        "Interest Expense Non Operating": 2101000000.0,
        "Interest Income Non Operating": 626000000.0,
        "Operating Income": 9654000000.0,
        "Operating Expense": 23388000000.0,
        "Other Operating Expenses": 23388000000.0,
        "Gross Profit": 33042000000.0,
        "Cost Of Revenue": 39875000000.0,
        "Total Revenue": 72917000000.0,
        "Operating Revenue": 72852000000.0
    }
}