{
    "2023-03-31": {
        "Tax Effect Of Unusual Items": NaN,
        "Tax Rate For Calcs": NaN,
        "Normalized EBITDA": NaN,
        "Total Unusual Items": NaN,
        "Total Unusual Items Excluding Goodwill": NaN,
        "Net Income From Continuing Operation Net Minority Interest": NaN,
        "Reconciled Depreciation": NaN,
        "Reconciled Cost Of Revenue": NaN,
        "EBITDA": NaN,
        "EBIT": NaN,
        "Net Interest Income": NaN,
        "Interest Expense": NaN,
        "Normalized Income": NaN,
        "Net Income From Continuing And Discontinued Operation": NaN,
        "Total Expenses": NaN,
        "Total Operating Income As Reported": NaN,
        "Diluted Average Shares": NaN,
        "Basic Average Shares": NaN,
        "Diluted EPS": NaN,
        "Basic EPS": NaN,
        "Diluted NI Availto Com Stockholders": NaN,
        "Net Income Common Stockholders": NaN,
        "Net Income": NaN,
        "Minority Interests": NaN,
        "Net Income Including Noncontrolling Interests": NaN,
        "Net Income Discontinuous Operations": 0.0,
        "Net Income Continuous Operations": NaN,
        "Tax Provision": NaN,
        "Pretax Income": NaN,
        "Other Income Expense": NaN,
        "Other Non Operating Income Expenses": NaN,
        "Special Income Charges": NaN,
        "Gain On Sale Of Ppe": NaN,
        "Net Non Operating Interest Income Expense": NaN,
        "Interest Expense Non Operating": NaN,
        "Operating Income": NaN,
        "Operating Expense": NaN,
        "Depreciation Amortization Depletion Income Statement": NaN,
        "Depreciation And Amortization In Income Statement": NaN,
        "Selling General And Administration": NaN,
        "Gross Profit": NaN,
        "Cost Of Revenue": NaN,
        "Total Revenue": NaN,
        "Operating Revenue": NaN
    },
    "2022-12-31": {
        "Tax Effect Of Unusual Items": NaN,
        "Tax Rate For Calcs": NaN,
        "Normalized EBITDA": NaN,
        "Total Unusual Items": NaN,
        "Total Unusual Items Excluding Goodwill": NaN,
        "Net Income From Continuing Operation Net Minority Interest": NaN,
        "Reconciled Depreciation": NaN,
        "Reconciled Cost Of Revenue": NaN,
        "EBITDA": NaN,
        "EBIT": NaN,
        "Net Interest Income": NaN,
        "Interest Expense": NaN,
        "Normalized Income": NaN,
        "Net Income From Continuing And Discontinued Operation": NaN,
        "Total Expenses": NaN,
        "Total Operating Income As Reported": NaN,
        "Diluted Average Shares": NaN,
        "Basic Average Shares": NaN,
        "Diluted EPS": NaN,
        "Basic EPS": NaN,
        "Diluted NI Availto Com Stockholders": NaN,
        "Net Income Common Stockholders": NaN,
        "Net Income": NaN,
        "Minority Interests": NaN,
        "Net Income Including Noncontrolling Interests": NaN,
        "Net Income Discontinuous Operations": -100000.0,
        "Net Income Continuous Operations": NaN,
        "Tax Provision": NaN,
        "Pretax Income": NaN,
        "Other Income Expense": NaN,
        "Other Non Operating Income Expenses": NaN,
        "Special Income Charges": NaN,
        "Gain On Sale Of Ppe": NaN,
        "Impairment Of Capital Assets": 0.0,
        "Net Non Operating Interest Income Expense": NaN,
        "Interest Expense Non Operating": NaN,
        "Operating Income": NaN,
        "Operating Expense": NaN,
        "Depreciation Amortization Depletion Income Statement": NaN,
        "Depreciation And Amortization In Income Statement": NaN,
        "Selling General And Administration": NaN,
        "Gross Profit": NaN,
        "Cost Of Revenue": NaN,
        "Total Revenue": NaN,
        "Operating Revenue": NaN
    },
    "2022-09-30": {
        "Tax Effect Of Unusual Items": NaN,
        "Tax Rate For Calcs": NaN,
        "Normalized EBITDA": NaN,
        "Total Unusual Items": NaN,
        "Total Unusual Items Excluding Goodwill": NaN,
        "Net Income From Continuing Operation Net Minority Interest": NaN,
        "Reconciled Depreciation": NaN,
        "Reconciled Cost Of Revenue": NaN,
        "EBITDA": NaN,
        "EBIT": NaN,
        "Net Interest Income": NaN,
        "Interest Expense": NaN,
        "Normalized Income": NaN,
        "Net Income From Continuing And Discontinued Operation": NaN,
        "Total Expenses": NaN,
        "Total Operating Income As Reported": NaN,
        "Diluted Average Shares": NaN,
        "Basic Average Shares": NaN,
        "Diluted EPS": NaN,
        "Basic EPS": NaN,
        "Diluted NI Availto Com Stockholders": NaN,
        "Net Income Common Stockholders": NaN,
        "Net Income": NaN,
        "Minority Interests": NaN,
        "Net Income Including Noncontrolling Interests": NaN,
        "Net Income Discontinuous Operations": NaN,
        "Net Income Continuous Operations": NaN,
        "Tax Provision": NaN,
        "Pretax Income": NaN,
        "Other Income Expense": NaN,
        "Other Non Operating Income Expenses": NaN,
        "Special Income Charges": NaN,
        "Gain On Sale Of Ppe": NaN,
        "Impairment Of Capital Assets": 0.0,
        "Net Non Operating Interest Income Expense": NaN,
        "Interest Expense Non Operating": NaN,
        "Operating Income": NaN,
        "Operating Expense": NaN,
        "Depreciation Amortization Depletion Income Statement": NaN,
        "Depreciation And Amortization In Income Statement": NaN,
        "Selling General And Administration": NaN,
        "Gross Profit": NaN,
        "Cost Of Revenue": NaN,
        "Total Revenue": NaN,
        "Operating Revenue": NaN
    },
    "2022-06-30": {
        "Tax Effect Of Unusual Items": 0.0,
        "Tax Rate For Calcs": 0.369565,
        "Normalized EBITDA": 42900000.0,
        "Total Unusual Items": 0.0,
        "Total Unusual Items Excluding Goodwill": 0.0,
        "Net Income From Continuing Operation Net Minority Interest": 11700000.0,
        "Reconciled Depreciation": 13400000.0,
        "Reconciled Cost Of Revenue": 419400000.0,
        "EBITDA": 42900000.0,
        "EBIT": 29500000.0,
        "Net Interest Income": -11100000.0,
        "Interest Expense": 11100000.0,
        "Normalized Income": 11700000.0,
        "Net Income From Continuing And Discontinued Operation": 11700000.0,
        "Total Expenses": 473400000.0,
        "Total Operating Income As Reported": 29100000.0,
        "Diluted Average Shares": 21239000.0,
        "Basic Average Shares": 21026000.0,
        "Diluted EPS": 0.55,
        "Basic EPS": 0.56,
        "Diluted NI Availto Com Stockholders": 11700000.0,
        "Net Income Common Stockholders": 11700000.0,
        "Net Income": 11700000.0,
        "Minority Interests": 100000.0,
        "Net Income Including Noncontrolling Interests": 11600000.0,
        "Net Income Discontinuous Operations": 0.0,
        "Net Income Continuous Operations": 11600000.0,
        "Tax Provision": 6800000.0,
        "Pretax Income": 18400000.0,
        "Other Income Expense": 400000.0,
        "Other Non Operating Income Expenses": 400000.0,
        "Special Income Charges": 0.0,
        "Gain On Sale Of Ppe": 0.0,
        "Impairment Of Capital Assets": 0.0,
        "Net Non Operating Interest Income Expense": -11100000.0,
        "Interest Expense Non Operating": 11100000.0,
        "Operating Income": 29100000.0,
        "Operating Expense": 54000000.0,
        "Depreciation Amortization Depletion Income Statement": 13400000.0,
        "Depreciation And Amortization In Income Statement": 13400000.0,
        "Selling General And Administration": 40600000.0,
        "Gross Profit": 83100000.0,
        "Cost Of Revenue": 419400000.0,
        "Total Revenue": 502500000.0,
        "Operating Revenue": 502500000.0
    },
    "2023-06-30": {
        "Tax Effect Of Unusual Items": NaN,
        "Tax Rate For Calcs": NaN,
        "Normalized EBITDA": NaN,
        "Total Unusual Items": NaN,
        "Total Unusual Items Excluding Goodwill": NaN,
        "Net Income From Continuing Operation Net Minority Interest": NaN,
        "Reconciled Depreciation": NaN,
        "Reconciled Cost Of Revenue": NaN,
        "EBITDA": NaN,
        "EBIT": NaN,
        "Net Interest Income": NaN,
        "Interest Expense": NaN,
        "Normalized Income": NaN,
        "Net Income From Continuing And Discontinued Operation": NaN,
        "Total Expenses": NaN,
        "Total Operating Income As Reported": NaN,
        "Diluted Average Shares": NaN,
        "Basic Average Shares": NaN,
        "Diluted EPS": NaN,
        "Basic EPS": NaN,
        "Diluted NI Availto Com Stockholders": NaN,
        "Net Income Common Stockholders": NaN,
        "Net Income": NaN,
        "Minority Interests": NaN,
        "Net Income Including Noncontrolling Interests": NaN,
        "Net Income Discontinuous Operations": 0.0,
        "Net Income Continuous Operations": NaN,
        "Tax Provision": NaN,
        "Pretax Income": NaN,
        "Other Income Expense": NaN,
        "Other Non Operating Income Expenses": NaN,
        "Special Income Charges": NaN,
        "Gain On Sale Of Ppe": NaN,
        "Net Non Operating Interest Income Expense": NaN,
        "Interest Expense Non Operating": NaN,
        "Operating Income": NaN,
        "Operating Expense": NaN,
        "Depreciation Amortization Depletion Income Statement": NaN,
        "Depreciation And Amortization In Income Statement": NaN,
        "Selling General And Administration": NaN,
        "Gross Profit": NaN,
        "Cost Of Revenue": NaN,
        "Total Revenue": NaN,
        "Operating Revenue": NaN
    },
    "2023-09-30": {
        "Tax Effect Of Unusual Items": NaN,
        "Tax Rate For Calcs": NaN,
        "Normalized EBITDA": NaN,
        "Total Unusual Items": NaN,
        "Total Unusual Items Excluding Goodwill": NaN,
        "Net Income From Continuing Operation Net Minority Interest": NaN,
        "Reconciled Depreciation": NaN,
        "Reconciled Cost Of Revenue": NaN,
        "EBITDA": NaN,
        "EBIT": NaN,
        "Net Interest Income": NaN,
        "Interest Expense": NaN,
        "Normalized Income": NaN,
        "Net Income From Continuing And Discontinued Operation": NaN,
        "Total Expenses": NaN,
        "Total Operating Income As Reported": NaN,
        "Diluted Average Shares": NaN,
        "Basic Average Shares": NaN,
        "Diluted EPS": NaN,
        "Basic EPS": NaN,
        "Diluted NI Availto Com Stockholders": NaN,
        "Net Income Common Stockholders": NaN,
        "Net Income": NaN,
        "Minority Interests": NaN,
        "Net Income Including Noncontrolling Interests": NaN,
        "Net Income Discontinuous Operations": 0.0,
        "Net Income Continuous Operations": NaN,
        "Tax Provision": NaN,
        "Pretax Income": NaN,
        "Other Income Expense": NaN,
        "Other Non Operating Income Expenses": NaN,
        "Special Income Charges": NaN,
        "Gain On Sale Of Ppe": NaN,
        "Other Special Charges": NaN,
        "Impairment Of Capital Assets": NaN,
        "Net Non Operating Interest Income Expense": NaN,
        "Interest Expense Non Operating": NaN,
        "Operating Income": NaN,
        "Operating Expense": NaN,
        "Depreciation Amortization Depletion Income Statement": NaN,
        "Depreciation And Amortization In Income Statement": NaN,
        "Selling General And Administration": NaN,
        "Gross Profit": NaN,
        "Cost Of Revenue": NaN,
        "Total Revenue": NaN,
        "Operating Revenue": NaN
    },
    "2023-12-31": {
        "Tax Effect Of Unusual Items": NaN,
        "Tax Rate For Calcs": NaN,
        "Normalized EBITDA": NaN,
        "Total Unusual Items": NaN,
        "Total Unusual Items Excluding Goodwill": NaN,
        "Net Income From Continuing Operation Net Minority Interest": NaN,
        "Reconciled Depreciation": NaN,
        "Reconciled Cost Of Revenue": NaN,
        "EBITDA": NaN,
        "EBIT": NaN,
        "Net Interest Income": NaN,
        "Interest Expense": NaN,
        "Normalized Income": NaN,
        "Net Income From Continuing And Discontinued Operation": NaN,
        "Total Expenses": NaN,
        "Total Operating Income As Reported": NaN,
        "Diluted Average Shares": NaN,
        "Basic Average Shares": NaN,
        "Diluted EPS": NaN,
        "Basic EPS": NaN,
        "Diluted NI Availto Com Stockholders": NaN,
        "Net Income Common Stockholders": NaN,
        "Net Income": NaN,
        "Minority Interests": NaN,
        "Net Income Including Noncontrolling Interests": NaN,
        "Net Income Discontinuous Operations": 0.0,
        "Net Income Continuous Operations": NaN,
        "Tax Provision": NaN,
        "Pretax Income": NaN,
        "Other Income Expense": NaN,
        "Other Non Operating Income Expenses": NaN,
        "Special Income Charges": NaN,
        "Gain On Sale Of Ppe": NaN,
        "Other Special Charges": NaN,
        "Impairment Of Capital Assets": NaN,
        "Restructuring And Mergern Acquisition": NaN,
        "Net Non Operating Interest Income Expense": NaN,
        "Interest Expense Non Operating": NaN,
        "Operating Income": NaN,
        "Operating Expense": NaN,
        "Depreciation Amortization Depletion Income Statement": NaN,
        "Depreciation And Amortization In Income Statement": NaN,
        "Selling General And Administration": NaN,
        "Gross Profit": NaN,
        "Cost Of Revenue": NaN,
        "Total Revenue": NaN,
        "Operating Revenue": NaN
    },
    "2024-03-31": {
        "Tax Effect Of Unusual Items": NaN,
        "Tax Rate For Calcs": NaN,
        "Normalized EBITDA": NaN,
        "Total Unusual Items": NaN,
        "Total Unusual Items Excluding Goodwill": NaN,
        "Net Income From Continuing Operation Net Minority Interest": NaN,
        "Reconciled Depreciation": NaN,
        "Reconciled Cost Of Revenue": NaN,
        "EBITDA": NaN,
        "EBIT": NaN,
        "Net Interest Income": NaN,
        "Interest Expense": NaN,
        "Normalized Income": NaN,
        "Net Income From Continuing And Discontinued Operation": NaN,
        "Total Expenses": NaN,
        "Total Operating Income As Reported": NaN,
        "Diluted Average Shares": NaN,
        "Basic Average Shares": NaN,
        "Diluted EPS": NaN,
        "Basic EPS": NaN,
        "Diluted NI Availto Com Stockholders": NaN,
        "Net Income Common Stockholders": NaN,
        "Net Income": NaN,
        "Minority Interests": NaN,
        "Net Income Including Noncontrolling Interests": NaN,
        "Net Income Continuous Operations": NaN,
        "Tax Provision": NaN,
        "Pretax Income": NaN,
        "Other Income Expense": NaN,
        "Other Non Operating Income Expenses": NaN,
        "Special Income Charges": NaN,
        "Gain On Sale Of Ppe": NaN,
        "Other Special Charges": NaN,
        "Impairment Of Capital Assets": 0.0,
        "Restructuring And Mergern Acquisition": 0.0,
        "Net Non Operating Interest Income Expense": NaN,
        "Interest Expense Non Operating": NaN,
        "Operating Income": NaN,
        "Operating Expense": NaN,
        "Depreciation Amortization Depletion Income Statement": NaN,
        "Depreciation And Amortization In Income Statement": NaN,
        "Selling General And Administration": NaN,
        "Gross Profit": NaN,
        "Cost Of Revenue": NaN,
        "Total Revenue": NaN,
        "Operating Revenue": NaN
    },
    "2024-06-30": {
        "Tax Effect Of Unusual Items": 0.0,
        "Tax Rate For Calcs": 0.275676,
        "Normalized EBITDA": 75800000.0,
        "Total Unusual Items": 0.0,
        "Total Unusual Items Excluding Goodwill": 0.0,
        "Net Income From Continuing Operation Net Minority Interest": 26800000.0,
        "Reconciled Depreciation": 18200000.0,
        "Reconciled Cost Of Revenue": 441600000.0,
        "EBITDA": 75800000.0,
        "EBIT": 57600000.0,
        "Net Interest Income": -20600000.0,
        "Interest Expense": 20600000.0,
        "Normalized Income": 26800000.0,
        "Net Income From Continuing And Discontinued Operation": 26800000.0,
        "Total Expenses": 505700000.0,
        "Total Operating Income As Reported": 57500000.0,
        "Diluted Average Shares": 21559000.0,
        "Basic Average Shares": 20901000.0,
        "Diluted EPS": 1.25,
        "Basic EPS": 1.29,
        "Diluted NI Availto Com Stockholders": 26800000.0,
        "Net Income Common Stockholders": 26800000.0,
        "Net Income": 26800000.0,
        "Minority Interests": 0.0,
        "Net Income Including Noncontrolling Interests": 26800000.0,
        "Net Income Continuous Operations": 26800000.0,
        "Tax Provision": 10200000.0,
        "Pretax Income": 37000000.0,
        "Other Income Expense": 100000.0,
        "Other Non Operating Income Expenses": 100000.0,
        "Special Income Charges": 0.0,
        "Gain On Sale Of Ppe": 0.0,
        "Other Special Charges": NaN,
        "Impairment Of Capital Assets": NaN,
        "Restructuring And Mergern Acquisition": NaN,
        "Net Non Operating Interest Income Expense": -20600000.0,
        "Interest Expense Non Operating": 20600000.0,
        "Operating Income": 57500000.0,
        "Operating Expense": 64100000.0,
        "Depreciation Amortization Depletion Income Statement": 18200000.0,
        "Depreciation And Amortization In Income Statement": 18200000.0,
        "Selling General And Administration": 45900000.0,
        "Gross Profit": 121600000.0,
        "Cost Of Revenue": 441600000.0,
        "Total Revenue": 563200000.0,
        "Operating Revenue": 563200000.0
    },
    "2024-09-30": {
        "Tax Effect Of Unusual Items": -3473648.648649,
        "Tax Rate For Calcs": 0.358108,
        "Normalized EBITDA": 77400000.0,
        "Total Unusual Items": -9700000.0,
        "Total Unusual Items Excluding Goodwill": -9700000.0,
        "Net Income From Continuing Operation Net Minority Interest": 22800000.0,
        "Reconciled Depreciation": 17900000.0,
        "Reconciled Cost Of Revenue": 433100000.0,
        "EBITDA": 67700000.0,
        "EBIT": 49800000.0,
        "Net Interest Income": -20200000.0,
        "Interest Expense": 20200000.0,
        "Normalized Income": 29026351.351351,
        "Net Income From Continuing And Discontinued Operation": 22800000.0,
        "Total Expenses": 494900000.0,
        "Total Operating Income As Reported": 49700000.0,
        "Diluted Average Shares": 20961000.0,
        "Basic Average Shares": 20409000.0,
        "Diluted EPS": 1.09,
        "Basic EPS": 1.12,
        "Diluted NI Availto Com Stockholders": 22800000.0,
        "Net Income Common Stockholders": 22800000.0,
        "Net Income": 22800000.0,
        "Minority Interests": 3800000.0,
        "Net Income Including Noncontrolling Interests": 19000000.0,
        "Net Income Continuous Operations": 19000000.0,
        "Tax Provision": 10600000.0,
        "Pretax Income": 29600000.0,
        "Other Income Expense": -9600000.0,
        "Other Non Operating Income Expenses": 100000.0,
        "Special Income Charges": -9700000.0,
        "Gain On Sale Of Ppe": -9700000.0,
        "Other Special Charges": NaN,
        "Impairment Of Capital Assets": NaN,
        "Restructuring And Mergern Acquisition": 0.0,
        "Net Non Operating Interest Income Expense": -20200000.0,
        "Interest Expense Non Operating": 20200000.0,
        "Operating Income": 59400000.0,
        "Operating Expense": 61800000.0,
        "Depreciation Amortization Depletion Income Statement": 17900000.0,
        "Depreciation And Amortization In Income Statement": 17900000.0,
        "Selling General And Administration": 43900000.0,
        "Gross Profit": 121200000.0,
        "Cost Of Revenue": 433100000.0,
        "Total Revenue": 554300000.0,
        "Operating Revenue": 554300000.0
    },
    "2024-12-31": {
        "Tax Effect Of Unusual Items": -5479591.836735,
        "Tax Rate For Calcs": 0.306122,
        "Normalized EBITDA": 36800000.0,
        "Total Unusual Items": -17900000.0,
        "Total Unusual Items Excluding Goodwill": -17900000.0,
        "Net Income From Continuing Operation Net Minority Interest": -10200000.0,
        "Reconciled Depreciation": 15300000.0,
        "Reconciled Cost Of Revenue": 393400000.0,
        "EBITDA": 18900000.0,
        "EBIT": 3600000.0,
        "Net Interest Income": -18300000.0,
        "Interest Expense": 18300000.0,
        "Normalized Income": 2220408.163265,
        "Net Income From Continuing And Discontinued Operation": -10200000.0,
        "Total Expenses": 452700000.0,
        "Total Operating Income As Reported": 6400000.0,
        "Diluted Average Shares": 20864000.0,
        "Basic Average Shares": 20269000.0,
        "Diluted EPS": -0.5,
        "Basic EPS": -0.5,
        "Diluted NI Availto Com Stockholders": -10200000.0,
        "Net Income Common Stockholders": -10200000.0,
        "Net Income": -10200000.0,
        "Minority Interests": 0.0,
        "Net Income Including Noncontrolling Interests": -10200000.0,
        "Net Income Continuous Operations": -10200000.0,
        "Tax Provision": -4500000.0,
        "Pretax Income": -14700000.0,
        "Other Income Expense": -20700000.0,
        "Other Non Operating Income Expenses": -2800000.0,
        "Special Income Charges": -17900000.0,
        "Gain On Sale Of Ppe": -1000000.0,
        "Other Special Charges": NaN,
        "Impairment Of Capital Assets": NaN,
        "Restructuring And Mergern Acquisition": NaN,
        "Net Non Operating Interest Income Expense": -18300000.0,
        "Interest Expense Non Operating": 18300000.0,
        "Operating Income": 24300000.0,
        "Operating Expense": 59300000.0,
        "Depreciation Amortization Depletion Income Statement": 15300000.0,
        "Depreciation And Amortization In Income Statement": 15300000.0,
        "Selling General And Administration": 44000000.0,
        "Gross Profit": 83600000.0,
        "Cost Of Revenue": 393400000.0,
        "Total Revenue": 477000000.0,
        "Operating Revenue": 477000000.0
    },
    "2025-03-31": {
        "Tax Effect Of Unusual Items": -3779651.162791,
        "Tax Rate For Calcs": 0.19186,
        "Normalized EBITDA": 37100000.0,
        "Total Unusual Items": -19700000.0,
        "Total Unusual Items Excluding Goodwill": -19700000.0,
        "Net Income From Continuing Operation Net Minority Interest": -13900000.0,
        "Reconciled Depreciation": 18000000.0,
        "Reconciled Cost Of Revenue": 350700000.0,
        "EBITDA": 17400000.0,
        "EBIT": -600000.0,
        "Net Interest Income": -16600000.0,
        "Interest Expense": 16600000.0,
        "Normalized Income": 2020348.837209,
        "Net Income From Continuing And Discontinued Operation": -13900000.0,
        "Total Expenses": 409800000.0,
        "Total Operating Income As Reported": 27000000.0,
        "Diluted Average Shares": 20369000.0,
        "Basic Average Shares": 20369000.0,
        "Diluted EPS": -0.68,
        "Basic EPS": -0.68,
        "Diluted NI Availto Com Stockholders": -13900000.0,
        "Net Income Common Stockholders": -13900000.0,
        "Net Income": -13900000.0,
        "Minority Interests": 0.0,
        "Net Income Including Noncontrolling Interests": -13900000.0,
        "Net Income Continuous Operations": -13900000.0,
        "Tax Provision": -3300000.0,
        "Pretax Income": -17200000.0,
        "Other Income Expense": -47300000.0,
        "Other Non Operating Income Expenses": -27600000.0,
        "Special Income Charges": -19700000.0,
        "Gain On Sale Of Ppe": 300000.0,
        "Other Special Charges": 29000000.0,
        "Impairment Of Capital Assets": 20000000.0,
        "Restructuring And Mergern Acquisition": 20000000.0,
        "Net Non Operating Interest Income Expense": -16600000.0,
        "Interest Expense Non Operating": 16600000.0,
        "Operating Income": 46700000.0,
        "Operating Expense": 59100000.0,
        "Depreciation Amortization Depletion Income Statement": 18000000.0,
        "Depreciation And Amortization In Income Statement": 18000000.0,
        "Selling General And Administration": 41100000.0,
        "Gross Profit": 105800000.0,
        "Cost Of Revenue": 350700000.0,
        "Total Revenue": 456500000.0,
        "Operating Revenue": 456500000.0
    },
    "2025-06-30": {
        "Tax Effect Of Unusual Items": -5523012.552301,
        "Tax Rate For Calcs": 0.313808,
        "Normalized EBITDA": 76800000.0,
        "Total Unusual Items": -17600000.0,
        "Total Unusual Items Excluding Goodwill": -17600000.0,
        "Net Income From Continuing Operation Net Minority Interest": 16400000.0,
        "Reconciled Depreciation": 18000000.0,
        "Reconciled Cost Of Revenue": 390600000.0,
        "EBITDA": 59200000.0,
        "EBIT": 41200000.0,
        "Net Interest Income": -17300000.0,
        "Interest Expense": 17300000.0,
        "Normalized Income": 28476987.447699,
        "Net Income From Continuing And Discontinued Operation": 16400000.0,
        "Total Expenses": 448100000.0,
        "Total Operating Income As Reported": 39100000.0,
        "Diluted Average Shares": 20235000.0,
        "Basic Average Shares": 19883000.0,
        "Diluted EPS": 0.81,
        "Basic EPS": 0.83,
        "Diluted NI Availto Com Stockholders": 16400000.0,
        "Net Income Common Stockholders": 16400000.0,
        "Net Income": 16400000.0,
        "Minority Interests": 0.0,
        "Net Income Including Noncontrolling Interests": 16400000.0,
        "Net Income Continuous Operations": 16400000.0,
        "Tax Provision": 7500000.0,
        "Pretax Income": 23900000.0,
        "Other Income Expense": -15500000.0,
        "Other Non Operating Income Expenses": 2100000.0,
        "Special Income Charges": -17600000.0,
        "Gain On Sale Of Ppe": -4600000.0,
        "Other Special Charges": 12300000.0,
        "Impairment Of Capital Assets": NaN,
        "Restructuring And Mergern Acquisition": 700000.0,
        "Net Non Operating Interest Income Expense": -17300000.0,
        "Interest Expense Non Operating": 17300000.0,
        "Operating Income": 56700000.0,
        "Operating Expense": 57500000.0,
        "Depreciation Amortization Depletion Income Statement": 18000000.0,
        "Depreciation And Amortization In Income Statement": 18000000.0,
        "Selling General And Administration": 39500000.0,
        "Gross Profit": 114200000.0,
        "Cost Of Revenue": 390600000.0,
        "Total Revenue": 504800000.0,
        "Operating Revenue": 504800000.0
    },
    "2025-09-30": {
        "Tax Effect Of Unusual Items": -3385474.860335,
        "Tax Rate For Calcs": 0.335196,
        "Normalized EBITDA": 80200000.0,
        "Total Unusual Items": -10100000.0,
        "Total Unusual Items Excluding Goodwill": -10100000.0,
        "Net Income From Continuing Operation Net Minority Interest": 23800000.0,
        "Reconciled Depreciation": 17600000.0,
        "Reconciled Cost Of Revenue": 368300000.0,
        "EBITDA": 70100000.0,
        "EBIT": 52500000.0,
        "Net Interest Income": -16700000.0,
        "Interest Expense": 16700000.0,
        "Normalized Income": 30514525.139665,
        "Net Income From Continuing And Discontinued Operation": 23800000.0,
        "Total Expenses": 423400000.0,
        "Total Operating Income As Reported": 51800000.0,
        "Diluted Average Shares": 20212000.0,
        "Basic Average Shares": 19654000.0,
        "Diluted EPS": 1.17,
        "Basic EPS": 1.21,
        "Diluted NI Availto Com Stockholders": 23800000.0,
        "Net Income Common Stockholders": 23800000.0,
        "Net Income": 23800000.0,
        "Minority Interests": 0.0,
        "Net Income Including Noncontrolling Interests": 23800000.0,
        "Net Income Continuous Operations": 23800000.0,
        "Tax Provision": 12000000.0,
        "Pretax Income": 35800000.0,
        "Other Income Expense": -9400000.0,
        "Other Non Operating Income Expenses": 700000.0,
        "Special Income Charges": -10100000.0,
        "Gain On Sale Of Ppe": 100000.0,
        "Other Special Charges": NaN,
        "Impairment Of Capital Assets": NaN,
        "Restructuring And Mergern Acquisition": 10200000.0,
        "Net Non Operating Interest Income Expense": -16700000.0,
        "Interest Expense Non Operating": 16700000.0,
        "Operating Income": 61900000.0,
        "Operating Expense": 55100000.0,
        "Depreciation Amortization Depletion Income Statement": 17600000.0,
        "Depreciation And Amortization In Income Statement": 17600000.0,
        "Selling General And Administration": 37500000.0,
        "Gross Profit": 117000000.0,
        "Cost Of Revenue": 368300000.0,
        "Total Revenue": 485300000.0,
        "Operating Revenue": 485300000.0
    }
}