{
    "2023-03-31": {
        "Tax Effect Of Unusual Items": NaN,
        "Tax Rate For Calcs": NaN,
        "Normalized EBITDA": NaN,
        "Total Unusual Items": -264000.0,
        "Total Unusual Items Excluding Goodwill": -264000.0,
        "Net Income From Continuing Operation Net Minority Interest": NaN,
        "Reconciled Depreciation": NaN,
        "Reconciled Cost Of Revenue": NaN,
        "EBITDA": NaN,
        "EBIT": NaN,
        "Net Interest Income": NaN,
        "Interest Expense": NaN,
        "Interest Income": NaN,
        "Normalized Income": NaN,
        "Net Income From Continuing And Discontinued Operation": NaN,
        "Total Expenses": NaN,
        "Total Operating Income As Reported": NaN,
        "Diluted Average Shares": NaN,
        "Basic Average Shares": NaN,
        "Diluted EPS": NaN,
        "Basic EPS": NaN,
        "Diluted NI Availto Com Stockholders": NaN,
        "Average Dilution Earnings": NaN,
        "Net Income Common Stockholders": NaN,
        "Otherunder Preferred Stock Dividend": NaN,
        "Net Income": NaN,
        "Net Income Including Noncontrolling Interests": NaN,
        "Net Income Continuous Operations": NaN,
        "Tax Provision": NaN,
        "Pretax Income": NaN,
        "Other Income Expense": NaN,
        "Other Non Operating Income Expenses": NaN,
        "Special Income Charges": NaN,
        "Other Special Charges": NaN,
        "Gain On Sale Of Security": -264000.0,
        "Net Non Operating Interest Income Expense": NaN,
        "Interest Expense Non Operating": NaN,
        "Interest Income Non Operating": NaN,
        "Operating Income": NaN,
        "Operating Expense": NaN,
        "Research And Development": NaN,
        "Selling General And Administration": NaN,
        "General And Administrative Expense": NaN,
        "Other Gand A": NaN,
        "Salaries And Wages": NaN,
        "Gross Profit": NaN,
        "Cost Of Revenue": NaN,
        "Total Revenue": NaN,
        "Operating Revenue": NaN
    },
    "2022-12-31": {
        "Tax Effect Of Unusual Items": NaN,
        "Tax Rate For Calcs": NaN,
        "Normalized EBITDA": NaN,
        "Total Unusual Items": NaN,
        "Total Unusual Items Excluding Goodwill": NaN,
        "Net Income From Continuing Operation Net Minority Interest": NaN,
        "Reconciled Depreciation": NaN,
        "Reconciled Cost Of Revenue": NaN,
        "EBITDA": NaN,
        "EBIT": NaN,
        "Net Interest Income": NaN,
        "Interest Expense": NaN,
        "Interest Income": NaN,
        "Normalized Income": NaN,
        "Net Income From Continuing And Discontinued Operation": NaN,
        "Total Expenses": NaN,
        "Total Operating Income As Reported": NaN,
        "Diluted Average Shares": 89934000.0,
        "Basic Average Shares": 89934000.0,
        "Diluted EPS": -0.43,
        "Basic EPS": -0.43,
        "Diluted NI Availto Com Stockholders": NaN,
        "Net Income Common Stockholders": NaN,
        "Net Income": NaN,
        "Net Income Including Noncontrolling Interests": NaN,
        "Net Income Continuous Operations": NaN,
        "Tax Provision": NaN,
        "Pretax Income": NaN,
        "Other Income Expense": NaN,
        "Other Non Operating Income Expenses": NaN,
        "Gain On Sale Of Security": NaN,
        "Net Non Operating Interest Income Expense": NaN,
        "Interest Expense Non Operating": NaN,
        "Interest Income Non Operating": NaN,
        "Operating Income": NaN,
        "Operating Expense": NaN,
        "Research And Development": NaN,
        "Selling General And Administration": NaN,
        "General And Administrative Expense": NaN,
        "Other Gand A": NaN,
        "Salaries And Wages": NaN,
        "Gross Profit": NaN,
        "Cost Of Revenue": NaN,
        "Total Revenue": NaN,
        "Operating Revenue": NaN
    },
    "2022-09-30": {
        "Tax Effect Of Unusual Items": 0.0,
        "Tax Rate For Calcs": 0.21,
        "Normalized EBITDA": -30165000.0,
        "Total Unusual Items": NaN,
        "Total Unusual Items Excluding Goodwill": NaN,
        "Net Income From Continuing Operation Net Minority Interest": -36324000.0,
        "Reconciled Depreciation": 182000.0,
        "Reconciled Cost Of Revenue": 980000.0,
        "EBITDA": -30165000.0,
        "EBIT": -30165000.0,
        "Net Interest Income": -5456000.0,
        "Interest Expense": 6114000.0,
        "Interest Income": 658000.0,
        "Normalized Income": -36324000.0,
        "Net Income From Continuing And Discontinued Operation": -36324000.0,
        "Total Expenses": 66984000.0,
        "Total Operating Income As Reported": -30839000.0,
        "Diluted Average Shares": 80210000.0,
        "Basic Average Shares": 80210000.0,
        "Diluted EPS": -0.45,
        "Basic EPS": -0.45,
        "Diluted NI Availto Com Stockholders": -36324000.0,
        "Net Income Common Stockholders": -36324000.0,
        "Net Income": -36324000.0,
        "Net Income Including Noncontrolling Interests": -36324000.0,
        "Net Income Continuous Operations": -36324000.0,
        "Tax Provision": 45000.0,
        "Pretax Income": -36279000.0,
        "Other Income Expense": 16000.0,
        "Other Non Operating Income Expenses": 16000.0,
        "Gain On Sale Of Security": NaN,
        "Net Non Operating Interest Income Expense": -5456000.0,
        "Interest Expense Non Operating": 6114000.0,
        "Interest Income Non Operating": 658000.0,
        "Operating Income": -30839000.0,
        "Operating Expense": 66004000.0,
        "Research And Development": 31359000.0,
        "Selling General And Administration": 34645000.0,
        "General And Administrative Expense": 34645000.0,
        "Other Gand A": 13988000.0,
        "Salaries And Wages": 20657000.0,
        "Gross Profit": 35165000.0,
        "Cost Of Revenue": 980000.0,
        "Total Revenue": 36145000.0,
        "Operating Revenue": 36145000.0
    },
    "2022-06-30": {
        "Tax Effect Of Unusual Items": 0.0,
        "Tax Rate For Calcs": 0.4,
        "Normalized EBITDA": -42479000.0,
        "Total Unusual Items": NaN,
        "Total Unusual Items Excluding Goodwill": NaN,
        "Net Income From Continuing Operation Net Minority Interest": -49062000.0,
        "Reconciled Depreciation": 149000.0,
        "Reconciled Cost Of Revenue": 939000.0,
        "EBITDA": -42479000.0,
        "EBIT": -42628000.0,
        "Net Interest Income": -6020000.0,
        "Interest Expense": 6313000.0,
        "Interest Income": 293000.0,
        "Normalized Income": -49062000.0,
        "Net Income From Continuing And Discontinued Operation": -49062000.0,
        "Total Expenses": 82587000.0,
        "Total Operating Income As Reported": -42908000.0,
        "Diluted Average Shares": 79651000.0,
        "Basic Average Shares": 79651000.0,
        "Diluted EPS": -0.62,
        "Basic EPS": -0.62,
        "Diluted NI Availto Com Stockholders": -49062000.0,
        "Net Income Common Stockholders": -49062000.0,
        "Net Income": -49062000.0,
        "Net Income Including Noncontrolling Interests": -49062000.0,
        "Net Income Continuous Operations": -49062000.0,
        "Tax Provision": 121000.0,
        "Pretax Income": -48941000.0,
        "Other Income Expense": -13000.0,
        "Other Non Operating Income Expenses": -13000.0,
        "Gain On Sale Of Security": NaN,
        "Net Non Operating Interest Income Expense": -6020000.0,
        "Interest Expense Non Operating": 6313000.0,
        "Interest Income Non Operating": 293000.0,
        "Operating Income": -42908000.0,
        "Operating Expense": 81648000.0,
        "Research And Development": 44309000.0,
        "Selling General And Administration": 37339000.0,
        "General And Administrative Expense": 37339000.0,
        "Other Gand A": 13026000.0,
        "Salaries And Wages": 24313000.0,
        "Gross Profit": 38740000.0,
        "Cost Of Revenue": 939000.0,
        "Total Revenue": 39679000.0,
        "Operating Revenue": 39679000.0
    },
    "2023-06-30": {
        "Tax Effect Of Unusual Items": NaN,
        "Tax Rate For Calcs": NaN,
        "Normalized EBITDA": NaN,
        "Total Unusual Items": 0.0,
        "Total Unusual Items Excluding Goodwill": 0.0,
        "Net Income From Continuing Operation Net Minority Interest": NaN,
        "Reconciled Depreciation": NaN,
        "Reconciled Cost Of Revenue": NaN,
        "EBITDA": NaN,
        "EBIT": NaN,
        "Net Interest Income": NaN,
        "Interest Expense": NaN,
        "Interest Income": NaN,
        "Normalized Income": NaN,
        "Net Income From Continuing And Discontinued Operation": NaN,
        "Total Expenses": NaN,
        "Total Operating Income As Reported": NaN,
        "Diluted Average Shares": 114207000.0,
        "Basic Average Shares": 114207000.0,
        "Diluted EPS": -0.29,
        "Basic EPS": -0.29,
        "Diluted NI Availto Com Stockholders": NaN,
        "Average Dilution Earnings": NaN,
        "Net Income Common Stockholders": NaN,
        "Otherunder Preferred Stock Dividend": NaN,
        "Net Income": NaN,
        "Net Income Including Noncontrolling Interests": NaN,
        "Net Income Continuous Operations": NaN,
        "Tax Provision": NaN,
        "Pretax Income": NaN,
        "Other Income Expense": NaN,
        "Other Non Operating Income Expenses": NaN,
        "Special Income Charges": 0.0,
        "Other Special Charges": NaN,
        "Net Non Operating Interest Income Expense": NaN,
        "Interest Expense Non Operating": NaN,
        "Interest Income Non Operating": NaN,
        "Operating Income": NaN,
        "Operating Expense": NaN,
        "Research And Development": NaN,
        "Selling General And Administration": NaN,
        "General And Administrative Expense": NaN,
        "Other Gand A": NaN,
        "Salaries And Wages": NaN,
        "Gross Profit": NaN,
        "Cost Of Revenue": NaN,
        "Total Revenue": NaN,
        "Operating Revenue": NaN
    },
    "2022-03-31": {
        "Diluted EPS": -0.53,
        "Total Revenue": 48,
        "Gross Profit": 46,
        "Operating Income": -35,
        "EBIT": -34,
        "Net Income": -41
    },
    "2021-12-31": {
        "Diluted EPS": 0.52,
        "Total Revenue": 126,
        "Gross Profit": 126,
        "Operating Income": 47,
        "EBIT": 47,
        "Net Income": 39
    },
    "2021-09-30": {
        "Diluted EPS": -0.69,
        "Total Revenue": 38,
        "Gross Profit": 37,
        "Operating Income": -44,
        "EBIT": -43,
        "Net Income": -52
    },
    "2021-06-30": {
        "Diluted EPS": -0.71,
        "Total Revenue": 23,
        "Gross Profit": 21,
        "Operating Income": -49,
        "EBIT": -48,
        "Net Income": -54
    },
    "2021-03-31": {
        "Diluted EPS": -0.77,
        "Total Revenue": 23,
        "Gross Profit": 22,
        "Operating Income": -52,
        "EBIT": -51,
        "Net Income": -57
    },
    "2020-12-31": {
        "Diluted EPS": -0.58,
        "Total Revenue": 35,
        "Gross Profit": 34,
        "Operating Income": -37,
        "EBIT": -34,
        "Net Income": -43
    },
    "2020-09-30": {
        "Diluted EPS": -0.73,
        "Total Revenue": 21,
        "Gross Profit": 21,
        "Operating Income": -47,
        "EBIT": -44,
        "Net Income": -53
    },
    "2020-06-30": {
        "Diluted EPS": -0.63,
        "Total Revenue": 34,
        "Gross Profit": 33,
        "Operating Income": -40,
        "EBIT": -38,
        "Net Income": -46
    },
    "2020-03-31": {
        "Diluted EPS": -0.78,
        "Total Revenue": 18,
        "Gross Profit": 17,
        "Operating Income": -47,
        "EBIT": -45,
        "Net Income": -53
    },
    "2019-12-31": {
        "Diluted EPS": -0.75,
        "Total Revenue": 18,
        "Gross Profit": 17,
        "Operating Income": -43,
        "EBIT": -41,
        "Net Income": -49
    },
    "2019-09-30": {
        "Diluted EPS": -0.67,
        "Total Revenue": 13,
        "Gross Profit": 12,
        "Operating Income": -39,
        "EBIT": -38,
        "Net Income": -41
    },
    "2019-06-30": {
        "Diluted EPS": -0.71,
        "Total Revenue": 9,
        "Gross Profit": 9,
        "Operating Income": -42,
        "EBIT": -40,
        "Net Income": -43
    },
    "2019-03-31": {
        "Diluted EPS": -1.09,
        "Total Revenue": 0,
        "Gross Profit": 0,
        "Operating Income": -65,
        "EBIT": -63,
        "Net Income": -66
    },
    "2018-12-31": {
        "Diluted EPS": -0.97,
        "Total Revenue": 0,
        "Gross Profit": 0,
        "Operating Income": -57,
        "EBIT": -56,
        "Net Income": -58
    },
    "2018-09-30": {
        "Diluted EPS": -0.79,
        "Total Revenue": 0,
        "Gross Profit": 0,
        "Operating Income": -49,
        "EBIT": -49,
        "Net Income": -48
    },
    "2018-06-30": {
        "Diluted EPS": -0.6,
        "Total Revenue": 20,
        "Gross Profit": 20,
        "Operating Income": -34,
        "EBIT": -34,
        "Net Income": -34
    },
    "2018-03-31": {
        "Diluted EPS": -0.78,
        "Total Revenue": 10,
        "Gross Profit": 10,
        "Operating Income": -39,
        "EBIT": -39,
        "Net Income": -38
    },
    "2017-12-31": {
        "Diluted EPS": -0.81,
        "Total Revenue": 2,
        "Gross Profit": 2,
        "Operating Income": -39,
        "EBIT": -39,
        "Net Income": -39
    },
    "2017-09-30": {
        "Diluted EPS": -0.65,
        "Total Revenue": NaN,
        "Gross Profit": NaN,
        "Operating Income": -31,
        "EBIT": -31,
        "Net Income": -31
    },
    "2017-06-30": {
        "Diluted EPS": -0.64,
        "Total Revenue": 0,
        "Gross Profit": 0,
        "Operating Income": -30,
        "EBIT": -29,
        "Net Income": -29
    },
    "2017-03-31": {
        "Diluted EPS": -0.71,
        "Total Revenue": 0,
        "Gross Profit": 0,
        "Operating Income": -30,
        "EBIT": -30,
        "Net Income": -30
    },
    "2016-12-31": {
        "Diluted EPS": -0.64,
        "Total Revenue": 0,
        "Gross Profit": 0,
        "Operating Income": -27,
        "EBIT": -27,
        "Net Income": -27
    },
    "2016-09-30": {
        "Diluted EPS": -0.69,
        "Total Revenue": 0,
        "Gross Profit": 0,
        "Operating Income": -26,
        "EBIT": -25,
        "Net Income": -25
    },
    "2016-06-30": {
        "Diluted EPS": -0.84,
        "Total Revenue": 0,
        "Gross Profit": 0,
        "Operating Income": -30,
        "EBIT": -30,
        "Net Income": -30
    },
    "2016-03-31": {
        "Diluted EPS": -0.75,
        "Total Revenue": NaN,
        "Gross Profit": NaN,
        "Operating Income": -27,
        "EBIT": -27,
        "Net Income": -27
    },
    "2015-12-31": {
        "Diluted EPS": -0.81,
        "Total Revenue": 0,
        "Gross Profit": 0,
        "Operating Income": -29,
        "EBIT": -29,
        "Net Income": -29
    },
    "2015-09-30": {
        "Diluted EPS": -0.85,
        "Total Revenue": 0,
        "Gross Profit": 0,
        "Operating Income": -31,
        "EBIT": -30,
        "Net Income": -30
    },
    "2015-06-30": {
        "Diluted EPS": -0.92,
        "Total Revenue": 0,
        "Gross Profit": 0,
        "Operating Income": -33,
        "EBIT": -32,
        "Net Income": -33
    },
    "2015-03-31": {
        "Diluted EPS": -0.74,
        "Total Revenue": NaN,
        "Gross Profit": NaN,
        "Operating Income": -26,
        "EBIT": -26,
        "Net Income": -26
    },
    "2014-12-31": {
        "Diluted EPS": -0.81,
        "Total Revenue": 0,
        "Gross Profit": 0,
        "Operating Income": -26,
        "EBIT": -26,
        "Net Income": -26
    },
    "2014-09-30": {
        "Diluted EPS": -0.61,
        "Total Revenue": 0,
        "Gross Profit": 0,
        "Operating Income": -20,
        "EBIT": -20,
        "Net Income": -20
    },
    "2014-06-30": {
        "Diluted EPS": -0.55,
        "Total Revenue": 0,
        "Gross Profit": 0,
        "Operating Income": -16,
        "EBIT": -16,
        "Net Income": -16
    },
    "2014-03-31": {
        "Diluted EPS": -0.46,
        "Total Revenue": 0,
        "Gross Profit": 0,
        "Operating Income": -14,
        "EBIT": -14,
        "Net Income": -14
    },
    "2013-12-31": {
        "Diluted EPS": 3.45,
        "Total Revenue": 0,
        "Gross Profit": 0,
        "Operating Income": -12,
        "EBIT": -12,
        "Net Income": -12
    },
    "2013-09-30": {
        "Diluted EPS": -3.66,
        "Total Revenue": NaN,
        "Gross Profit": NaN,
        "Operating Income": -9,
        "EBIT": -9,
        "Net Income": -9
    },
    "2013-06-30": {
        "Diluted EPS": -2.86,
        "Total Revenue": 0,
        "Gross Profit": 0,
        "Operating Income": -7,
        "EBIT": -7,
        "Net Income": -7
    },
    "2013-03-31": {
        "Diluted EPS": -2.52,
        "Total Revenue": 0,
        "Gross Profit": 0,
        "Operating Income": -6,
        "EBIT": -6,
        "Net Income": -6
    },
    "2012-12-31": {
        "Diluted EPS": 0.0,
        "Total Revenue": NaN,
        "Gross Profit": NaN,
        "Operating Income": NaN,
        "EBIT": NaN,
        "Net Income": NaN
    },
    "2012-09-30": {
        "Diluted EPS": -1.97,
        "Total Revenue": 0,
        "Gross Profit": 0,
        "Operating Income": -4,
        "EBIT": -4,
        "Net Income": -4
    },
    "2012-06-30": {
        "Diluted EPS": 0.0,
        "Total Revenue": NaN,
        "Gross Profit": NaN,
        "Operating Income": NaN,
        "EBIT": NaN,
        "Net Income": NaN
    },
    "2011-12-31": {
        "Diluted EPS": 0.0,
        "Total Revenue": NaN,
        "Gross Profit": NaN,
        "Operating Income": NaN,
        "EBIT": NaN,
        "Net Income": NaN
    },
    "2023-09-30": {
        "Tax Effect Of Unusual Items": NaN,
        "Tax Rate For Calcs": NaN,
        "Normalized EBITDA": NaN,
        "Total Unusual Items": 0.0,
        "Total Unusual Items Excluding Goodwill": 0.0,
        "Net Income From Continuing Operation Net Minority Interest": NaN,
        "Reconciled Depreciation": NaN,
        "Reconciled Cost Of Revenue": NaN,
        "EBITDA": NaN,
        "EBIT": NaN,
        "Net Interest Income": NaN,
        "Interest Expense": NaN,
        "Interest Income": NaN,
        "Normalized Income": NaN,
        "Net Income From Continuing And Discontinued Operation": NaN,
        "Total Expenses": NaN,
        "Total Operating Income As Reported": NaN,
        "Diluted Average Shares": NaN,
        "Basic Average Shares": NaN,
        "Diluted EPS": NaN,
        "Basic EPS": NaN,
        "Diluted NI Availto Com Stockholders": NaN,
        "Average Dilution Earnings": NaN,
        "Net Income Common Stockholders": NaN,
        "Otherunder Preferred Stock Dividend": NaN,
        "Net Income": NaN,
        "Net Income Including Noncontrolling Interests": NaN,
        "Net Income Continuous Operations": NaN,
        "Tax Provision": NaN,
        "Pretax Income": NaN,
        "Other Income Expense": NaN,
        "Other Non Operating Income Expenses": NaN,
        "Special Income Charges": 0.0,
        "Other Special Charges": NaN,
        "Net Non Operating Interest Income Expense": NaN,
        "Interest Expense Non Operating": NaN,
        "Interest Income Non Operating": NaN,
        "Operating Income": NaN,
        "Operating Expense": NaN,
        "Research And Development": NaN,
        "Selling General And Administration": NaN,
        "General And Administrative Expense": NaN,
        "Other Gand A": NaN,
        "Salaries And Wages": NaN,
        "Gross Profit": NaN,
        "Cost Of Revenue": NaN,
        "Total Revenue": NaN,
        "Operating Revenue": NaN
    },
    "2023-12-31": {
        "Tax Effect Of Unusual Items": 0.0,
        "Tax Rate For Calcs": 0.21,
        "Normalized EBITDA": -35422000.0,
        "Total Unusual Items": NaN,
        "Total Unusual Items Excluding Goodwill": NaN,
        "Net Income From Continuing Operation Net Minority Interest": -41837000.0,
        "Reconciled Depreciation": 77000.0,
        "Reconciled Cost Of Revenue": 1486000.0,
        "EBITDA": -35422000.0,
        "EBIT": -35499000.0,
        "Net Interest Income": -3688000.0,
        "Interest Expense": 6208000.0,
        "Interest Income": 2520000.0,
        "Normalized Income": -41837000.0,
        "Net Income From Continuing And Discontinued Operation": -41837000.0,
        "Total Expenses": 71555000.0,
        "Total Operating Income As Reported": -37808000.0,
        "Diluted Average Shares": NaN,
        "Basic Average Shares": NaN,
        "Diluted EPS": NaN,
        "Basic EPS": NaN,
        "Diluted NI Availto Com Stockholders": -41837000.0,
        "Average Dilution Earnings": NaN,
        "Net Income Common Stockholders": -41837000.0,
        "Otherunder Preferred Stock Dividend": NaN,
        "Net Income": -41837000.0,
        "Net Income Including Noncontrolling Interests": -41837000.0,
        "Net Income Continuous Operations": -41837000.0,
        "Tax Provision": 130000.0,
        "Pretax Income": -41707000.0,
        "Other Income Expense": -211000.0,
        "Other Non Operating Income Expenses": -211000.0,
        "Special Income Charges": NaN,
        "Other Special Charges": NaN,
        "Net Non Operating Interest Income Expense": -3688000.0,
        "Interest Expense Non Operating": 6208000.0,
        "Interest Income Non Operating": 2520000.0,
        "Operating Income": -37808000.0,
        "Operating Expense": 70069000.0,
        "Research And Development": 39381000.0,
        "Selling General And Administration": 30688000.0,
        "General And Administrative Expense": 30688000.0,
        "Other Gand A": 13114000.0,
        "Salaries And Wages": 17574000.0,
        "Gross Profit": 32261000.0,
        "Cost Of Revenue": 1486000.0,
        "Total Revenue": 33747000.0,
        "Operating Revenue": 33747000.0
    },
    "2024-03-31": {
        "Tax Effect Of Unusual Items": 0.0,
        "Tax Rate For Calcs": 0.21,
        "Normalized EBITDA": -31322000.0,
        "Total Unusual Items": NaN,
        "Total Unusual Items Excluding Goodwill": NaN,
        "Net Income From Continuing Operation Net Minority Interest": -37362000.0,
        "Reconciled Depreciation": 85000.0,
        "Reconciled Cost Of Revenue": 1911000.0,
        "EBITDA": -31322000.0,
        "EBIT": -31407000.0,
        "Net Interest Income": -3728000.0,
        "Interest Expense": 5884000.0,
        "Interest Income": 2156000.0,
        "Normalized Income": -37362000.0,
        "Net Income From Continuing And Discontinued Operation": -37362000.0,
        "Total Expenses": 66885000.0,
        "Total Operating Income As Reported": -33759000.0,
        "Diluted Average Shares": 7700000.0,
        "Basic Average Shares": 7700000.0,
        "Diluted EPS": -4.85,
        "Basic EPS": -4.85,
        "Diluted NI Availto Com Stockholders": -37362000.0,
        "Average Dilution Earnings": NaN,
        "Net Income Common Stockholders": -37362000.0,
        "Otherunder Preferred Stock Dividend": NaN,
        "Net Income": -37362000.0,
        "Net Income Including Noncontrolling Interests": -37362000.0,
        "Net Income Continuous Operations": -37362000.0,
        "Tax Provision": 71000.0,
        "Pretax Income": -37291000.0,
        "Other Income Expense": 196000.0,
        "Other Non Operating Income Expenses": 196000.0,
        "Special Income Charges": NaN,
        "Other Special Charges": NaN,
        "Net Non Operating Interest Income Expense": -3728000.0,
        "Interest Expense Non Operating": 5884000.0,
        "Interest Income Non Operating": 2156000.0,
        "Operating Income": -33759000.0,
        "Operating Expense": 64974000.0,
        "Research And Development": 35425000.0,
        "Selling General And Administration": 29549000.0,
        "General And Administrative Expense": 29549000.0,
        "Other Gand A": 10087000.0,
        "Salaries And Wages": 19462000.0,
        "Gross Profit": 31215000.0,
        "Cost Of Revenue": 1911000.0,
        "Total Revenue": 33126000.0,
        "Operating Revenue": 33126000.0
    },
    "2024-06-30": {
        "Tax Effect Of Unusual Items": 125530.575464,
        "Tax Rate For Calcs": 0.002808,
        "Normalized EBITDA": -11803000.0,
        "Total Unusual Items": 44702000.0,
        "Total Unusual Items Excluding Goodwill": 44702000.0,
        "Net Income From Continuing Operation Net Minority Interest": 23792000.0,
        "Reconciled Depreciation": 91000.0,
        "Reconciled Cost Of Revenue": 1465000.0,
        "EBITDA": 32899000.0,
        "EBIT": 32808000.0,
        "Net Interest Income": -7019000.0,
        "Interest Expense": 8949000.0,
        "Interest Income": 1930000.0,
        "Normalized Income": -20784469.424536,
        "Net Income From Continuing And Discontinued Operation": 23792000.0,
        "Total Expenses": 70906000.0,
        "Total Operating Income As Reported": -28120000.0,
        "Diluted Average Shares": 10295000.0,
        "Basic Average Shares": 8069000.0,
        "Diluted EPS": -2.97,
        "Basic EPS": 2.26,
        "Diluted NI Availto Com Stockholders": -30599000.0,
        "Average Dilution Earnings": -48850000.0,
        "Net Income Common Stockholders": 18251000.0,
        "Otherunder Preferred Stock Dividend": 5541000.0,
        "Net Income": 23792000.0,
        "Net Income Including Noncontrolling Interests": 23792000.0,
        "Net Income Continuous Operations": 23792000.0,
        "Tax Provision": 67000.0,
        "Pretax Income": 23859000.0,
        "Other Income Expense": 58998000.0,
        "Other Non Operating Income Expenses": 14296000.0,
        "Special Income Charges": 44702000.0,
        "Other Special Charges": -44702000.0,
        "Net Non Operating Interest Income Expense": -7019000.0,
        "Interest Expense Non Operating": 8949000.0,
        "Interest Income Non Operating": 1930000.0,
        "Operating Income": -28120000.0,
        "Operating Expense": 69441000.0,
        "Research And Development": 38371000.0,
        "Selling General And Administration": 31070000.0,
        "General And Administrative Expense": 31070000.0,
        "Other Gand A": 12483000.0,
        "Salaries And Wages": 18587000.0,
        "Gross Profit": 41321000.0,
        "Cost Of Revenue": 1465000.0,
        "Total Revenue": 42786000.0,
        "Operating Revenue": 42786000.0
    },
    "2024-09-30": {
        "Tax Effect Of Unusual Items": 0.0,
        "Tax Rate For Calcs": 0.21,
        "Normalized EBITDA": -20576000.0,
        "Total Unusual Items": 0.0,
        "Total Unusual Items Excluding Goodwill": 0.0,
        "Net Income From Continuing Operation Net Minority Interest": -32072000.0,
        "Reconciled Depreciation": 83000.0,
        "Reconciled Cost Of Revenue": 1300000.0,
        "EBITDA": -20576000.0,
        "EBIT": -20659000.0,
        "Net Interest Income": -9553000.0,
        "Interest Expense": 11385000.0,
        "Interest Income": 1832000.0,
        "Normalized Income": -32072000.0,
        "Net Income From Continuing And Discontinued Operation": -32072000.0,
        "Total Expenses": 65066000.0,
        "Total Operating Income As Reported": -26283000.0,
        "Diluted Average Shares": 8334000.0,
        "Basic Average Shares": 8334000.0,
        "Diluted EPS": -3.9,
        "Basic EPS": -3.9,
        "Diluted NI Availto Com Stockholders": -32072000.0,
        "Average Dilution Earnings": NaN,
        "Net Income Common Stockholders": -32072000.0,
        "Otherunder Preferred Stock Dividend": NaN,
        "Net Income": -32072000.0,
        "Net Income Including Noncontrolling Interests": -32072000.0,
        "Net Income Continuous Operations": -32072000.0,
        "Tax Provision": 28000.0,
        "Pretax Income": -32044000.0,
        "Other Income Expense": 3792000.0,
        "Other Non Operating Income Expenses": 3792000.0,
        "Special Income Charges": 0.0,
        "Other Special Charges": NaN,
        "Net Non Operating Interest Income Expense": -9553000.0,
        "Interest Expense Non Operating": 11385000.0,
        "Interest Income Non Operating": 1832000.0,
        "Operating Income": -26283000.0,
        "Operating Expense": 63766000.0,
        "Research And Development": 36134000.0,
        "Selling General And Administration": 27632000.0,
        "General And Administrative Expense": 27632000.0,
        "Other Gand A": 10452000.0,
        "Salaries And Wages": 17180000.0,
        "Gross Profit": 37483000.0,
        "Cost Of Revenue": 1300000.0,
        "Total Revenue": 38783000.0,
        "Operating Revenue": 38783000.0
    },
    "2024-12-31": {
        "Tax Effect Of Unusual Items": 0.0,
        "Tax Rate For Calcs": 0.003529,
        "Normalized EBITDA": -19604000.0,
        "Total Unusual Items": 0.0,
        "Total Unusual Items Excluding Goodwill": 0.0,
        "Net Income From Continuing Operation Net Minority Interest": -30780000.0,
        "Reconciled Depreciation": 81000.0,
        "Reconciled Cost Of Revenue": 1331000.0,
        "EBITDA": -19604000.0,
        "EBIT": -19685000.0,
        "Net Interest Income": -9722000.0,
        "Interest Expense": 11204000.0,
        "Interest Income": 1482000.0,
        "Normalized Income": -30780000.0,
        "Net Income From Continuing And Discontinued Operation": -30780000.0,
        "Total Expenses": 61823000.0,
        "Total Operating Income As Reported": -31281000.0,
        "Diluted Average Shares": 8392066.0,
        "Basic Average Shares": 8392066.0,
        "Diluted EPS": -3.6,
        "Basic EPS": -3.6,
        "Diluted NI Availto Com Stockholders": 11404000.0,
        "Average Dilution Earnings": NaN,
        "Net Income Common Stockholders": -30780000.0,
        "Otherunder Preferred Stock Dividend": NaN,
        "Net Income": -30780000.0,
        "Net Income Including Noncontrolling Interests": -30780000.0,
        "Net Income Continuous Operations": -30780000.0,
        "Tax Provision": -109000.0,
        "Pretax Income": -30889000.0,
        "Other Income Expense": 10114000.0,
        "Other Non Operating Income Expenses": 10114000.0,
        "Special Income Charges": 0.0,
        "Other Special Charges": 0.0,
        "Net Non Operating Interest Income Expense": -9722000.0,
        "Interest Expense Non Operating": 11204000.0,
        "Interest Income Non Operating": 1482000.0,
        "Operating Income": -31281000.0,
        "Operating Expense": 60492000.0,
        "Research And Development": 33302000.0,
        "Selling General And Administration": 27190000.0,
        "General And Administrative Expense": 27190000.0,
        "Other Gand A": 11349000.0,
        "Salaries And Wages": 15841000.0,
        "Gross Profit": 29211000.0,
        "Cost Of Revenue": 1331000.0,
        "Total Revenue": 30542000.0,
        "Operating Revenue": 30542000.0
    },
    "2025-03-31": {
        "Tax Effect Of Unusual Items": 0.0,
        "Tax Rate For Calcs": 0.21,
        "Normalized EBITDA": -12354000.0,
        "Total Unusual Items": NaN,
        "Total Unusual Items Excluding Goodwill": NaN,
        "Net Income From Continuing Operation Net Minority Interest": -23462000.0,
        "Reconciled Depreciation": 78000.0,
        "Reconciled Cost Of Revenue": 1301000.0,
        "EBITDA": -12354000.0,
        "EBIT": -12432000.0,
        "Net Interest Income": -9994000.0,
        "Interest Expense": 10994000.0,
        "Interest Income": 1000000.0,
        "Normalized Income": -23462000.0,
        "Net Income From Continuing And Discontinued Operation": -23462000.0,
        "Total Expenses": 63271000.0,
        "Total Operating Income As Reported": -33256000.0,
        "Diluted Average Shares": 8470000.0,
        "Basic Average Shares": 8470000.0,
        "Diluted EPS": -2.77,
        "Basic EPS": -2.77,
        "Diluted NI Availto Com Stockholders": -23462000.0,
        "Average Dilution Earnings": NaN,
        "Net Income Common Stockholders": -23462000.0,
        "Otherunder Preferred Stock Dividend": NaN,
        "Net Income": -23462000.0,
        "Net Income Including Noncontrolling Interests": -23462000.0,
        "Net Income Continuous Operations": -23462000.0,
        "Tax Provision": 36000.0,
        "Pretax Income": -23426000.0,
        "Other Income Expense": 19824000.0,
        "Other Non Operating Income Expenses": 19824000.0,
        "Special Income Charges": NaN,
        "Other Special Charges": NaN,
        "Net Non Operating Interest Income Expense": -9994000.0,
        "Interest Expense Non Operating": 10994000.0,
        "Interest Income Non Operating": 1000000.0,
        "Operating Income": -33256000.0,
        "Operating Expense": 61970000.0,
        "Research And Development": 34618000.0,
        "Selling General And Administration": 27352000.0,
        "General And Administrative Expense": 27352000.0,
        "Other Gand A": 10096000.0,
        "Salaries And Wages": 17256000.0,
        "Gross Profit": 28714000.0,
        "Cost Of Revenue": 1301000.0,
        "Total Revenue": 30015000.0,
        "Operating Revenue": 30015000.0
    },
    "2025-06-30": {
        "Tax Effect Of Unusual Items": 0.0,
        "Tax Rate For Calcs": 0.21,
        "Normalized EBITDA": -25906000.0,
        "Total Unusual Items": 0.0,
        "Total Unusual Items Excluding Goodwill": 0.0,
        "Net Income From Continuing Operation Net Minority Interest": -37252000.0,
        "Reconciled Depreciation": 78000.0,
        "Reconciled Cost Of Revenue": 1051000.0,
        "EBITDA": -25906000.0,
        "EBIT": -25984000.0,
        "Net Interest Income": -10615000.0,
        "Interest Expense": 11228000.0,
        "Interest Income": 613000.0,
        "Normalized Income": -37252000.0,
        "Net Income From Continuing And Discontinued Operation": -37252000.0,
        "Total Expenses": 62316000.0,
        "Total Operating Income As Reported": -24387000.0,
        "Diluted Average Shares": 8620000.0,
        "Basic Average Shares": 8620000.0,
        "Diluted EPS": -4.32,
        "Basic EPS": -4.32,
        "Diluted NI Availto Com Stockholders": -37252000.0,
        "Average Dilution Earnings": NaN,
        "Net Income Common Stockholders": -37252000.0,
        "Otherunder Preferred Stock Dividend": NaN,
        "Net Income": -37252000.0,
        "Net Income Including Noncontrolling Interests": -37252000.0,
        "Net Income Continuous Operations": -37252000.0,
        "Tax Provision": 40000.0,
        "Pretax Income": -37212000.0,
        "Other Income Expense": -2210000.0,
        "Other Non Operating Income Expenses": -2210000.0,
        "Special Income Charges": 0.0,
        "Other Special Charges": NaN,
        "Net Non Operating Interest Income Expense": -10615000.0,
        "Interest Expense Non Operating": 11228000.0,
        "Interest Income Non Operating": 613000.0,
        "Operating Income": -24387000.0,
        "Operating Expense": 61265000.0,
        "Research And Development": 32788000.0,
        "Selling General And Administration": 28477000.0,
        "General And Administrative Expense": 28477000.0,
        "Other Gand A": 12102000.0,
        "Salaries And Wages": 16375000.0,
        "Gross Profit": 36878000.0,
        "Cost Of Revenue": 1051000.0,
        "Total Revenue": 37929000.0,
        "Operating Revenue": 37929000.0
    }
}