{
    "2023-03-31": {
        "Tax Effect Of Unusual Items": NaN,
        "Tax Rate For Calcs": NaN,
        "Normalized EBITDA": NaN,
        "Total Unusual Items": NaN,
        "Total Unusual Items Excluding Goodwill": NaN,
        "Net Income From Continuing Operation Net Minority Interest": NaN,
        "Reconciled Depreciation": NaN,
        "Reconciled Cost Of Revenue": NaN,
        "EBITDA": NaN,
        "EBIT": NaN,
        "Net Interest Income": NaN,
        "Interest Income": NaN,
        "Normalized Income": NaN,
        "Net Income From Continuing And Discontinued Operation": NaN,
        "Total Expenses": NaN,
        "Total Operating Income As Reported": NaN,
        "Diluted Average Shares": NaN,
        "Basic Average Shares": NaN,
        "Diluted EPS": NaN,
        "Basic EPS": NaN,
        "Diluted NI Availto Com Stockholders": NaN,
        "Net Income Common Stockholders": NaN,
        "Net Income": NaN,
        "Net Income Including Noncontrolling Interests": NaN,
        "Net Income Continuous Operations": NaN,
        "Tax Provision": NaN,
        "Pretax Income": NaN,
        "Other Income Expense": NaN,
        "Special Income Charges": NaN,
        "Gain On Sale Of Ppe": NaN,
        "Gain On Sale Of Security": NaN,
        "Net Non Operating Interest Income Expense": NaN,
        "Total Other Finance Cost": -125502.0,
        "Interest Income Non Operating": NaN,
        "Operating Income": NaN,
        "Operating Expense": NaN,
        "Depreciation Amortization Depletion Income Statement": NaN,
        "Depreciation And Amortization In Income Statement": NaN,
        "Research And Development": NaN,
        "Selling General And Administration": NaN,
        "Gross Profit": NaN,
        "Cost Of Revenue": NaN,
        "Total Revenue": NaN,
        "Operating Revenue": NaN
    },
    "2022-12-31": {
        "Tax Effect Of Unusual Items": NaN,
        "Tax Rate For Calcs": NaN,
        "Normalized EBITDA": NaN,
        "Total Unusual Items": NaN,
        "Total Unusual Items Excluding Goodwill": NaN,
        "Net Income From Continuing Operation Net Minority Interest": NaN,
        "Reconciled Depreciation": NaN,
        "Reconciled Cost Of Revenue": NaN,
        "EBITDA": NaN,
        "EBIT": NaN,
        "Net Interest Income": NaN,
        "Interest Income": NaN,
        "Normalized Income": NaN,
        "Net Income From Continuing And Discontinued Operation": NaN,
        "Total Expenses": NaN,
        "Total Operating Income As Reported": NaN,
        "Diluted Average Shares": 45372132.0,
        "Basic Average Shares": 45372132.0,
        "Diluted EPS": -0.04,
        "Basic EPS": -0.04,
        "Diluted NI Availto Com Stockholders": NaN,
        "Net Income Common Stockholders": NaN,
        "Net Income": NaN,
        "Net Income Including Noncontrolling Interests": NaN,
        "Net Income Continuous Operations": NaN,
        "Tax Provision": NaN,
        "Pretax Income": NaN,
        "Other Income Expense": NaN,
        "Special Income Charges": NaN,
        "Gain On Sale Of Ppe": NaN,
        "Gain On Sale Of Security": NaN,
        "Net Non Operating Interest Income Expense": NaN,
        "Total Other Finance Cost": NaN,
        "Interest Income Non Operating": NaN,
        "Operating Income": NaN,
        "Operating Expense": NaN,
        "Depreciation Amortization Depletion Income Statement": NaN,
        "Depreciation And Amortization In Income Statement": NaN,
        "Research And Development": NaN,
        "Selling General And Administration": NaN,
        "Gross Profit": NaN,
        "Cost Of Revenue": NaN,
        "Total Revenue": NaN,
        "Operating Revenue": NaN
    },
    "2022-09-30": {
        "Tax Effect Of Unusual Items": NaN,
        "Tax Rate For Calcs": NaN,
        "Normalized EBITDA": NaN,
        "Total Unusual Items": NaN,
        "Total Unusual Items Excluding Goodwill": NaN,
        "Net Income From Continuing Operation Net Minority Interest": NaN,
        "Reconciled Depreciation": NaN,
        "Reconciled Cost Of Revenue": NaN,
        "EBITDA": NaN,
        "EBIT": NaN,
        "Net Interest Income": NaN,
        "Interest Income": NaN,
        "Normalized Income": NaN,
        "Net Income From Continuing And Discontinued Operation": NaN,
        "Total Expenses": NaN,
        "Total Operating Income As Reported": NaN,
        "Diluted Average Shares": NaN,
        "Basic Average Shares": NaN,
        "Diluted EPS": NaN,
        "Basic EPS": NaN,
        "Diluted NI Availto Com Stockholders": NaN,
        "Net Income Common Stockholders": NaN,
        "Net Income": NaN,
        "Net Income Including Noncontrolling Interests": NaN,
        "Net Income Continuous Operations": NaN,
        "Tax Provision": NaN,
        "Pretax Income": NaN,
        "Other Income Expense": NaN,
        "Special Income Charges": NaN,
        "Gain On Sale Of Ppe": NaN,
        "Gain On Sale Of Security": NaN,
        "Net Non Operating Interest Income Expense": NaN,
        "Total Other Finance Cost": -42476.0,
        "Interest Income Non Operating": NaN,
        "Operating Income": NaN,
        "Operating Expense": NaN,
        "Depreciation Amortization Depletion Income Statement": NaN,
        "Depreciation And Amortization In Income Statement": NaN,
        "Research And Development": NaN,
        "Selling General And Administration": NaN,
        "Gross Profit": NaN,
        "Cost Of Revenue": NaN,
        "Total Revenue": NaN,
        "Operating Revenue": NaN
    },
    "2022-06-30": {
        "Tax Effect Of Unusual Items": -4245.012957,
        "Tax Rate For Calcs": 0.195578,
        "Normalized EBITDA": -3465875.0,
        "Total Unusual Items": -21705.0,
        "Total Unusual Items Excluding Goodwill": -21705.0,
        "Net Income From Continuing Operation Net Minority Interest": -2921341.0,
        "Reconciled Depreciation": 125882.0,
        "Reconciled Cost Of Revenue": 3200455.0,
        "EBITDA": -3487580.0,
        "EBIT": -3613462.0,
        "Net Interest Income": 3566.0,
        "Interest Income": 3566.0,
        "Normalized Income": -2903881.012957,
        "Net Income From Continuing And Discontinued Operation": -2921341.0,
        "Total Expenses": 10160090.0,
        "Total Operating Income As Reported": -3613462.0,
        "Diluted Average Shares": 44921870.0,
        "Basic Average Shares": 44921870.0,
        "Diluted EPS": -0.07,
        "Basic EPS": -0.07,
        "Diluted NI Availto Com Stockholders": -2921341.0,
        "Net Income Common Stockholders": -2921341.0,
        "Net Income": -2921341.0,
        "Net Income Including Noncontrolling Interests": -2921341.0,
        "Net Income Continuous Operations": -2921341.0,
        "Tax Provision": -710260.0,
        "Pretax Income": -3631601.0,
        "Other Income Expense": -21705.0,
        "Special Income Charges": 0.0,
        "Gain On Sale Of Ppe": 0.0,
        "Gain On Sale Of Security": -21705.0,
        "Net Non Operating Interest Income Expense": 3566.0,
        "Total Other Finance Cost": NaN,
        "Interest Income Non Operating": 3566.0,
        "Operating Income": -3613462.0,
        "Operating Expense": 6959635.0,
        "Depreciation Amortization Depletion Income Statement": 125882.0,
        "Depreciation And Amortization In Income Statement": 125882.0,
        "Research And Development": 1303731.0,
        "Selling General And Administration": 5530022.0,
        "Gross Profit": 3346173.0,
        "Cost Of Revenue": 3200455.0,
        "Total Revenue": 6546628.0,
        "Operating Revenue": 6546628.0
    },
    "2023-06-30": {
        "Tax Effect Of Unusual Items": NaN,
        "Tax Rate For Calcs": NaN,
        "Normalized EBITDA": NaN,
        "Total Unusual Items": NaN,
        "Total Unusual Items Excluding Goodwill": NaN,
        "Net Income From Continuing Operation Net Minority Interest": NaN,
        "Reconciled Depreciation": NaN,
        "Reconciled Cost Of Revenue": NaN,
        "EBITDA": NaN,
        "EBIT": NaN,
        "Net Interest Income": NaN,
        "Interest Income": NaN,
        "Normalized Income": NaN,
        "Net Income From Continuing And Discontinued Operation": NaN,
        "Total Expenses": NaN,
        "Total Operating Income As Reported": NaN,
        "Diluted Average Shares": 45606603.0,
        "Basic Average Shares": 45606603.0,
        "Diluted EPS": -0.05,
        "Basic EPS": -0.05,
        "Diluted NI Availto Com Stockholders": NaN,
        "Net Income Common Stockholders": NaN,
        "Net Income": NaN,
        "Net Income Including Noncontrolling Interests": NaN,
        "Net Income Continuous Operations": NaN,
        "Tax Provision": NaN,
        "Pretax Income": NaN,
        "Other Income Expense": NaN,
        "Special Income Charges": NaN,
        "Gain On Sale Of Ppe": NaN,
        "Gain On Sale Of Security": NaN,
        "Net Non Operating Interest Income Expense": NaN,
        "Interest Income Non Operating": NaN,
        "Operating Income": NaN,
        "Operating Expense": NaN,
        "Depreciation Amortization Depletion Income Statement": NaN,
        "Depreciation And Amortization In Income Statement": NaN,
        "Research And Development": NaN,
        "Selling General And Administration": NaN,
        "Gross Profit": NaN,
        "Cost Of Revenue": NaN,
        "Total Revenue": NaN,
        "Operating Revenue": NaN
    },
    "2023-09-30": {
        "Tax Effect Of Unusual Items": NaN,
        "Tax Rate For Calcs": NaN,
        "Normalized EBITDA": NaN,
        "Total Unusual Items": NaN,
        "Total Unusual Items Excluding Goodwill": NaN,
        "Net Income From Continuing Operation Net Minority Interest": NaN,
        "Reconciled Depreciation": NaN,
        "Reconciled Cost Of Revenue": NaN,
        "EBITDA": NaN,
        "EBIT": NaN,
        "Net Interest Income": NaN,
        "Interest Income": NaN,
        "Normalized Income": NaN,
        "Net Income From Continuing And Discontinued Operation": NaN,
        "Total Expenses": NaN,
        "Total Operating Income As Reported": NaN,
        "Diluted Average Shares": 45639081.0,
        "Basic Average Shares": 45639081.0,
        "Diluted EPS": -0.03,
        "Basic EPS": -0.03,
        "Diluted NI Availto Com Stockholders": NaN,
        "Net Income Common Stockholders": NaN,
        "Net Income": NaN,
        "Net Income Including Noncontrolling Interests": NaN,
        "Net Income Continuous Operations": NaN,
        "Tax Provision": NaN,
        "Pretax Income": NaN,
        "Other Income Expense": NaN,
        "Special Income Charges": NaN,
        "Gain On Sale Of Ppe": NaN,
        "Gain On Sale Of Security": NaN,
        "Net Non Operating Interest Income Expense": NaN,
        "Interest Income Non Operating": NaN,
        "Operating Income": NaN,
        "Operating Expense": NaN,
        "Depreciation Amortization Depletion Income Statement": NaN,
        "Depreciation And Amortization In Income Statement": NaN,
        "Research And Development": NaN,
        "Selling General And Administration": NaN,
        "Gross Profit": NaN,
        "Cost Of Revenue": NaN,
        "Total Revenue": NaN,
        "Operating Revenue": NaN
    },
    "2023-12-31": {
        "Tax Effect Of Unusual Items": 1557.57,
        "Tax Rate For Calcs": 0.21,
        "Normalized EBITDA": -1976631.0,
        "Total Unusual Items": 7417.0,
        "Total Unusual Items Excluding Goodwill": 7417.0,
        "Net Income From Continuing Operation Net Minority Interest": -7466029.0,
        "Reconciled Depreciation": 228340.0,
        "Reconciled Cost Of Revenue": 2854986.0,
        "EBITDA": -1969214.0,
        "EBIT": -2197554.0,
        "Net Interest Income": 169230.0,
        "Interest Income": 169230.0,
        "Normalized Income": -7471888.43,
        "Net Income From Continuing And Discontinued Operation": -7466029.0,
        "Total Expenses": 9383486.0,
        "Total Operating Income As Reported": -2197554.0,
        "Diluted Average Shares": NaN,
        "Basic Average Shares": NaN,
        "Diluted EPS": NaN,
        "Basic EPS": NaN,
        "Diluted NI Availto Com Stockholders": -7466029.0,
        "Net Income Common Stockholders": -7466029.0,
        "Net Income": -7466029.0,
        "Net Income Including Noncontrolling Interests": -7466029.0,
        "Net Income Continuous Operations": -7466029.0,
        "Tax Provision": 5445122.0,
        "Pretax Income": -2020907.0,
        "Other Income Expense": 7417.0,
        "Special Income Charges": -1.0,
        "Gain On Sale Of Ppe": -1.0,
        "Gain On Sale Of Security": 7418.0,
        "Net Non Operating Interest Income Expense": 169230.0,
        "Interest Income Non Operating": 169230.0,
        "Operating Income": -2197554.0,
        "Operating Expense": 6528500.0,
        "Depreciation Amortization Depletion Income Statement": 228340.0,
        "Depreciation And Amortization In Income Statement": 228340.0,
        "Research And Development": 1287515.0,
        "Selling General And Administration": 5012645.0,
        "Gross Profit": 4330946.0,
        "Cost Of Revenue": 2854986.0,
        "Total Revenue": 7185932.0,
        "Operating Revenue": 7185932.0
    },
    "2024-03-31": {
        "Tax Effect Of Unusual Items": NaN,
        "Tax Rate For Calcs": NaN,
        "Normalized EBITDA": NaN,
        "Total Unusual Items": NaN,
        "Total Unusual Items Excluding Goodwill": NaN,
        "Net Income From Continuing Operation Net Minority Interest": NaN,
        "Reconciled Depreciation": NaN,
        "Reconciled Cost Of Revenue": NaN,
        "EBITDA": NaN,
        "EBIT": NaN,
        "Net Interest Income": NaN,
        "Interest Income": NaN,
        "Normalized Income": NaN,
        "Net Income From Continuing And Discontinued Operation": NaN,
        "Total Expenses": NaN,
        "Total Operating Income As Reported": NaN,
        "Diluted Average Shares": 45712224.0,
        "Basic Average Shares": 45712224.0,
        "Diluted EPS": -0.04,
        "Basic EPS": -0.04,
        "Diluted NI Availto Com Stockholders": NaN,
        "Net Income Common Stockholders": NaN,
        "Net Income": NaN,
        "Net Income Including Noncontrolling Interests": NaN,
        "Net Income Continuous Operations": NaN,
        "Tax Provision": NaN,
        "Pretax Income": NaN,
        "Other Income Expense": NaN,
        "Special Income Charges": NaN,
        "Gain On Sale Of Ppe": NaN,
        "Gain On Sale Of Security": NaN,
        "Net Non Operating Interest Income Expense": NaN,
        "Interest Income Non Operating": NaN,
        "Operating Income": NaN,
        "Operating Expense": NaN,
        "Depreciation Amortization Depletion Income Statement": NaN,
        "Depreciation And Amortization In Income Statement": NaN,
        "Research And Development": NaN,
        "Selling General And Administration": NaN,
        "Gross Profit": NaN,
        "Cost Of Revenue": NaN,
        "Total Revenue": NaN,
        "Operating Revenue": NaN
    },
    "2024-06-30": {
        "Tax Effect Of Unusual Items": NaN,
        "Tax Rate For Calcs": NaN,
        "Normalized EBITDA": NaN,
        "Total Unusual Items": NaN,
        "Total Unusual Items Excluding Goodwill": NaN,
        "Net Income From Continuing Operation Net Minority Interest": NaN,
        "Reconciled Depreciation": NaN,
        "Reconciled Cost Of Revenue": NaN,
        "EBITDA": NaN,
        "EBIT": NaN,
        "Net Interest Income": NaN,
        "Interest Income": NaN,
        "Normalized Income": NaN,
        "Net Income From Continuing And Discontinued Operation": NaN,
        "Total Expenses": NaN,
        "Total Operating Income As Reported": NaN,
        "Diluted Average Shares": 45811373.0,
        "Basic Average Shares": 45811373.0,
        "Diluted EPS": -0.02,
        "Basic EPS": -0.02,
        "Diluted NI Availto Com Stockholders": NaN,
        "Net Income Common Stockholders": NaN,
        "Net Income": NaN,
        "Net Income Including Noncontrolling Interests": NaN,
        "Net Income Continuous Operations": NaN,
        "Tax Provision": NaN,
        "Pretax Income": NaN,
        "Other Income Expense": NaN,
        "Other Non Operating Income Expenses": NaN,
        "Special Income Charges": 0.0,
        "Gain On Sale Of Ppe": 0.0,
        "Gain On Sale Of Security": NaN,
        "Net Non Operating Interest Income Expense": NaN,
        "Interest Income Non Operating": NaN,
        "Operating Income": NaN,
        "Operating Expense": NaN,
        "Depreciation Amortization Depletion Income Statement": NaN,
        "Depreciation And Amortization In Income Statement": NaN,
        "Research And Development": NaN,
        "Selling General And Administration": NaN,
        "Gross Profit": NaN,
        "Cost Of Revenue": NaN,
        "Total Revenue": NaN,
        "Operating Revenue": NaN
    },
    "2024-09-30": {
        "Tax Effect Of Unusual Items": 0.0,
        "Tax Rate For Calcs": 0.0,
        "Normalized EBITDA": -1484996.0,
        "Total Unusual Items": 9485.0,
        "Total Unusual Items Excluding Goodwill": 9485.0,
        "Net Income From Continuing Operation Net Minority Interest": -1580817.0,
        "Reconciled Depreciation": 227786.0,
        "Reconciled Cost Of Revenue": 2993985.0,
        "EBITDA": -1475511.0,
        "EBIT": -1703297.0,
        "Net Interest Income": 112995.0,
        "Interest Income": 112995.0,
        "Normalized Income": -1590302.0,
        "Net Income From Continuing And Discontinued Operation": -1580817.0,
        "Total Expenses": 9883274.0,
        "Total Operating Income As Reported": -1703297.0,
        "Diluted Average Shares": 45851019.0,
        "Basic Average Shares": 45851019.0,
        "Diluted EPS": -0.03,
        "Basic EPS": -0.03,
        "Diluted NI Availto Com Stockholders": -1580817.0,
        "Net Income Common Stockholders": -1580817.0,
        "Net Income": -1580817.0,
        "Net Income Including Noncontrolling Interests": -1580817.0,
        "Net Income Continuous Operations": -1580817.0,
        "Tax Provision": 0.0,
        "Pretax Income": -1580817.0,
        "Other Income Expense": 9485.0,
        "Other Non Operating Income Expenses": NaN,
        "Special Income Charges": 0.0,
        "Gain On Sale Of Ppe": 0.0,
        "Gain On Sale Of Security": 9485.0,
        "Net Non Operating Interest Income Expense": 112995.0,
        "Interest Income Non Operating": 112995.0,
        "Operating Income": -1703297.0,
        "Operating Expense": 6889288.0,
        "Depreciation Amortization Depletion Income Statement": 227785.0,
        "Depreciation And Amortization In Income Statement": 227785.0,
        "Research And Development": 1533845.0,
        "Selling General And Administration": 5127658.0,
        "Gross Profit": 5185991.0,
        "Cost Of Revenue": 2993986.0,
        "Total Revenue": 8179977.0,
        "Operating Revenue": 8179977.0
    },
    "2024-12-31": {
        "Tax Effect Of Unusual Items": -10327.17,
        "Tax Rate For Calcs": 0.21,
        "Normalized EBITDA": -1328902.0,
        "Total Unusual Items": -49177.0,
        "Total Unusual Items Excluding Goodwill": -49177.0,
        "Net Income From Continuing Operation Net Minority Interest": -1561143.0,
        "Reconciled Depreciation": 211454.0,
        "Reconciled Cost Of Revenue": 3275780.0,
        "EBITDA": -1378079.0,
        "EBIT": -1589533.0,
        "Net Interest Income": 80459.0,
        "Interest Income": 80459.0,
        "Normalized Income": -1522293.17,
        "Net Income From Continuing And Discontinued Operation": -1561143.0,
        "Total Expenses": 10428133.0,
        "Total Operating Income As Reported": -1589533.0,
        "Diluted Average Shares": NaN,
        "Basic Average Shares": NaN,
        "Diluted EPS": NaN,
        "Basic EPS": NaN,
        "Diluted NI Availto Com Stockholders": -1561143.0,
        "Net Income Common Stockholders": -1561143.0,
        "Net Income": -1561143.0,
        "Net Income Including Noncontrolling Interests": -1561143.0,
        "Net Income Continuous Operations": -1561143.0,
        "Tax Provision": 2893.0,
        "Pretax Income": -1558250.0,
        "Other Income Expense": -49177.0,
        "Other Non Operating Income Expenses": NaN,
        "Special Income Charges": -15860.0,
        "Gain On Sale Of Ppe": -15860.0,
        "Gain On Sale Of Security": -33317.0,
        "Net Non Operating Interest Income Expense": 80459.0,
        "Interest Income Non Operating": 80459.0,
        "Operating Income": -1589533.0,
        "Operating Expense": 7152353.0,
        "Depreciation Amortization Depletion Income Statement": 211454.0,
        "Depreciation And Amortization In Income Statement": 211454.0,
        "Research And Development": 1114191.0,
        "Selling General And Administration": 5826708.0,
        "Gross Profit": 5562820.0,
        "Cost Of Revenue": 3275780.0,
        "Total Revenue": 8838599.0,
        "Operating Revenue": 8838599.0
    },
    "2025-03-31": {
        "Tax Effect Of Unusual Items": 0.0,
        "Tax Rate For Calcs": 0.0,
        "Normalized EBITDA": -1033236.0,
        "Total Unusual Items": 5588.0,
        "Total Unusual Items Excluding Goodwill": 5588.0,
        "Net Income From Continuing Operation Net Minority Interest": -1166237.0,
        "Reconciled Depreciation": 217357.0,
        "Reconciled Cost Of Revenue": 3588740.0,
        "EBITDA": -1027648.0,
        "EBIT": -1245005.0,
        "Net Interest Income": 73180.0,
        "Interest Income": 73180.0,
        "Normalized Income": -1171825.0,
        "Net Income From Continuing And Discontinued Operation": -1166237.0,
        "Total Expenses": 10880080.0,
        "Total Operating Income As Reported": -1245005.0,
        "Diluted Average Shares": 45981826.0,
        "Basic Average Shares": 45981826.0,
        "Diluted EPS": -0.03,
        "Basic EPS": -0.03,
        "Diluted NI Availto Com Stockholders": -1166237.0,
        "Net Income Common Stockholders": -1166237.0,
        "Net Income": -1166237.0,
        "Net Income Including Noncontrolling Interests": -1166237.0,
        "Net Income Continuous Operations": -1166237.0,
        "Tax Provision": 0.0,
        "Pretax Income": -1166237.0,
        "Other Income Expense": 5588.0,
        "Other Non Operating Income Expenses": NaN,
        "Special Income Charges": 0.0,
        "Gain On Sale Of Ppe": 0.0,
        "Gain On Sale Of Security": 5588.0,
        "Net Non Operating Interest Income Expense": 73180.0,
        "Interest Income Non Operating": 73180.0,
        "Operating Income": -1245005.0,
        "Operating Expense": 7291340.0,
        "Depreciation Amortization Depletion Income Statement": 217357.0,
        "Depreciation And Amortization In Income Statement": 217357.0,
        "Research And Development": 1114609.0,
        "Selling General And Administration": 5959374.0,
        "Gross Profit": 6046335.0,
        "Cost Of Revenue": 3588740.0,
        "Total Revenue": 9635075.0,
        "Operating Revenue": 9635075.0
    },
    "2025-06-30": {
        "Tax Effect Of Unusual Items": 9280.53,
        "Tax Rate For Calcs": 0.21,
        "Normalized EBITDA": -147361.0,
        "Total Unusual Items": 44193.0,
        "Total Unusual Items Excluding Goodwill": 44193.0,
        "Net Income From Continuing Operation Net Minority Interest": -206867.0,
        "Reconciled Depreciation": 209487.0,
        "Reconciled Cost Of Revenue": 3719031.0,
        "EBITDA": -103168.0,
        "EBIT": -312655.0,
        "Net Interest Income": 78951.0,
        "Interest Income": 78951.0,
        "Normalized Income": -241779.47,
        "Net Income From Continuing And Discontinued Operation": -206867.0,
        "Total Expenses": 10507455.0,
        "Total Operating Income As Reported": -312655.0,
        "Diluted Average Shares": 46193709.0,
        "Basic Average Shares": 46193709.0,
        "Diluted EPS": 0.0,
        "Basic EPS": 0.0,
        "Diluted NI Availto Com Stockholders": -206867.0,
        "Net Income Common Stockholders": -206867.0,
        "Net Income": -206867.0,
        "Net Income Including Noncontrolling Interests": -206867.0,
        "Net Income Continuous Operations": -206867.0,
        "Tax Provision": 17356.0,
        "Pretax Income": -189511.0,
        "Other Income Expense": 44193.0,
        "Other Non Operating Income Expenses": NaN,
        "Special Income Charges": 0.0,
        "Gain On Sale Of Ppe": 0.0,
        "Gain On Sale Of Security": 44193.0,
        "Net Non Operating Interest Income Expense": 78951.0,
        "Interest Income Non Operating": 78951.0,
        "Operating Income": -312655.0,
        "Operating Expense": 6788424.0,
        "Depreciation Amortization Depletion Income Statement": 209487.0,
        "Depreciation And Amortization In Income Statement": 209487.0,
        "Research And Development": 1194789.0,
        "Selling General And Administration": 5384148.0,
        "Gross Profit": 6475769.0,
        "Cost Of Revenue": 3719031.0,
        "Total Revenue": 10194800.0,
        "Operating Revenue": 10194800.0
    },
    "2025-09-30": {
        "Tax Effect Of Unusual Items": 2.272797,
        "Tax Rate For Calcs": 0.000193,
        "Normalized EBITDA": -674987.0,
        "Total Unusual Items": 11790.0,
        "Total Unusual Items Excluding Goodwill": 11790.0,
        "Net Income From Continuing Operation Net Minority Interest": -777966.0,
        "Reconciled Depreciation": 204482.0,
        "Reconciled Cost Of Revenue": 4137592.0,
        "EBITDA": -663197.0,
        "EBIT": -867679.0,
        "Net Interest Income": 74567.0,
        "Interest Income": 74567.0,
        "Normalized Income": -789753.727203,
        "Net Income From Continuing And Discontinued Operation": -777966.0,
        "Total Expenses": 11269842.0,
        "Total Operating Income As Reported": -867679.0,
        "Diluted Average Shares": 46238819.0,
        "Basic Average Shares": 46238819.0,
        "Diluted EPS": -0.02,
        "Basic EPS": -0.02,
        "Diluted NI Availto Com Stockholders": -777966.0,
        "Net Income Common Stockholders": -777966.0,
        "Net Income": -777966.0,
        "Net Income Including Noncontrolling Interests": -777966.0,
        "Net Income Continuous Operations": -777966.0,
        "Tax Provision": -150.0,
        "Pretax Income": -778116.0,
        "Other Income Expense": 14996.0,
        "Other Non Operating Income Expenses": 3206.0,
        "Special Income Charges": NaN,
        "Gain On Sale Of Ppe": NaN,
        "Gain On Sale Of Security": 11790.0,
        "Net Non Operating Interest Income Expense": 74567.0,
        "Interest Income Non Operating": 74567.0,
        "Operating Income": -867679.0,
        "Operating Expense": 7132250.0,
        "Depreciation Amortization Depletion Income Statement": 204482.0,
        "Depreciation And Amortization In Income Statement": 204482.0,
        "Research And Development": 933107.0,
        "Selling General And Administration": 5994661.0,
        "Gross Profit": 6264571.0,
        "Cost Of Revenue": 4137592.0,
        "Total Revenue": 10402163.0,
        "Operating Revenue": 10402163.0
    }
}