{
    "2023-03-31": {
        "Tax Effect Of Unusual Items": NaN,
        "Tax Rate For Calcs": NaN,
        "Normalized EBITDA": NaN,
        "Total Unusual Items": NaN,
        "Total Unusual Items Excluding Goodwill": NaN,
        "Net Income From Continuing Operation Net Minority Interest": NaN,
        "Reconciled Depreciation": NaN,
        "EBITDA": NaN,
        "EBIT": NaN,
        "Net Interest Income": 0.0,
        "Interest Expense": 0.0,
        "Normalized Income": NaN,
        "Net Income From Continuing And Discontinued Operation": NaN,
        "Total Expenses": NaN,
        "Total Operating Income As Reported": NaN,
        "Diluted Average Shares": NaN,
        "Basic Average Shares": NaN,
        "Diluted EPS": NaN,
        "Basic EPS": NaN,
        "Diluted NI Availto Com Stockholders": NaN,
        "Net Income Common Stockholders": NaN,
        "Net Income": NaN,
        "Net Income Including Noncontrolling Interests": NaN,
        "Net Income Continuous Operations": NaN,
        "Pretax Income": NaN,
        "Other Income Expense": NaN,
        "Other Non Operating Income Expenses": NaN,
        "Gain On Sale Of Security": NaN,
        "Net Non Operating Interest Income Expense": 0.0,
        "Interest Expense Non Operating": 0.0,
        "Operating Income": NaN,
        "Operating Expense": NaN,
        "Research And Development": NaN,
        "Selling General And Administration": NaN,
        "General And Administrative Expense": NaN,
        "Other Gand A": NaN,
        "Total Revenue": NaN,
        "Operating Revenue": NaN
    },
    "2022-12-31": {
        "Tax Effect Of Unusual Items": NaN,
        "Tax Rate For Calcs": NaN,
        "Normalized EBITDA": NaN,
        "Total Unusual Items": NaN,
        "Total Unusual Items Excluding Goodwill": NaN,
        "Net Income From Continuing Operation Net Minority Interest": NaN,
        "Reconciled Depreciation": NaN,
        "EBITDA": NaN,
        "EBIT": NaN,
        "Net Interest Income": 0.0,
        "Interest Expense": 0.0,
        "Normalized Income": NaN,
        "Net Income From Continuing And Discontinued Operation": NaN,
        "Total Expenses": NaN,
        "Total Operating Income As Reported": NaN,
        "Diluted Average Shares": NaN,
        "Basic Average Shares": NaN,
        "Diluted EPS": NaN,
        "Basic EPS": NaN,
        "Diluted NI Availto Com Stockholders": NaN,
        "Net Income Common Stockholders": NaN,
        "Net Income": NaN,
        "Net Income Including Noncontrolling Interests": NaN,
        "Net Income Continuous Operations": NaN,
        "Tax Provision": 0.0,
        "Pretax Income": NaN,
        "Other Income Expense": NaN,
        "Other Non Operating Income Expenses": NaN,
        "Gain On Sale Of Security": NaN,
        "Net Non Operating Interest Income Expense": 0.0,
        "Interest Expense Non Operating": 0.0,
        "Operating Income": NaN,
        "Operating Expense": NaN,
        "Other Operating Expenses": 0.0,
        "Research And Development": NaN,
        "Selling General And Administration": NaN,
        "General And Administrative Expense": NaN,
        "Other Gand A": NaN,
        "Total Revenue": NaN,
        "Operating Revenue": NaN
    },
    "2022-09-30": {
        "Tax Effect Of Unusual Items": NaN,
        "Tax Rate For Calcs": NaN,
        "Normalized EBITDA": NaN,
        "Total Unusual Items": NaN,
        "Total Unusual Items Excluding Goodwill": NaN,
        "Net Income From Continuing Operation Net Minority Interest": NaN,
        "Reconciled Depreciation": NaN,
        "EBITDA": NaN,
        "EBIT": NaN,
        "Net Interest Income": NaN,
        "Interest Expense": NaN,
        "Normalized Income": NaN,
        "Net Income From Continuing And Discontinued Operation": NaN,
        "Total Expenses": NaN,
        "Total Operating Income As Reported": NaN,
        "Diluted Average Shares": NaN,
        "Basic Average Shares": NaN,
        "Diluted EPS": NaN,
        "Basic EPS": NaN,
        "Diluted NI Availto Com Stockholders": NaN,
        "Net Income Common Stockholders": NaN,
        "Net Income": NaN,
        "Net Income Including Noncontrolling Interests": NaN,
        "Net Income Continuous Operations": NaN,
        "Tax Provision": 0.0,
        "Pretax Income": NaN,
        "Other Income Expense": NaN,
        "Other Non Operating Income Expenses": NaN,
        "Gain On Sale Of Security": NaN,
        "Net Non Operating Interest Income Expense": NaN,
        "Interest Expense Non Operating": NaN,
        "Operating Income": NaN,
        "Operating Expense": NaN,
        "Other Operating Expenses": -3705000.0,
        "Research And Development": NaN,
        "Selling General And Administration": NaN,
        "General And Administrative Expense": NaN,
        "Other Gand A": NaN,
        "Total Revenue": NaN,
        "Operating Revenue": NaN
    },
    "2022-06-30": {
        "Tax Effect Of Unusual Items": 0.0,
        "Tax Rate For Calcs": 0.0,
        "Normalized EBITDA": -26958000.0,
        "Net Income From Continuing Operation Net Minority Interest": -27266000.0,
        "Reconciled Depreciation": 308000.0,
        "EBITDA": -26958000.0,
        "EBIT": -27266000.0,
        "Net Interest Income": 0.0,
        "Interest Expense": 0.0,
        "Normalized Income": -27266000.0,
        "Net Income From Continuing And Discontinued Operation": -27266000.0,
        "Total Expenses": 27352000.0,
        "Total Operating Income As Reported": -30728000.0,
        "Diluted Average Shares": 24053977.0,
        "Basic Average Shares": 24053977.0,
        "Diluted EPS": -1.13,
        "Basic EPS": -1.13,
        "Diluted NI Availto Com Stockholders": -27266000.0,
        "Net Income Common Stockholders": -27266000.0,
        "Net Income": -27266000.0,
        "Net Income Including Noncontrolling Interests": -27266000.0,
        "Net Income Continuous Operations": -27266000.0,
        "Tax Provision": 0.0,
        "Pretax Income": -27266000.0,
        "Other Income Expense": 86000.0,
        "Other Non Operating Income Expenses": 86000.0,
        "Net Non Operating Interest Income Expense": 0.0,
        "Interest Expense Non Operating": 0.0,
        "Operating Income": -27352000.0,
        "Operating Expense": 27352000.0,
        "Other Operating Expenses": -3376000.0,
        "Research And Development": 23281000.0,
        "Selling General And Administration": 7447000.0,
        "General And Administrative Expense": 7447000.0,
        "Other Gand A": 7447000.0,
        "Total Revenue": 0.0,
        "Operating Revenue": 0.0
    },
    "2022-03-31": {
        "Diluted EPS": -1.01,
        "Total Revenue": NaN,
        "Gross Profit": NaN,
        "Operating Income": -24,
        "EBIT": -24,
        "Net Income": -24
    },
    "2021-12-31": {
        "Diluted EPS": -0.3,
        "Total Revenue": 20,
        "Gross Profit": 20,
        "Operating Income": -5,
        "EBIT": -5,
        "Net Income": -7
    },
    "2021-09-30": {
        "Diluted EPS": -0.87,
        "Total Revenue": NaN,
        "Gross Profit": NaN,
        "Operating Income": -20,
        "EBIT": -20,
        "Net Income": -20
    },
    "2021-06-30": {
        "Diluted EPS": -0.67,
        "Total Revenue": 0,
        "Gross Profit": 0,
        "Operating Income": -16,
        "EBIT": -15,
        "Net Income": -16
    },
    "2021-03-31": {
        "Diluted EPS": -0.68,
        "Total Revenue": NaN,
        "Gross Profit": NaN,
        "Operating Income": -16,
        "EBIT": -16,
        "Net Income": -16
    },
    "2020-12-31": {
        "Diluted EPS": 3.4,
        "Total Revenue": NaN,
        "Gross Profit": NaN,
        "Operating Income": -13,
        "EBIT": -13,
        "Net Income": -10
    },
    "2020-09-30": {
        "Diluted EPS": -0.6,
        "Total Revenue": NaN,
        "Gross Profit": NaN,
        "Operating Income": -12,
        "EBIT": -12,
        "Net Income": -12
    },
    "2020-06-30": {
        "Diluted EPS": -0.62,
        "Total Revenue": NaN,
        "Gross Profit": NaN,
        "Operating Income": -11,
        "EBIT": -11,
        "Net Income": -11
    },
    "2020-03-31": {
        "Diluted EPS": -5.11,
        "Total Revenue": NaN,
        "Gross Profit": NaN,
        "Operating Income": -11,
        "EBIT": -10,
        "Net Income": -13
    },
    "2019-12-31": {
        "Diluted EPS": -1.32,
        "Total Revenue": 3,
        "Gross Profit": 3,
        "Operating Income": -3,
        "EBIT": -3,
        "Net Income": -3
    },
    "2019-09-30": {
        "Diluted EPS": -1.71,
        "Total Revenue": 3,
        "Gross Profit": 3,
        "Operating Income": -2,
        "EBIT": -2,
        "Net Income": -4
    },
    "2019-06-30": {
        "Diluted EPS": -1.44,
        "Total Revenue": 3,
        "Gross Profit": 3,
        "Operating Income": -3,
        "EBIT": -3,
        "Net Income": -3
    },
    "2019-03-31": {
        "Diluted EPS": -1.61,
        "Total Revenue": 3,
        "Gross Profit": 3,
        "Operating Income": -3,
        "EBIT": -3,
        "Net Income": -4
    },
    "2023-06-30": {
        "Tax Effect Of Unusual Items": NaN,
        "Tax Rate For Calcs": NaN,
        "Normalized EBITDA": NaN,
        "Total Unusual Items": NaN,
        "Total Unusual Items Excluding Goodwill": NaN,
        "Net Income From Continuing Operation Net Minority Interest": NaN,
        "Reconciled Depreciation": NaN,
        "EBITDA": NaN,
        "EBIT": NaN,
        "Net Interest Income": 0.0,
        "Interest Expense": 0.0,
        "Normalized Income": NaN,
        "Net Income From Continuing And Discontinued Operation": NaN,
        "Total Expenses": NaN,
        "Total Operating Income As Reported": NaN,
        "Diluted Average Shares": NaN,
        "Basic Average Shares": NaN,
        "Diluted EPS": NaN,
        "Basic EPS": NaN,
        "Diluted NI Availto Com Stockholders": NaN,
        "Net Income Common Stockholders": NaN,
        "Net Income": NaN,
        "Net Income Including Noncontrolling Interests": NaN,
        "Net Income Continuous Operations": NaN,
        "Pretax Income": NaN,
        "Other Income Expense": NaN,
        "Other Non Operating Income Expenses": NaN,
        "Gain On Sale Of Security": NaN,
        "Net Non Operating Interest Income Expense": 0.0,
        "Interest Expense Non Operating": 0.0,
        "Operating Income": NaN,
        "Operating Expense": NaN,
        "Research And Development": NaN,
        "Selling General And Administration": NaN,
        "General And Administrative Expense": NaN,
        "Other Gand A": NaN,
        "Total Revenue": NaN,
        "Operating Revenue": NaN
    },
    "2023-09-30": {
        "Tax Effect Of Unusual Items": NaN,
        "Tax Rate For Calcs": NaN,
        "Normalized EBITDA": NaN,
        "Total Unusual Items": NaN,
        "Total Unusual Items Excluding Goodwill": NaN,
        "Net Income From Continuing Operation Net Minority Interest": NaN,
        "Reconciled Depreciation": NaN,
        "EBITDA": NaN,
        "EBIT": NaN,
        "Net Interest Income": 0.0,
        "Interest Expense": 0.0,
        "Normalized Income": NaN,
        "Net Income From Continuing And Discontinued Operation": NaN,
        "Total Expenses": NaN,
        "Total Operating Income As Reported": NaN,
        "Diluted Average Shares": NaN,
        "Basic Average Shares": NaN,
        "Diluted EPS": NaN,
        "Basic EPS": NaN,
        "Diluted NI Availto Com Stockholders": NaN,
        "Net Income Common Stockholders": NaN,
        "Net Income": NaN,
        "Net Income Including Noncontrolling Interests": NaN,
        "Net Income Continuous Operations": NaN,
        "Tax Provision": NaN,
        "Pretax Income": NaN,
        "Other Income Expense": NaN,
        "Other Non Operating Income Expenses": NaN,
        "Gain On Sale Of Security": NaN,
        "Net Non Operating Interest Income Expense": 0.0,
        "Interest Expense Non Operating": 0.0,
        "Operating Income": NaN,
        "Operating Expense": NaN,
        "Research And Development": NaN,
        "Selling General And Administration": NaN,
        "General And Administrative Expense": NaN,
        "Other Gand A": NaN,
        "Total Revenue": NaN,
        "Operating Revenue": NaN
    },
    "2023-12-31": {
        "Tax Effect Of Unusual Items": NaN,
        "Tax Rate For Calcs": NaN,
        "Normalized EBITDA": NaN,
        "Total Unusual Items": NaN,
        "Total Unusual Items Excluding Goodwill": NaN,
        "Net Income From Continuing Operation Net Minority Interest": NaN,
        "Reconciled Depreciation": NaN,
        "EBITDA": NaN,
        "EBIT": NaN,
        "Net Interest Income": 0.0,
        "Interest Expense": 0.0,
        "Normalized Income": NaN,
        "Net Income From Continuing And Discontinued Operation": NaN,
        "Total Expenses": NaN,
        "Total Operating Income As Reported": NaN,
        "Diluted Average Shares": NaN,
        "Basic Average Shares": NaN,
        "Diluted EPS": NaN,
        "Basic EPS": NaN,
        "Diluted NI Availto Com Stockholders": NaN,
        "Net Income Common Stockholders": NaN,
        "Net Income": NaN,
        "Net Income Including Noncontrolling Interests": NaN,
        "Net Income Continuous Operations": NaN,
        "Tax Provision": NaN,
        "Pretax Income": NaN,
        "Other Income Expense": NaN,
        "Other Non Operating Income Expenses": NaN,
        "Gain On Sale Of Security": NaN,
        "Net Non Operating Interest Income Expense": 0.0,
        "Interest Expense Non Operating": 0.0,
        "Operating Income": NaN,
        "Operating Expense": NaN,
        "Research And Development": NaN,
        "Selling General And Administration": NaN,
        "General And Administrative Expense": NaN,
        "Other Gand A": NaN,
        "Total Revenue": NaN,
        "Operating Revenue": NaN
    },
    "2024-03-31": {
        "Tax Effect Of Unusual Items": NaN,
        "Tax Rate For Calcs": NaN,
        "Normalized EBITDA": NaN,
        "Total Unusual Items": NaN,
        "Total Unusual Items Excluding Goodwill": NaN,
        "Net Income From Continuing Operation Net Minority Interest": NaN,
        "Reconciled Depreciation": NaN,
        "EBITDA": NaN,
        "EBIT": NaN,
        "Net Interest Income": NaN,
        "Interest Expense": NaN,
        "Normalized Income": NaN,
        "Net Income From Continuing And Discontinued Operation": NaN,
        "Total Expenses": NaN,
        "Total Operating Income As Reported": NaN,
        "Diluted Average Shares": NaN,
        "Basic Average Shares": NaN,
        "Diluted EPS": NaN,
        "Basic EPS": NaN,
        "Diluted NI Availto Com Stockholders": NaN,
        "Net Income Common Stockholders": NaN,
        "Net Income": NaN,
        "Net Income Including Noncontrolling Interests": NaN,
        "Net Income Continuous Operations": NaN,
        "Tax Provision": 0.0,
        "Pretax Income": NaN,
        "Other Income Expense": NaN,
        "Other Non Operating Income Expenses": NaN,
        "Gain On Sale Of Security": NaN,
        "Net Non Operating Interest Income Expense": NaN,
        "Interest Expense Non Operating": NaN,
        "Operating Income": NaN,
        "Operating Expense": NaN,
        "Research And Development": NaN,
        "Selling General And Administration": NaN,
        "General And Administrative Expense": NaN,
        "Other Gand A": NaN,
        "Total Revenue": NaN,
        "Operating Revenue": NaN
    },
    "2024-06-30": {
        "Tax Effect Of Unusual Items": 0.0,
        "Tax Rate For Calcs": 0.0,
        "Normalized EBITDA": -55511000.0,
        "Total Unusual Items": 5378000.0,
        "Total Unusual Items Excluding Goodwill": 5378000.0,
        "Net Income From Continuing Operation Net Minority Interest": -45257000.0,
        "Reconciled Depreciation": 306000.0,
        "EBITDA": -50133000.0,
        "EBIT": -50439000.0,
        "Net Interest Income": NaN,
        "Interest Expense": NaN,
        "Normalized Income": -50635000.0,
        "Net Income From Continuing And Discontinued Operation": -45257000.0,
        "Total Expenses": 50476000.0,
        "Total Operating Income As Reported": -50439000.0,
        "Diluted Average Shares": 36103187.0,
        "Basic Average Shares": 36103187.0,
        "Diluted EPS": -1.25,
        "Basic EPS": -1.25,
        "Diluted NI Availto Com Stockholders": -45257000.0,
        "Net Income Common Stockholders": -45257000.0,
        "Net Income": -45257000.0,
        "Net Income Including Noncontrolling Interests": -45257000.0,
        "Net Income Continuous Operations": -45257000.0,
        "Tax Provision": 0.0,
        "Pretax Income": -45257000.0,
        "Other Income Expense": 5182000.0,
        "Other Non Operating Income Expenses": -196000.0,
        "Gain On Sale Of Security": 5378000.0,
        "Net Non Operating Interest Income Expense": NaN,
        "Interest Expense Non Operating": NaN,
        "Operating Income": -50439000.0,
        "Operating Expense": 50476000.0,
        "Research And Development": 40515000.0,
        "Selling General And Administration": 9961000.0,
        "General And Administrative Expense": 9961000.0,
        "Other Gand A": 9961000.0,
        "Total Revenue": 37000.0,
        "Operating Revenue": 37000.0
    },
    "2024-09-30": {
        "Tax Effect Of Unusual Items": 0.0,
        "Tax Rate For Calcs": 0.0,
        "Normalized EBITDA": -64136000.0,
        "Total Unusual Items": 5793000.0,
        "Total Unusual Items Excluding Goodwill": 5793000.0,
        "Net Income From Continuing Operation Net Minority Interest": -52956000.0,
        "Reconciled Depreciation": 314000.0,
        "EBITDA": -58343000.0,
        "EBIT": -58657000.0,
        "Net Interest Income": NaN,
        "Interest Expense": NaN,
        "Normalized Income": -58749000.0,
        "Net Income From Continuing And Discontinued Operation": -52956000.0,
        "Total Expenses": 59045000.0,
        "Total Operating Income As Reported": -58657000.0,
        "Diluted Average Shares": 37590727.0,
        "Basic Average Shares": 37590727.0,
        "Diluted EPS": -1.41,
        "Basic EPS": -1.41,
        "Diluted NI Availto Com Stockholders": -52956000.0,
        "Net Income Common Stockholders": -52956000.0,
        "Net Income": -52956000.0,
        "Net Income Including Noncontrolling Interests": -52956000.0,
        "Net Income Continuous Operations": -52956000.0,
        "Tax Provision": NaN,
        "Pretax Income": -52956000.0,
        "Other Income Expense": 5701000.0,
        "Other Non Operating Income Expenses": -92000.0,
        "Gain On Sale Of Security": 5793000.0,
        "Net Non Operating Interest Income Expense": NaN,
        "Interest Expense Non Operating": NaN,
        "Operating Income": -58657000.0,
        "Operating Expense": 59045000.0,
        "Research And Development": 49225000.0,
        "Selling General And Administration": 9820000.0,
        "General And Administrative Expense": 9820000.0,
        "Other Gand A": 9820000.0,
        "Total Revenue": 388000.0,
        "Operating Revenue": 388000.0
    },
    "2024-12-31": {
        "Tax Effect Of Unusual Items": 0.0,
        "Tax Rate For Calcs": 0.0,
        "Normalized EBITDA": -35661000.0,
        "Total Unusual Items": 6519000.0,
        "Total Unusual Items Excluding Goodwill": 6519000.0,
        "Net Income From Continuing Operation Net Minority Interest": -46026000.0,
        "Reconciled Depreciation": 332000.0,
        "EBITDA": -29142000.0,
        "EBIT": -29474000.0,
        "Net Interest Income": NaN,
        "Interest Expense": NaN,
        "Normalized Income": -52545000.0,
        "Net Income From Continuing And Discontinued Operation": -46026000.0,
        "Total Expenses": 55058000.0,
        "Total Operating Income As Reported": -53254000.0,
        "Diluted Average Shares": 40337720.0,
        "Basic Average Shares": 40337720.0,
        "Diluted EPS": -1.14,
        "Basic EPS": -1.14,
        "Diluted NI Availto Com Stockholders": -46026000.0,
        "Net Income Common Stockholders": -46026000.0,
        "Net Income": -46026000.0,
        "Net Income Including Noncontrolling Interests": -46026000.0,
        "Net Income Continuous Operations": -46026000.0,
        "Tax Provision": NaN,
        "Pretax Income": -45726000.0,
        "Other Income Expense": 6290000.0,
        "Other Non Operating Income Expenses": -229000.0,
        "Gain On Sale Of Security": 6519000.0,
        "Net Non Operating Interest Income Expense": NaN,
        "Interest Expense Non Operating": NaN,
        "Operating Income": -52016000.0,
        "Operating Expense": 55058000.0,
        "Research And Development": 45631000.0,
        "Selling General And Administration": 10665000.0,
        "General And Administrative Expense": 10665000.0,
        "Other Gand A": 10665000.0,
        "Total Revenue": 3042000.0,
        "Operating Revenue": 3042000.0
    },
    "2025-03-31": {
        "Tax Effect Of Unusual Items": 427896.0,
        "Tax Rate For Calcs": 0.063,
        "Normalized EBITDA": 145592000.0,
        "Total Unusual Items": 6792000.0,
        "Total Unusual Items Excluding Goodwill": 6792000.0,
        "Net Income From Continuing Operation Net Minority Interest": 148451000.0,
        "Reconciled Depreciation": 344000.0,
        "EBITDA": 152384000.0,
        "EBIT": 152040000.0,
        "Net Interest Income": NaN,
        "Interest Expense": NaN,
        "Normalized Income": 142086896.0,
        "Net Income From Continuing And Discontinued Operation": 148451000.0,
        "Total Expenses": 59206000.0,
        "Total Operating Income As Reported": 152040000.0,
        "Diluted Average Shares": 41021325.0,
        "Basic Average Shares": 40559355.0,
        "Diluted EPS": 3.62,
        "Basic EPS": 3.66,
        "Diluted NI Availto Com Stockholders": 148451000.0,
        "Net Income Common Stockholders": 148451000.0,
        "Net Income": 148451000.0,
        "Net Income Including Noncontrolling Interests": 148451000.0,
        "Net Income Continuous Operations": 148451000.0,
        "Tax Provision": 10043000.0,
        "Pretax Income": 158494000.0,
        "Other Income Expense": 6454000.0,
        "Other Non Operating Income Expenses": -338000.0,
        "Gain On Sale Of Security": 6792000.0,
        "Net Non Operating Interest Income Expense": NaN,
        "Interest Expense Non Operating": NaN,
        "Operating Income": 152040000.0,
        "Operating Expense": 59206000.0,
        "Research And Development": 48709000.0,
        "Selling General And Administration": 10497000.0,
        "General And Administrative Expense": 10497000.0,
        "Other Gand A": 10497000.0,
        "Total Revenue": 211246000.0,
        "Operating Revenue": 211246000.0
    },
    "2025-06-30": {
        "Tax Effect Of Unusual Items": 480607.570326,
        "Tax Rate For Calcs": 0.067501,
        "Normalized EBITDA": -46567000.0,
        "Total Unusual Items": 7120000.0,
        "Total Unusual Items Excluding Goodwill": 7120000.0,
        "Net Income From Continuing Operation Net Minority Interest": -30696000.0,
        "Reconciled Depreciation": 370000.0,
        "EBITDA": -39447000.0,
        "EBIT": -39817000.0,
        "Net Interest Income": NaN,
        "Interest Expense": NaN,
        "Normalized Income": -37335392.429674,
        "Net Income From Continuing And Discontinued Operation": -30696000.0,
        "Total Expenses": 57985000.0,
        "Total Operating Income As Reported": -39817000.0,
        "Diluted Average Shares": 40612907.0,
        "Basic Average Shares": 40612907.0,
        "Diluted EPS": -0.76,
        "Basic EPS": -0.76,
        "Diluted NI Availto Com Stockholders": -30696000.0,
        "Net Income Common Stockholders": -30696000.0,
        "Net Income": -30696000.0,
        "Net Income Including Noncontrolling Interests": -30696000.0,
        "Net Income Continuous Operations": -30696000.0,
        "Tax Provision": -2222000.0,
        "Pretax Income": -32918000.0,
        "Other Income Expense": 6899000.0,
        "Other Non Operating Income Expenses": -221000.0,
        "Gain On Sale Of Security": 7120000.0,
        "Net Non Operating Interest Income Expense": NaN,
        "Interest Expense Non Operating": NaN,
        "Operating Income": -39817000.0,
        "Operating Expense": 57985000.0,
        "Research And Development": 43503000.0,
        "Selling General And Administration": 14482000.0,
        "General And Administrative Expense": 14482000.0,
        "Other Gand A": 14482000.0,
        "Total Revenue": 18168000.0,
        "Operating Revenue": 18168000.0
    }
}