{
    "2023-03-31": {
        "Tax Effect Of Unusual Items": 0.0,
        "Tax Rate For Calcs": 0.0,
        "Normalized EBITDA": -108739000.0,
        "Total Unusual Items": NaN,
        "Total Unusual Items Excluding Goodwill": NaN,
        "Net Income From Continuing Operation Net Minority Interest": -97574000.0,
        "Reconciled Depreciation": 327000.0,
        "EBITDA": -108739000.0,
        "EBIT": -109066000.0,
        "Net Interest Income": 11345000.0,
        "Interest Income": 11345000.0,
        "Normalized Income": -97574000.0,
        "Net Income From Continuing And Discontinued Operation": -97574000.0,
        "Total Expenses": 109720000.0,
        "Total Operating Income As Reported": -109066000.0,
        "Diluted Average Shares": 34800643.0,
        "Basic Average Shares": 34800643.0,
        "Diluted EPS": -2.8,
        "Basic EPS": -2.8,
        "Diluted NI Availto Com Stockholders": -97574000.0,
        "Net Income Common Stockholders": -97574000.0,
        "Net Income": -97574000.0,
        "Net Income Including Noncontrolling Interests": -97574000.0,
        "Net Income Continuous Operations": -97574000.0,
        "Tax Provision": 0.0,
        "Pretax Income": -97574000.0,
        "Other Income Expense": 147000.0,
        "Other Non Operating Income Expenses": 147000.0,
        "Special Income Charges": NaN,
        "Impairment Of Capital Assets": NaN,
        "Net Non Operating Interest Income Expense": 11345000.0,
        "Interest Income Non Operating": 11345000.0,
        "Operating Income": -109066000.0,
        "Operating Expense": 109720000.0,
        "Research And Development": 85467000.0,
        "Selling General And Administration": 24253000.0,
        "General And Administrative Expense": 24253000.0,
        "Other Gand A": 11579000.0,
        "Salaries And Wages": 12674000.0,
        "Total Revenue": 654000.0,
        "Operating Revenue": 654000.0
    },
    "2022-12-31": {
        "Tax Effect Of Unusual Items": 0.0,
        "Tax Rate For Calcs": 0.21,
        "Normalized EBITDA": -84731000.0,
        "Total Unusual Items": 0.0,
        "Total Unusual Items Excluding Goodwill": 0.0,
        "Net Income From Continuing Operation Net Minority Interest": -76212000.0,
        "Reconciled Depreciation": 305000.0,
        "EBITDA": -84731000.0,
        "EBIT": -85036000.0,
        "Net Interest Income": 9567000.0,
        "Interest Income": 9567000.0,
        "Normalized Income": -76212000.0,
        "Net Income From Continuing And Discontinued Operation": -76212000.0,
        "Total Expenses": 90314000.0,
        "Total Operating Income As Reported": -85036000.0,
        "Diluted Average Shares": 34406182.0,
        "Basic Average Shares": 34406182.0,
        "Diluted EPS": -2.22,
        "Basic EPS": -2.22,
        "Diluted NI Availto Com Stockholders": -76212000.0,
        "Net Income Common Stockholders": -76212000.0,
        "Net Income": -76212000.0,
        "Net Income Including Noncontrolling Interests": -76212000.0,
        "Net Income Continuous Operations": -76212000.0,
        "Tax Provision": 890000.0,
        "Pretax Income": -75322000.0,
        "Other Income Expense": 147000.0,
        "Other Non Operating Income Expenses": 147000.0,
        "Special Income Charges": 0.0,
        "Impairment Of Capital Assets": 0.0,
        "Net Non Operating Interest Income Expense": 9567000.0,
        "Interest Income Non Operating": 9567000.0,
        "Operating Income": -85036000.0,
        "Operating Expense": 90314000.0,
        "Research And Development": 66004000.0,
        "Selling General And Administration": 24310000.0,
        "General And Administrative Expense": 24310000.0,
        "Other Gand A": 11939000.0,
        "Salaries And Wages": 12371000.0,
        "Total Revenue": 5278000.0,
        "Operating Revenue": 5278000.0
    },
    "2022-09-30": {
        "Tax Effect Of Unusual Items": 0.0,
        "Tax Rate For Calcs": 0.0,
        "Normalized EBITDA": -80704000.0,
        "Total Unusual Items": 0.0,
        "Total Unusual Items Excluding Goodwill": 0.0,
        "Net Income From Continuing Operation Net Minority Interest": -76963000.0,
        "Reconciled Depreciation": 290000.0,
        "EBITDA": -80704000.0,
        "EBIT": -80994000.0,
        "Net Interest Income": 3884000.0,
        "Interest Income": 3884000.0,
        "Normalized Income": -76963000.0,
        "Net Income From Continuing And Discontinued Operation": -76963000.0,
        "Total Expenses": 81075000.0,
        "Total Operating Income As Reported": -80994000.0,
        "Diluted Average Shares": 32349111.0,
        "Basic Average Shares": 32349111.0,
        "Diluted EPS": -2.38,
        "Basic EPS": -2.38,
        "Diluted NI Availto Com Stockholders": -76963000.0,
        "Net Income Common Stockholders": -76963000.0,
        "Net Income": -76963000.0,
        "Net Income Including Noncontrolling Interests": -76963000.0,
        "Net Income Continuous Operations": -76963000.0,
        "Tax Provision": 0.0,
        "Pretax Income": -76963000.0,
        "Other Income Expense": 147000.0,
        "Other Non Operating Income Expenses": 147000.0,
        "Special Income Charges": 0.0,
        "Impairment Of Capital Assets": 0.0,
        "Net Non Operating Interest Income Expense": 3884000.0,
        "Interest Income Non Operating": 3884000.0,
        "Operating Income": -80994000.0,
        "Operating Expense": 81075000.0,
        "Research And Development": 61950000.0,
        "Selling General And Administration": 19125000.0,
        "General And Administrative Expense": 19125000.0,
        "Other Gand A": 7577000.0,
        "Salaries And Wages": 11548000.0,
        "Total Revenue": 81000.0,
        "Operating Revenue": 81000.0
    },
    "2022-06-30": {
        "Tax Effect Of Unusual Items": 0.0,
        "Tax Rate For Calcs": 0.4,
        "Normalized EBITDA": -64783000.0,
        "Total Unusual Items": 0.0,
        "Total Unusual Items Excluding Goodwill": 0.0,
        "Net Income From Continuing Operation Net Minority Interest": -64943000.0,
        "Reconciled Depreciation": 269000.0,
        "EBITDA": -64783000.0,
        "EBIT": -65052000.0,
        "Net Interest Income": 490000.0,
        "Interest Income": 490000.0,
        "Normalized Income": -64943000.0,
        "Net Income From Continuing And Discontinued Operation": -64943000.0,
        "Total Expenses": 70330000.0,
        "Total Operating Income As Reported": -65052000.0,
        "Diluted Average Shares": 29896332.0,
        "Basic Average Shares": 29896332.0,
        "Diluted EPS": -2.17,
        "Basic EPS": -2.17,
        "Diluted NI Availto Com Stockholders": -64943000.0,
        "Net Income Common Stockholders": -64943000.0,
        "Net Income": -64943000.0,
        "Net Income Including Noncontrolling Interests": -64943000.0,
        "Net Income Continuous Operations": -64943000.0,
        "Tax Provision": 528000.0,
        "Pretax Income": -64415000.0,
        "Other Income Expense": 147000.0,
        "Other Non Operating Income Expenses": 147000.0,
        "Special Income Charges": 0.0,
        "Impairment Of Capital Assets": 0.0,
        "Net Non Operating Interest Income Expense": 490000.0,
        "Interest Income Non Operating": 490000.0,
        "Operating Income": -65052000.0,
        "Operating Expense": 70330000.0,
        "Research And Development": 52487000.0,
        "Selling General And Administration": 17843000.0,
        "General And Administrative Expense": 17843000.0,
        "Other Gand A": 7254000.0,
        "Salaries And Wages": 10589000.0,
        "Total Revenue": 5278000.0,
        "Operating Revenue": 5278000.0
    },
    "2023-06-30": {
        "Tax Effect Of Unusual Items": 0.0,
        "Tax Rate For Calcs": 0.0,
        "Normalized EBITDA": -119438000.0,
        "Total Unusual Items": NaN,
        "Total Unusual Items Excluding Goodwill": NaN,
        "Net Income From Continuing Operation Net Minority Interest": -103163000.0,
        "Reconciled Depreciation": 469000.0,
        "EBITDA": -119438000.0,
        "EBIT": -119907000.0,
        "Net Interest Income": 16597000.0,
        "Interest Income": 16597000.0,
        "Normalized Income": -103163000.0,
        "Net Income From Continuing And Discontinued Operation": -103163000.0,
        "Total Expenses": 119907000.0,
        "Total Operating Income As Reported": -119907000.0,
        "Diluted Average Shares": 37524640.0,
        "Basic Average Shares": 37524640.0,
        "Diluted EPS": -2.75,
        "Basic EPS": -2.75,
        "Diluted NI Availto Com Stockholders": -103163000.0,
        "Net Income Common Stockholders": -103163000.0,
        "Net Income": -103163000.0,
        "Net Income Including Noncontrolling Interests": -103163000.0,
        "Net Income Continuous Operations": -103163000.0,
        "Tax Provision": 0.0,
        "Pretax Income": -103163000.0,
        "Other Income Expense": 147000.0,
        "Other Non Operating Income Expenses": 147000.0,
        "Special Income Charges": NaN,
        "Impairment Of Capital Assets": NaN,
        "Net Non Operating Interest Income Expense": 16597000.0,
        "Interest Income Non Operating": 16597000.0,
        "Operating Income": -119907000.0,
        "Operating Expense": 119907000.0,
        "Research And Development": 92490000.0,
        "Selling General And Administration": 27417000.0,
        "General And Administrative Expense": 27417000.0,
        "Other Gand A": 12747000.0,
        "Salaries And Wages": 14670000.0,
        "Total Revenue": 0.0,
        "Operating Revenue": 0.0
    },
    "2022-03-31": {
        "Diluted EPS": -1.95,
        "Total Revenue": NaN,
        "Gross Profit": NaN,
        "Operating Income": -59,
        "EBIT": -58,
        "Net Income": -58
    },
    "2021-12-31": {
        "Diluted EPS": -0.95,
        "Total Revenue": NaN,
        "Gross Profit": NaN,
        "Operating Income": -65,
        "EBIT": -65,
        "Net Income": -28
    },
    "2021-09-30": {
        "Diluted EPS": -1.72,
        "Total Revenue": NaN,
        "Gross Profit": NaN,
        "Operating Income": -51,
        "EBIT": -51,
        "Net Income": -51
    },
    "2021-06-30": {
        "Diluted EPS": -1.17,
        "Total Revenue": NaN,
        "Gross Profit": NaN,
        "Operating Income": -35,
        "EBIT": -34,
        "Net Income": -34
    },
    "2021-03-31": {
        "Diluted EPS": -1.1,
        "Total Revenue": NaN,
        "Gross Profit": NaN,
        "Operating Income": -30,
        "EBIT": -30,
        "Net Income": -30
    },
    "2020-12-31": {
        "Diluted EPS": -0.9,
        "Total Revenue": NaN,
        "Gross Profit": NaN,
        "Operating Income": -24,
        "EBIT": -24,
        "Net Income": -24
    },
    "2020-09-30": {
        "Diluted EPS": -0.71,
        "Total Revenue": NaN,
        "Gross Profit": NaN,
        "Operating Income": -20,
        "EBIT": -19,
        "Net Income": -19
    },
    "2020-06-30": {
        "Diluted EPS": -0.65,
        "Total Revenue": NaN,
        "Gross Profit": NaN,
        "Operating Income": -18,
        "EBIT": -18,
        "Net Income": -17
    },
    "2020-03-31": {
        "Diluted EPS": -0.33,
        "Total Revenue": NaN,
        "Gross Profit": NaN,
        "Operating Income": -10,
        "EBIT": -10,
        "Net Income": -9
    },
    "2019-12-31": {
        "Diluted EPS": NaN,
        "Total Revenue": NaN,
        "Gross Profit": NaN,
        "Operating Income": -9,
        "EBIT": -10,
        "Net Income": -8
    },
    "2019-09-30": {
        "Diluted EPS": -0.39,
        "Total Revenue": NaN,
        "Gross Profit": NaN,
        "Operating Income": -10,
        "EBIT": -10,
        "Net Income": -9
    },
    "2019-06-30": {
        "Diluted EPS": -146.02,
        "Total Revenue": NaN,
        "Gross Profit": NaN,
        "Operating Income": -15,
        "EBIT": -15,
        "Net Income": -15
    },
    "2019-03-31": {
        "Diluted EPS": NaN,
        "Total Revenue": NaN,
        "Gross Profit": NaN,
        "Operating Income": -12,
        "EBIT": -11,
        "Net Income": -12
    },
    "2018-12-31": {
        "Diluted EPS": 0.0,
        "Total Revenue": NaN,
        "Gross Profit": NaN,
        "Operating Income": NaN,
        "EBIT": NaN,
        "Net Income": NaN
    },
    "2018-09-30": {
        "Diluted EPS": NaN,
        "Total Revenue": NaN,
        "Gross Profit": NaN,
        "Operating Income": -2,
        "EBIT": -1,
        "Net Income": -6
    },
    "2018-06-30": {
        "Diluted EPS": 0.0,
        "Total Revenue": NaN,
        "Gross Profit": NaN,
        "Operating Income": -2,
        "EBIT": -2,
        "Net Income": -1
    },
    "2023-09-30": {
        "Tax Effect Of Unusual Items": 0.0,
        "Tax Rate For Calcs": 0.0,
        "Normalized EBITDA": -135760000.0,
        "Total Unusual Items": NaN,
        "Total Unusual Items Excluding Goodwill": NaN,
        "Net Income From Continuing Operation Net Minority Interest": -119119000.0,
        "Reconciled Depreciation": 458000.0,
        "EBITDA": -135760000.0,
        "EBIT": -136218000.0,
        "Net Interest Income": 16952000.0,
        "Interest Income": 16952000.0,
        "Normalized Income": -119119000.0,
        "Net Income From Continuing And Discontinued Operation": -119119000.0,
        "Total Expenses": 136218000.0,
        "Total Operating Income As Reported": -136218000.0,
        "Diluted Average Shares": 37689144.0,
        "Basic Average Shares": 37689144.0,
        "Diluted EPS": -3.16,
        "Basic EPS": -3.16,
        "Diluted NI Availto Com Stockholders": -119119000.0,
        "Net Income Common Stockholders": -119119000.0,
        "Net Income": -119119000.0,
        "Net Income Including Noncontrolling Interests": -119119000.0,
        "Net Income Continuous Operations": -119119000.0,
        "Tax Provision": 0.0,
        "Pretax Income": -119119000.0,
        "Other Income Expense": 147000.0,
        "Other Non Operating Income Expenses": 147000.0,
        "Special Income Charges": NaN,
        "Impairment Of Capital Assets": NaN,
        "Net Non Operating Interest Income Expense": 16952000.0,
        "Interest Income Non Operating": 16952000.0,
        "Operating Income": -136218000.0,
        "Operating Expense": 136218000.0,
        "Research And Development": 103952000.0,
        "Selling General And Administration": 32266000.0,
        "General And Administrative Expense": 32266000.0,
        "Other Gand A": 14356000.0,
        "Salaries And Wages": 17910000.0,
        "Total Revenue": 0.0,
        "Operating Revenue": 0.0
    },
    "2023-12-31": {
        "Tax Effect Of Unusual Items": 0.0,
        "Tax Rate For Calcs": 0.21,
        "Normalized EBITDA": -129139000.0,
        "Total Unusual Items": NaN,
        "Total Unusual Items Excluding Goodwill": NaN,
        "Net Income From Continuing Operation Net Minority Interest": -113824000.0,
        "Reconciled Depreciation": 447000.0,
        "EBITDA": -129139000.0,
        "EBIT": -129586000.0,
        "Net Interest Income": 16285000.0,
        "Interest Income": 16285000.0,
        "Normalized Income": -113824000.0,
        "Net Income From Continuing And Discontinued Operation": -113824000.0,
        "Total Expenses": 129586000.0,
        "Total Operating Income As Reported": -129586000.0,
        "Diluted Average Shares": 37780998.0,
        "Basic Average Shares": 37780998.0,
        "Diluted EPS": -3.01,
        "Basic EPS": -3.01,
        "Diluted NI Availto Com Stockholders": -113824000.0,
        "Net Income Common Stockholders": -113824000.0,
        "Net Income": -113824000.0,
        "Net Income Including Noncontrolling Interests": -113824000.0,
        "Net Income Continuous Operations": -113824000.0,
        "Tax Provision": 670000.0,
        "Pretax Income": -113154000.0,
        "Other Income Expense": 147000.0,
        "Other Non Operating Income Expenses": 147000.0,
        "Special Income Charges": NaN,
        "Impairment Of Capital Assets": NaN,
        "Net Non Operating Interest Income Expense": 16285000.0,
        "Interest Income Non Operating": 16285000.0,
        "Operating Income": -129586000.0,
        "Operating Expense": 129586000.0,
        "Research And Development": 82192000.0,
        "Selling General And Administration": 47394000.0,
        "General And Administrative Expense": 47394000.0,
        "Other Gand A": 26003000.0,
        "Salaries And Wages": 21391000.0,
        "Total Revenue": 0.0,
        "Operating Revenue": 0.0
    }
}