{
    "2023-03-31": {
        "Tax Effect Of Unusual Items": NaN,
        "Tax Rate For Calcs": NaN,
        "Normalized EBITDA": NaN,
        "Total Unusual Items": NaN,
        "Total Unusual Items Excluding Goodwill": NaN,
        "Net Income From Continuing Operation Net Minority Interest": NaN,
        "Reconciled Depreciation": NaN,
        "Reconciled Cost Of Revenue": NaN,
        "EBITDA": NaN,
        "EBIT": NaN,
        "Net Interest Income": NaN,
        "Interest Income": NaN,
        "Normalized Income": NaN,
        "Net Income From Continuing And Discontinued Operation": NaN,
        "Total Expenses": NaN,
        "Total Operating Income As Reported": NaN,
        "Diluted Average Shares": NaN,
        "Basic Average Shares": NaN,
        "Diluted EPS": NaN,
        "Basic EPS": NaN,
        "Diluted NI Availto Com Stockholders": NaN,
        "Net Income Common Stockholders": NaN,
        "Net Income": NaN,
        "Net Income Including Noncontrolling Interests": NaN,
        "Net Income Continuous Operations": NaN,
        "Tax Provision": NaN,
        "Pretax Income": NaN,
        "Other Income Expense": NaN,
        "Special Income Charges": NaN,
        "Other Special Charges": NaN,
        "Net Non Operating Interest Income Expense": NaN,
        "Total Other Finance Cost": NaN,
        "Interest Income Non Operating": NaN,
        "Operating Income": NaN,
        "Operating Expense": NaN,
        "Research And Development": NaN,
        "Selling General And Administration": NaN,
        "General And Administrative Expense": 24035000.0,
        "Other Gand A": 24035000.0,
        "Gross Profit": NaN,
        "Cost Of Revenue": NaN,
        "Total Revenue": NaN,
        "Operating Revenue": NaN
    },
    "2022-12-31": {
        "Tax Effect Of Unusual Items": NaN,
        "Tax Rate For Calcs": NaN,
        "Normalized EBITDA": NaN,
        "Total Unusual Items": NaN,
        "Total Unusual Items Excluding Goodwill": NaN,
        "Net Income From Continuing Operation Net Minority Interest": NaN,
        "Reconciled Depreciation": NaN,
        "Reconciled Cost Of Revenue": NaN,
        "EBITDA": NaN,
        "EBIT": NaN,
        "Net Interest Income": NaN,
        "Interest Expense": 0.0,
        "Interest Income": NaN,
        "Normalized Income": NaN,
        "Net Income From Continuing And Discontinued Operation": NaN,
        "Total Expenses": NaN,
        "Total Operating Income As Reported": NaN,
        "Diluted Average Shares": NaN,
        "Basic Average Shares": NaN,
        "Diluted EPS": NaN,
        "Basic EPS": NaN,
        "Diluted NI Availto Com Stockholders": NaN,
        "Net Income Common Stockholders": NaN,
        "Net Income": NaN,
        "Net Income Including Noncontrolling Interests": NaN,
        "Net Income Continuous Operations": NaN,
        "Tax Provision": NaN,
        "Pretax Income": NaN,
        "Other Income Expense": NaN,
        "Special Income Charges": NaN,
        "Other Special Charges": NaN,
        "Net Non Operating Interest Income Expense": NaN,
        "Total Other Finance Cost": NaN,
        "Interest Expense Non Operating": 0.0,
        "Interest Income Non Operating": NaN,
        "Operating Income": NaN,
        "Operating Expense": NaN,
        "Research And Development": NaN,
        "Selling General And Administration": NaN,
        "General And Administrative Expense": 24030000.0,
        "Other Gand A": 24030000.0,
        "Gross Profit": NaN,
        "Cost Of Revenue": NaN,
        "Total Revenue": NaN,
        "Operating Revenue": NaN
    },
    "2022-09-30": {
        "Tax Effect Of Unusual Items": NaN,
        "Tax Rate For Calcs": NaN,
        "Normalized EBITDA": NaN,
        "Total Unusual Items": NaN,
        "Total Unusual Items Excluding Goodwill": NaN,
        "Net Income From Continuing Operation Net Minority Interest": NaN,
        "Reconciled Depreciation": NaN,
        "Reconciled Cost Of Revenue": 0.0,
        "EBITDA": NaN,
        "EBIT": NaN,
        "Net Interest Income": NaN,
        "Interest Expense": 0.0,
        "Interest Income": NaN,
        "Normalized Income": NaN,
        "Net Income From Continuing And Discontinued Operation": NaN,
        "Total Expenses": NaN,
        "Total Operating Income As Reported": NaN,
        "Diluted Average Shares": 25619125.0,
        "Basic Average Shares": 25619125.0,
        "Diluted EPS": -1.17,
        "Basic EPS": -1.17,
        "Diluted NI Availto Com Stockholders": NaN,
        "Net Income Common Stockholders": NaN,
        "Net Income": NaN,
        "Net Income Including Noncontrolling Interests": NaN,
        "Net Income Continuous Operations": NaN,
        "Pretax Income": NaN,
        "Other Income Expense": NaN,
        "Special Income Charges": NaN,
        "Other Special Charges": NaN,
        "Net Non Operating Interest Income Expense": NaN,
        "Total Other Finance Cost": NaN,
        "Interest Expense Non Operating": 0.0,
        "Interest Income Non Operating": NaN,
        "Operating Income": NaN,
        "Operating Expense": NaN,
        "Research And Development": NaN,
        "Selling General And Administration": NaN,
        "General And Administrative Expense": 19935000.0,
        "Other Gand A": 19935000.0,
        "Gross Profit": 0.0,
        "Cost Of Revenue": 0.0,
        "Total Revenue": NaN,
        "Operating Revenue": NaN
    },
    "2022-06-30": {
        "Tax Effect Of Unusual Items": 0.0,
        "Tax Rate For Calcs": 0.0,
        "Normalized EBITDA": -27132000.0,
        "Total Unusual Items": 0.0,
        "Total Unusual Items Excluding Goodwill": 0.0,
        "Net Income From Continuing Operation Net Minority Interest": -28108000.0,
        "Reconciled Depreciation": 976000.0,
        "EBITDA": -27132000.0,
        "EBIT": -28108000.0,
        "Net Interest Income": 645000.0,
        "Interest Expense": 0.0,
        "Interest Income": 645000.0,
        "Normalized Income": -28108000.0,
        "Net Income From Continuing And Discontinued Operation": -28108000.0,
        "Total Expenses": 28753000.0,
        "Total Operating Income As Reported": -28753000.0,
        "Diluted Average Shares": 25545167.0,
        "Basic Average Shares": 25545167.0,
        "Diluted EPS": -1.1,
        "Basic EPS": -1.1,
        "Diluted NI Availto Com Stockholders": -28108000.0,
        "Net Income Common Stockholders": -28108000.0,
        "Net Income": -28108000.0,
        "Net Income Including Noncontrolling Interests": -28108000.0,
        "Net Income Continuous Operations": -28108000.0,
        "Pretax Income": -28108000.0,
        "Other Income Expense": NaN,
        "Special Income Charges": 0.0,
        "Other Special Charges": NaN,
        "Net Non Operating Interest Income Expense": 645000.0,
        "Total Other Finance Cost": NaN,
        "Interest Expense Non Operating": 0.0,
        "Interest Income Non Operating": 645000.0,
        "Operating Income": -28753000.0,
        "Operating Expense": 28753000.0,
        "Research And Development": 10890000.0,
        "Selling General And Administration": 17863000.0,
        "General And Administrative Expense": 17863000.0,
        "Other Gand A": 17863000.0,
        "Total Revenue": 0.0,
        "Operating Revenue": 0.0
    },
    "2022-03-31": {
        "Diluted EPS": -1.99,
        "Total Revenue": NaN,
        "Gross Profit": NaN,
        "Operating Income": -50,
        "EBIT": -49,
        "Net Income": -50
    },
    "2021-12-31": {
        "Diluted EPS": -0.95,
        "Total Revenue": NaN,
        "Gross Profit": NaN,
        "Operating Income": -22,
        "EBIT": -21,
        "Net Income": -22
    },
    "2021-09-30": {
        "Diluted EPS": -0.7,
        "Total Revenue": NaN,
        "Gross Profit": NaN,
        "Operating Income": -16,
        "EBIT": -15,
        "Net Income": -16
    },
    "2021-06-30": {
        "Diluted EPS": -0.74,
        "Total Revenue": NaN,
        "Gross Profit": NaN,
        "Operating Income": -16,
        "EBIT": -16,
        "Net Income": -16
    },
    "2021-03-31": {
        "Diluted EPS": -0.74,
        "Total Revenue": NaN,
        "Gross Profit": NaN,
        "Operating Income": -14,
        "EBIT": -14,
        "Net Income": -16
    },
    "2020-12-31": {
        "Diluted EPS": -0.54,
        "Total Revenue": NaN,
        "Gross Profit": NaN,
        "Operating Income": -10,
        "EBIT": -10,
        "Net Income": -10
    },
    "2020-09-30": {
        "Diluted EPS": -0.49,
        "Total Revenue": NaN,
        "Gross Profit": NaN,
        "Operating Income": -10,
        "EBIT": -9,
        "Net Income": -10
    },
    "2020-06-30": {
        "Diluted EPS": -0.37,
        "Total Revenue": NaN,
        "Gross Profit": NaN,
        "Operating Income": -7,
        "EBIT": -6,
        "Net Income": -7
    },
    "2020-03-31": {
        "Diluted EPS": -0.31,
        "Total Revenue": NaN,
        "Gross Profit": NaN,
        "Operating Income": -6,
        "EBIT": -6,
        "Net Income": -5
    },
    "2019-12-31": {
        "Diluted EPS": -0.29,
        "Total Revenue": NaN,
        "Gross Profit": NaN,
        "Operating Income": -6,
        "EBIT": -6,
        "Net Income": -5
    },
    "2019-09-30": {
        "Diluted EPS": -0.25,
        "Total Revenue": NaN,
        "Gross Profit": NaN,
        "Operating Income": -5,
        "EBIT": -5,
        "Net Income": -4
    },
    "2019-06-30": {
        "Diluted EPS": -0.37,
        "Total Revenue": NaN,
        "Gross Profit": NaN,
        "Operating Income": -6,
        "EBIT": -6,
        "Net Income": -5
    },
    "2019-03-31": {
        "Diluted EPS": -0.29,
        "Total Revenue": NaN,
        "Gross Profit": NaN,
        "Operating Income": -5,
        "EBIT": -4,
        "Net Income": -4
    },
    "2018-12-31": {
        "Diluted EPS": -0.28,
        "Total Revenue": NaN,
        "Gross Profit": NaN,
        "Operating Income": -4,
        "EBIT": -4,
        "Net Income": -4
    },
    "2018-09-30": {
        "Diluted EPS": -0.26,
        "Total Revenue": NaN,
        "Gross Profit": NaN,
        "Operating Income": -3,
        "EBIT": -3,
        "Net Income": -3
    },
    "2018-06-30": {
        "Diluted EPS": -0.22,
        "Total Revenue": NaN,
        "Gross Profit": NaN,
        "Operating Income": -2,
        "EBIT": -2,
        "Net Income": -2
    },
    "2018-03-31": {
        "Diluted EPS": -0.21,
        "Total Revenue": NaN,
        "Gross Profit": NaN,
        "Operating Income": -2,
        "EBIT": -2,
        "Net Income": -2
    },
    "2017-12-31": {
        "Diluted EPS": 0.14,
        "Total Revenue": NaN,
        "Gross Profit": NaN,
        "Operating Income": -1,
        "EBIT": -1,
        "Net Income": -1
    },
    "2017-09-30": {
        "Diluted EPS": -1.26,
        "Total Revenue": NaN,
        "Gross Profit": NaN,
        "Operating Income": -2,
        "EBIT": -2,
        "Net Income": -5
    },
    "2017-06-30": {
        "Diluted EPS": -0.22,
        "Total Revenue": NaN,
        "Gross Profit": NaN,
        "Operating Income": -1,
        "EBIT": -1,
        "Net Income": -1
    },
    "2017-03-31": {
        "Diluted EPS": -0.14,
        "Total Revenue": NaN,
        "Gross Profit": NaN,
        "Operating Income": 0,
        "EBIT": 0,
        "Net Income": 0
    },
    "2016-12-31": {
        "Diluted EPS": 0.0,
        "Total Revenue": NaN,
        "Gross Profit": NaN,
        "Operating Income": NaN,
        "EBIT": NaN,
        "Net Income": NaN
    },
    "2016-09-30": {
        "Diluted EPS": -8.48,
        "Total Revenue": NaN,
        "Gross Profit": NaN,
        "Operating Income": 0,
        "EBIT": 0,
        "Net Income": 0
    },
    "2023-06-30": {
        "Tax Effect Of Unusual Items": NaN,
        "Tax Rate For Calcs": NaN,
        "Normalized EBITDA": NaN,
        "Total Unusual Items": NaN,
        "Total Unusual Items Excluding Goodwill": NaN,
        "Net Income From Continuing Operation Net Minority Interest": NaN,
        "Reconciled Depreciation": NaN,
        "Reconciled Cost Of Revenue": NaN,
        "EBITDA": NaN,
        "EBIT": NaN,
        "Net Interest Income": NaN,
        "Interest Income": 4838000.0,
        "Normalized Income": NaN,
        "Net Income From Continuing And Discontinued Operation": NaN,
        "Total Expenses": NaN,
        "Total Operating Income As Reported": NaN,
        "Diluted Average Shares": NaN,
        "Basic Average Shares": NaN,
        "Diluted EPS": NaN,
        "Basic EPS": NaN,
        "Diluted NI Availto Com Stockholders": NaN,
        "Net Income Common Stockholders": NaN,
        "Net Income": NaN,
        "Net Income Including Noncontrolling Interests": NaN,
        "Net Income Continuous Operations": NaN,
        "Tax Provision": 0.0,
        "Pretax Income": NaN,
        "Other Income Expense": NaN,
        "Special Income Charges": NaN,
        "Other Special Charges": NaN,
        "Net Non Operating Interest Income Expense": NaN,
        "Total Other Finance Cost": -4838000.0,
        "Interest Income Non Operating": 4838000.0,
        "Operating Income": NaN,
        "Operating Expense": NaN,
        "Research And Development": NaN,
        "Selling General And Administration": NaN,
        "General And Administrative Expense": 25904000.0,
        "Other Gand A": 25904000.0,
        "Gross Profit": NaN,
        "Cost Of Revenue": NaN,
        "Total Revenue": NaN,
        "Operating Revenue": NaN
    },
    "2023-09-30": {
        "Tax Effect Of Unusual Items": NaN,
        "Tax Rate For Calcs": NaN,
        "Normalized EBITDA": NaN,
        "Total Unusual Items": NaN,
        "Total Unusual Items Excluding Goodwill": NaN,
        "Net Income From Continuing Operation Net Minority Interest": NaN,
        "Reconciled Depreciation": NaN,
        "Reconciled Cost Of Revenue": NaN,
        "EBITDA": NaN,
        "EBIT": NaN,
        "Net Interest Income": NaN,
        "Interest Income": 6740000.0,
        "Normalized Income": NaN,
        "Net Income From Continuing And Discontinued Operation": NaN,
        "Total Expenses": NaN,
        "Total Operating Income As Reported": NaN,
        "Diluted Average Shares": NaN,
        "Basic Average Shares": NaN,
        "Diluted EPS": NaN,
        "Basic EPS": NaN,
        "Diluted NI Availto Com Stockholders": NaN,
        "Net Income Common Stockholders": NaN,
        "Net Income": NaN,
        "Net Income Including Noncontrolling Interests": NaN,
        "Net Income Continuous Operations": NaN,
        "Tax Provision": NaN,
        "Pretax Income": NaN,
        "Other Income Expense": NaN,
        "Special Income Charges": NaN,
        "Other Special Charges": NaN,
        "Net Non Operating Interest Income Expense": NaN,
        "Total Other Finance Cost": -6740000.0,
        "Interest Income Non Operating": 6740000.0,
        "Operating Income": NaN,
        "Operating Expense": NaN,
        "Research And Development": NaN,
        "Selling General And Administration": NaN,
        "General And Administrative Expense": 23697000.0,
        "Other Gand A": 23697000.0,
        "Gross Profit": NaN,
        "Cost Of Revenue": NaN,
        "Total Revenue": NaN,
        "Operating Revenue": NaN
    },
    "2023-12-31": {
        "Tax Effect Of Unusual Items": NaN,
        "Tax Rate For Calcs": NaN,
        "Normalized EBITDA": NaN,
        "Total Unusual Items": NaN,
        "Total Unusual Items Excluding Goodwill": NaN,
        "Net Income From Continuing Operation Net Minority Interest": NaN,
        "Reconciled Depreciation": NaN,
        "Reconciled Cost Of Revenue": NaN,
        "EBITDA": NaN,
        "EBIT": NaN,
        "Net Interest Income": NaN,
        "Interest Income": 7519000.0,
        "Normalized Income": NaN,
        "Net Income From Continuing And Discontinued Operation": NaN,
        "Total Expenses": NaN,
        "Total Operating Income As Reported": NaN,
        "Diluted Average Shares": NaN,
        "Basic Average Shares": NaN,
        "Diluted EPS": NaN,
        "Basic EPS": NaN,
        "Diluted NI Availto Com Stockholders": NaN,
        "Net Income Common Stockholders": NaN,
        "Net Income": NaN,
        "Net Income Including Noncontrolling Interests": NaN,
        "Net Income Continuous Operations": NaN,
        "Tax Provision": NaN,
        "Pretax Income": NaN,
        "Other Income Expense": 0.0,
        "Special Income Charges": NaN,
        "Other Special Charges": 0.0,
        "Net Non Operating Interest Income Expense": NaN,
        "Total Other Finance Cost": NaN,
        "Interest Income Non Operating": 7519000.0,
        "Operating Income": NaN,
        "Operating Expense": NaN,
        "Research And Development": NaN,
        "Selling General And Administration": NaN,
        "Gross Profit": NaN,
        "Cost Of Revenue": NaN,
        "Total Revenue": NaN,
        "Operating Revenue": NaN
    },
    "2024-03-31": {
        "Tax Effect Of Unusual Items": NaN,
        "Tax Rate For Calcs": NaN,
        "Normalized EBITDA": NaN,
        "Total Unusual Items": NaN,
        "Total Unusual Items Excluding Goodwill": NaN,
        "Net Income From Continuing Operation Net Minority Interest": NaN,
        "Reconciled Depreciation": NaN,
        "Reconciled Cost Of Revenue": NaN,
        "EBITDA": NaN,
        "EBIT": NaN,
        "Net Interest Income": NaN,
        "Interest Income": 7616000.0,
        "Normalized Income": NaN,
        "Net Income From Continuing And Discontinued Operation": NaN,
        "Total Expenses": NaN,
        "Total Operating Income As Reported": NaN,
        "Diluted Average Shares": NaN,
        "Basic Average Shares": NaN,
        "Diluted EPS": NaN,
        "Basic EPS": NaN,
        "Diluted NI Availto Com Stockholders": NaN,
        "Net Income Common Stockholders": NaN,
        "Net Income": NaN,
        "Net Income Including Noncontrolling Interests": NaN,
        "Net Income Continuous Operations": NaN,
        "Tax Provision": NaN,
        "Pretax Income": NaN,
        "Other Income Expense": -12500000.0,
        "Special Income Charges": NaN,
        "Other Special Charges": 12500000.0,
        "Net Non Operating Interest Income Expense": NaN,
        "Total Other Finance Cost": -7616000.0,
        "Interest Income Non Operating": 7616000.0,
        "Operating Income": NaN,
        "Operating Expense": NaN,
        "Research And Development": NaN,
        "Selling General And Administration": NaN,
        "Gross Profit": NaN,
        "Cost Of Revenue": NaN,
        "Total Revenue": NaN,
        "Operating Revenue": NaN
    },
    "2024-06-30": {
        "Tax Effect Of Unusual Items": NaN,
        "Tax Rate For Calcs": NaN,
        "Normalized EBITDA": NaN,
        "Total Unusual Items": NaN,
        "Total Unusual Items Excluding Goodwill": NaN,
        "Net Income From Continuing Operation Net Minority Interest": NaN,
        "Reconciled Depreciation": NaN,
        "Reconciled Cost Of Revenue": NaN,
        "EBITDA": NaN,
        "EBIT": NaN,
        "Net Interest Income": NaN,
        "Interest Income": 7479000.0,
        "Normalized Income": NaN,
        "Net Income From Continuing And Discontinued Operation": NaN,
        "Total Expenses": NaN,
        "Total Operating Income As Reported": NaN,
        "Diluted Average Shares": NaN,
        "Basic Average Shares": NaN,
        "Diluted EPS": NaN,
        "Basic EPS": NaN,
        "Diluted NI Availto Com Stockholders": NaN,
        "Net Income Common Stockholders": NaN,
        "Net Income": NaN,
        "Net Income Including Noncontrolling Interests": NaN,
        "Net Income Continuous Operations": NaN,
        "Tax Provision": NaN,
        "Pretax Income": NaN,
        "Other Income Expense": -12500000.0,
        "Special Income Charges": NaN,
        "Other Special Charges": 12500000.0,
        "Net Non Operating Interest Income Expense": NaN,
        "Total Other Finance Cost": NaN,
        "Interest Income Non Operating": 7479000.0,
        "Operating Income": NaN,
        "Operating Expense": NaN,
        "Research And Development": NaN,
        "Selling General And Administration": NaN,
        "Gross Profit": NaN,
        "Cost Of Revenue": NaN,
        "Total Revenue": NaN,
        "Operating Revenue": NaN
    },
    "2024-09-30": {
        "Tax Effect Of Unusual Items": -1087120.830394,
        "Tax Rate For Calcs": 0.08697,
        "Normalized EBITDA": 49001000.0,
        "Total Unusual Items": -12500000.0,
        "Total Unusual Items Excluding Goodwill": -12500000.0,
        "Net Income From Continuing Operation Net Minority Interest": 27180000.0,
        "Reconciled Depreciation": 1529000.0,
        "Reconciled Cost Of Revenue": 6684000.0,
        "EBITDA": 36501000.0,
        "EBIT": 34972000.0,
        "Net Interest Income": 7297000.0,
        "Interest Income": 7297000.0,
        "Normalized Income": 38592879.169606,
        "Net Income From Continuing And Discontinued Operation": 27180000.0,
        "Total Expenses": 48869000.0,
        "Total Operating Income As Reported": 22472000.0,
        "Diluted Average Shares": 29902000.0,
        "Basic Average Shares": 28716000.0,
        "Diluted EPS": 0.91,
        "Basic EPS": 0.95,
        "Diluted NI Availto Com Stockholders": 27180000.0,
        "Net Income Common Stockholders": 27180000.0,
        "Net Income": 27180000.0,
        "Net Income Including Noncontrolling Interests": 27180000.0,
        "Net Income Continuous Operations": 27180000.0,
        "Tax Provision": 2589000.0,
        "Pretax Income": 29769000.0,
        "Other Income Expense": -12500000.0,
        "Special Income Charges": -12500000.0,
        "Other Special Charges": 12500000.0,
        "Net Non Operating Interest Income Expense": 7297000.0,
        "Total Other Finance Cost": -7336000.0,
        "Interest Income Non Operating": 7297000.0,
        "Operating Income": 34972000.0,
        "Operating Expense": 42185000.0,
        "Research And Development": 13512000.0,
        "Selling General And Administration": 28673000.0,
        "Gross Profit": 77157000.0,
        "Cost Of Revenue": 6684000.0,
        "Total Revenue": 83841000.0,
        "Operating Revenue": 83841000.0
    },
    "2024-12-31": {
        "Tax Effect Of Unusual Items": 0.0,
        "Tax Rate For Calcs": 0.064411,
        "Normalized EBITDA": 42934000.0,
        "Total Unusual Items": 0.0,
        "Total Unusual Items Excluding Goodwill": 0.0,
        "Net Income From Continuing Operation Net Minority Interest": 45479000.0,
        "Reconciled Depreciation": 1555000.0,
        "Reconciled Cost Of Revenue": 4949000.0,
        "EBITDA": 42934000.0,
        "EBIT": 41379000.0,
        "Net Interest Income": 7231000.0,
        "Interest Income": NaN,
        "Normalized Income": 45479000.0,
        "Net Income From Continuing And Discontinued Operation": 45479000.0,
        "Total Expenses": 49760000.0,
        "Total Operating Income As Reported": 41379000.0,
        "Diluted Average Shares": 29883000.0,
        "Basic Average Shares": 28755000.0,
        "Diluted EPS": 1.52,
        "Basic EPS": 1.58,
        "Diluted NI Availto Com Stockholders": 45479000.0,
        "Net Income Common Stockholders": 45479000.0,
        "Net Income": 45479000.0,
        "Net Income Including Noncontrolling Interests": 45479000.0,
        "Net Income Continuous Operations": 45479000.0,
        "Tax Provision": 3131000.0,
        "Pretax Income": 48610000.0,
        "Other Income Expense": 0.0,
        "Special Income Charges": 0.0,
        "Other Special Charges": 0.0,
        "Net Non Operating Interest Income Expense": 7231000.0,
        "Total Other Finance Cost": NaN,
        "Interest Income Non Operating": NaN,
        "Operating Income": 41379000.0,
        "Operating Expense": 44811000.0,
        "Research And Development": 13523000.0,
        "Selling General And Administration": 31288000.0,
        "Gross Profit": 86190000.0,
        "Cost Of Revenue": 4949000.0,
        "Total Revenue": 91139000.0,
        "Operating Revenue": 91139000.0
    },
    "2025-03-31": {
        "Tax Effect Of Unusual Items": 0.0,
        "Tax Rate For Calcs": 0.180379,
        "Normalized EBITDA": 37811000.0,
        "Total Unusual Items": 0.0,
        "Total Unusual Items Excluding Goodwill": 0.0,
        "Net Income From Continuing Operation Net Minority Interest": 35733000.0,
        "Reconciled Depreciation": 1634000.0,
        "Reconciled Cost Of Revenue": 5028000.0,
        "EBITDA": 37811000.0,
        "EBIT": 36177000.0,
        "Net Interest Income": 7420000.0,
        "Interest Income": NaN,
        "Normalized Income": 35733000.0,
        "Net Income From Continuing And Discontinued Operation": 35733000.0,
        "Total Expenses": 52006000.0,
        "Total Operating Income As Reported": 36177000.0,
        "Diluted Average Shares": 29871000.0,
        "Basic Average Shares": 28815000.0,
        "Diluted EPS": 1.2,
        "Basic EPS": 1.24,
        "Diluted NI Availto Com Stockholders": 35733000.0,
        "Net Income Common Stockholders": 35733000.0,
        "Net Income": 35733000.0,
        "Net Income Including Noncontrolling Interests": 35733000.0,
        "Net Income Continuous Operations": 35733000.0,
        "Tax Provision": 7864000.0,
        "Pretax Income": 43597000.0,
        "Other Income Expense": NaN,
        "Special Income Charges": 0.0,
        "Other Special Charges": NaN,
        "Net Non Operating Interest Income Expense": 7420000.0,
        "Total Other Finance Cost": -7420000.0,
        "Interest Income Non Operating": NaN,
        "Operating Income": 36177000.0,
        "Operating Expense": 46978000.0,
        "Research And Development": 14255000.0,
        "Selling General And Administration": 32723000.0,
        "Gross Profit": 83155000.0,
        "Cost Of Revenue": 5028000.0,
        "Total Revenue": 88183000.0,
        "Operating Revenue": 88183000.0
    },
    "2025-06-30": {
        "Tax Effect Of Unusual Items": 0.0,
        "Tax Rate For Calcs": 0.180481,
        "Normalized EBITDA": 40850000.0,
        "Total Unusual Items": 0.0,
        "Total Unusual Items Excluding Goodwill": 0.0,
        "Net Income From Continuing Operation Net Minority Interest": 38333000.0,
        "Reconciled Depreciation": 1543000.0,
        "Reconciled Cost Of Revenue": 7165000.0,
        "EBITDA": 40850000.0,
        "EBIT": 39307000.0,
        "Net Interest Income": 7468000.0,
        "Interest Income": 7468000.0,
        "Normalized Income": 38333000.0,
        "Net Income From Continuing And Discontinued Operation": 38333000.0,
        "Total Expenses": 56735000.0,
        "Total Operating Income As Reported": 39307000.0,
        "Diluted Average Shares": 29749000.0,
        "Basic Average Shares": 28910000.0,
        "Diluted EPS": 1.29,
        "Basic EPS": 1.33,
        "Diluted NI Availto Com Stockholders": 38333000.0,
        "Net Income Common Stockholders": 38333000.0,
        "Net Income": 38333000.0,
        "Net Income Including Noncontrolling Interests": 38333000.0,
        "Net Income Continuous Operations": 38333000.0,
        "Tax Provision": 8442000.0,
        "Pretax Income": 46775000.0,
        "Other Income Expense": NaN,
        "Special Income Charges": 0.0,
        "Other Special Charges": NaN,
        "Net Non Operating Interest Income Expense": 7468000.0,
        "Total Other Finance Cost": NaN,
        "Interest Income Non Operating": 7468000.0,
        "Operating Income": 39307000.0,
        "Operating Expense": 49570000.0,
        "Research And Development": 14410000.0,
        "Selling General And Administration": 35160000.0,
        "Gross Profit": 88877000.0,
        "Cost Of Revenue": 7165000.0,
        "Total Revenue": 96042000.0,
        "Operating Revenue": 96042000.0
    },
    "2025-09-30": {
        "Tax Effect Of Unusual Items": 0.0,
        "Tax Rate For Calcs": 0.21,
        "Normalized EBITDA": 42986000.0,
        "Total Unusual Items": 0.0,
        "Total Unusual Items Excluding Goodwill": 0.0,
        "Net Income From Continuing Operation Net Minority Interest": 79365000.0,
        "Reconciled Depreciation": 1612000.0,
        "Reconciled Cost Of Revenue": 4263000.0,
        "EBITDA": 42986000.0,
        "EBIT": 41374000.0,
        "Net Interest Income": 6593000.0,
        "Interest Income": 6593000.0,
        "Normalized Income": 79365000.0,
        "Net Income From Continuing And Discontinued Operation": 79365000.0,
        "Total Expenses": 56426000.0,
        "Total Operating Income As Reported": 41374000.0,
        "Diluted Average Shares": 29833000.0,
        "Basic Average Shares": 28953000.0,
        "Diluted EPS": 2.66,
        "Basic EPS": 2.74,
        "Diluted NI Availto Com Stockholders": 79365000.0,
        "Net Income Common Stockholders": 79365000.0,
        "Net Income": 79365000.0,
        "Net Income Including Noncontrolling Interests": 79365000.0,
        "Net Income Continuous Operations": 79365000.0,
        "Tax Provision": -31398000.0,
        "Pretax Income": 47967000.0,
        "Other Income Expense": NaN,
        "Special Income Charges": 0.0,
        "Other Special Charges": NaN,
        "Net Non Operating Interest Income Expense": 6593000.0,
        "Total Other Finance Cost": NaN,
        "Interest Income Non Operating": 6593000.0,
        "Operating Income": 41374000.0,
        "Operating Expense": 52163000.0,
        "Research And Development": 14585000.0,
        "Selling General And Administration": 37578000.0,
        "Gross Profit": 93537000.0,
        "Cost Of Revenue": 4263000.0,
        "Total Revenue": 97800000.0,
        "Operating Revenue": 97800000.0
    }
}