{
    "2023-03-31": {
        "Tax Effect Of Unusual Items": NaN,
        "Tax Rate For Calcs": NaN,
        "Normalized EBITDA": NaN,
        "Total Unusual Items": NaN,
        "Total Unusual Items Excluding Goodwill": NaN,
        "Net Income From Continuing Operation Net Minority Interest": NaN,
        "Reconciled Depreciation": NaN,
        "Reconciled Cost Of Revenue": NaN,
        "EBITDA": NaN,
        "EBIT": NaN,
        "Net Interest Income": NaN,
        "Interest Expense": 502000.0,
        "Normalized Income": NaN,
        "Net Income From Continuing And Discontinued Operation": NaN,
        "Total Expenses": NaN,
        "Total Operating Income As Reported": NaN,
        "Diluted Average Shares": NaN,
        "Basic Average Shares": NaN,
        "Diluted EPS": NaN,
        "Basic EPS": NaN,
        "Diluted NI Availto Com Stockholders": NaN,
        "Net Income Common Stockholders": NaN,
        "Net Income": NaN,
        "Net Income Including Noncontrolling Interests": NaN,
        "Net Income Continuous Operations": NaN,
        "Tax Provision": NaN,
        "Pretax Income": NaN,
        "Other Income Expense": NaN,
        "Other Non Operating Income Expenses": NaN,
        "Special Income Charges": NaN,
        "Restructuring And Mergern Acquisition": NaN,
        "Gain On Sale Of Security": NaN,
        "Net Non Operating Interest Income Expense": NaN,
        "Total Other Finance Cost": NaN,
        "Interest Expense Non Operating": 502000.0,
        "Operating Income": NaN,
        "Operating Expense": NaN,
        "Research And Development": NaN,
        "Selling General And Administration": NaN,
        "Selling And Marketing Expense": NaN,
        "General And Administrative Expense": NaN,
        "Other Gand A": NaN,
        "Salaries And Wages": NaN,
        "Gross Profit": NaN,
        "Cost Of Revenue": NaN,
        "Total Revenue": NaN,
        "Operating Revenue": NaN
    },
    "2022-12-31": {
        "Tax Effect Of Unusual Items": 0.0,
        "Tax Rate For Calcs": 0.0,
        "Normalized EBITDA": 4690000.0,
        "Total Unusual Items": 2667000.0,
        "Total Unusual Items Excluding Goodwill": 2667000.0,
        "Net Income From Continuing Operation Net Minority Interest": -11676000.0,
        "Reconciled Depreciation": 553000.0,
        "Reconciled Cost Of Revenue": 3530000.0,
        "EBITDA": 7357000.0,
        "EBIT": 6804000.0,
        "Net Interest Income": -325000.0,
        "Interest Expense": NaN,
        "Normalized Income": -14343000.0,
        "Net Income From Continuing And Discontinued Operation": -11676000.0,
        "Total Expenses": 11106000.0,
        "Total Operating Income As Reported": -8756000.0,
        "Diluted Average Shares": NaN,
        "Basic Average Shares": NaN,
        "Diluted EPS": NaN,
        "Basic EPS": NaN,
        "Diluted NI Availto Com Stockholders": -11676000.0,
        "Net Income Common Stockholders": -11676000.0,
        "Net Income": -11676000.0,
        "Net Income Including Noncontrolling Interests": -11676000.0,
        "Net Income Continuous Operations": -11676000.0,
        "Tax Provision": 0.0,
        "Pretax Income": -11676000.0,
        "Other Income Expense": -2595000.0,
        "Other Non Operating Income Expenses": -5262000.0,
        "Special Income Charges": NaN,
        "Restructuring And Mergern Acquisition": NaN,
        "Gain On Sale Of Security": 2667000.0,
        "Net Non Operating Interest Income Expense": -325000.0,
        "Total Other Finance Cost": NaN,
        "Interest Expense Non Operating": NaN,
        "Operating Income": -8756000.0,
        "Operating Expense": 7576000.0,
        "Research And Development": 2466000.0,
        "Selling General And Administration": 5110000.0,
        "Selling And Marketing Expense": 1595000.0,
        "General And Administrative Expense": 3515000.0,
        "Other Gand A": 3515000.0,
        "Salaries And Wages": NaN,
        "Gross Profit": -1180000.0,
        "Cost Of Revenue": 3530000.0,
        "Total Revenue": 2350000.0,
        "Operating Revenue": 2350000.0
    },
    "2022-09-30": {
        "Tax Effect Of Unusual Items": NaN,
        "Tax Rate For Calcs": NaN,
        "Normalized EBITDA": NaN,
        "Total Unusual Items": NaN,
        "Total Unusual Items Excluding Goodwill": NaN,
        "Net Income From Continuing Operation Net Minority Interest": NaN,
        "Reconciled Depreciation": NaN,
        "Reconciled Cost Of Revenue": NaN,
        "EBITDA": NaN,
        "EBIT": NaN,
        "Net Interest Income": NaN,
        "Interest Expense": NaN,
        "Normalized Income": NaN,
        "Net Income From Continuing And Discontinued Operation": NaN,
        "Total Expenses": NaN,
        "Total Operating Income As Reported": NaN,
        "Diluted Average Shares": 36941848.0,
        "Basic Average Shares": 36941848.0,
        "Diluted EPS": -0.14,
        "Basic EPS": -0.14,
        "Diluted NI Availto Com Stockholders": NaN,
        "Net Income Common Stockholders": NaN,
        "Net Income": NaN,
        "Net Income Including Noncontrolling Interests": NaN,
        "Net Income Continuous Operations": NaN,
        "Tax Provision": NaN,
        "Pretax Income": NaN,
        "Other Income Expense": NaN,
        "Other Non Operating Income Expenses": NaN,
        "Special Income Charges": 0.0,
        "Restructuring And Mergern Acquisition": 0.0,
        "Gain On Sale Of Security": NaN,
        "Net Non Operating Interest Income Expense": NaN,
        "Total Other Finance Cost": NaN,
        "Interest Expense Non Operating": NaN,
        "Operating Income": NaN,
        "Operating Expense": NaN,
        "Research And Development": NaN,
        "Selling General And Administration": NaN,
        "Selling And Marketing Expense": NaN,
        "General And Administrative Expense": NaN,
        "Other Gand A": NaN,
        "Salaries And Wages": NaN,
        "Gross Profit": NaN,
        "Cost Of Revenue": NaN,
        "Total Revenue": NaN,
        "Operating Revenue": NaN
    },
    "2022-06-30": {
        "Tax Effect Of Unusual Items": 0.0,
        "Tax Rate For Calcs": 0.0,
        "Normalized EBITDA": -15026000.0,
        "Total Unusual Items": 8125000.0,
        "Total Unusual Items Excluding Goodwill": 8125000.0,
        "Net Income From Continuing Operation Net Minority Interest": 868000.0,
        "Reconciled Depreciation": 333000.0,
        "Reconciled Cost Of Revenue": 1732000.0,
        "EBITDA": -6901000.0,
        "EBIT": -7234000.0,
        "Net Interest Income": 1000.0,
        "Interest Expense": NaN,
        "Normalized Income": -7257000.0,
        "Net Income From Continuing And Discontinued Operation": 868000.0,
        "Total Expenses": 8276000.0,
        "Total Operating Income As Reported": -7234000.0,
        "Diluted Average Shares": 49675996.0,
        "Basic Average Shares": 35730648.0,
        "Diluted EPS": 0.02,
        "Basic EPS": 0.02,
        "Diluted NI Availto Com Stockholders": 868000.0,
        "Net Income Common Stockholders": 868000.0,
        "Net Income": 868000.0,
        "Net Income Including Noncontrolling Interests": 868000.0,
        "Net Income Continuous Operations": 868000.0,
        "Tax Provision": 0.0,
        "Pretax Income": 868000.0,
        "Other Income Expense": 8101000.0,
        "Other Non Operating Income Expenses": -24000.0,
        "Special Income Charges": NaN,
        "Restructuring And Mergern Acquisition": NaN,
        "Gain On Sale Of Security": 8125000.0,
        "Net Non Operating Interest Income Expense": 1000.0,
        "Total Other Finance Cost": -1000.0,
        "Interest Expense Non Operating": NaN,
        "Operating Income": -7234000.0,
        "Operating Expense": 6544000.0,
        "Research And Development": 2075000.0,
        "Selling General And Administration": 4469000.0,
        "Selling And Marketing Expense": 1509000.0,
        "General And Administrative Expense": 2960000.0,
        "Other Gand A": 2960000.0,
        "Salaries And Wages": NaN,
        "Gross Profit": -690000.0,
        "Cost Of Revenue": 1732000.0,
        "Total Revenue": 1042000.0,
        "Operating Revenue": 1042000.0
    },
    "2022-03-31": {
        "Diluted EPS": -0.3,
        "Total Revenue": 1,
        "Gross Profit": -1,
        "Operating Income": -8,
        "EBIT": 1,
        "Net Income": -10
    },
    "2021-12-31": {
        "Diluted EPS": -1.42,
        "Total Revenue": 1,
        "Gross Profit": -1,
        "Operating Income": -9,
        "EBIT": -7,
        "Net Income": -16
    },
    "2021-09-30": {
        "Diluted EPS": -0.5,
        "Total Revenue": 1,
        "Gross Profit": -1,
        "Operating Income": -4,
        "EBIT": -3,
        "Net Income": -5
    },
    "2021-06-30": {
        "Diluted EPS": -1.7,
        "Total Revenue": 1,
        "Gross Profit": 0,
        "Operating Income": -7,
        "EBIT": -6,
        "Net Income": -17
    },
    "2021-03-31": {
        "Diluted EPS": -0.56,
        "Total Revenue": 1,
        "Gross Profit": 0,
        "Operating Income": -5,
        "EBIT": -4,
        "Net Income": -6
    },
    "2020-12-31": {
        "Diluted EPS": 0.0,
        "Total Revenue": NaN,
        "Gross Profit": NaN,
        "Operating Income": NaN,
        "EBIT": NaN,
        "Net Income": NaN
    },
    "2020-09-30": {
        "Diluted EPS": -0.47,
        "Total Revenue": 1,
        "Gross Profit": -1,
        "Operating Income": -4,
        "EBIT": -4,
        "Net Income": -5
    },
    "2023-06-30": {
        "Tax Effect Of Unusual Items": 0.0,
        "Tax Rate For Calcs": 0.0,
        "Normalized EBITDA": -6530000.0,
        "Total Unusual Items": 1188000.0,
        "Total Unusual Items Excluding Goodwill": 1188000.0,
        "Net Income From Continuing Operation Net Minority Interest": -4798000.0,
        "Reconciled Depreciation": 598000.0,
        "Reconciled Cost Of Revenue": 3554000.0,
        "EBITDA": -5342000.0,
        "EBIT": -5940000.0,
        "Net Interest Income": 48000.0,
        "Interest Expense": NaN,
        "Normalized Income": -5986000.0,
        "Net Income From Continuing And Discontinued Operation": -4798000.0,
        "Total Expenses": 9503000.0,
        "Total Operating Income As Reported": -5945000.0,
        "Diluted Average Shares": 1144487.0,
        "Basic Average Shares": 1144487.0,
        "Diluted EPS": -4.0,
        "Basic EPS": -4.0,
        "Diluted NI Availto Com Stockholders": -4798000.0,
        "Net Income Common Stockholders": -4798000.0,
        "Net Income": -4798000.0,
        "Net Income Including Noncontrolling Interests": -4798000.0,
        "Net Income Continuous Operations": -4798000.0,
        "Tax Provision": 0.0,
        "Pretax Income": -4798000.0,
        "Other Income Expense": 1094000.0,
        "Other Non Operating Income Expenses": -94000.0,
        "Special Income Charges": -5000.0,
        "Restructuring And Mergern Acquisition": 5000.0,
        "Gain On Sale Of Security": 1193000.0,
        "Net Non Operating Interest Income Expense": 48000.0,
        "Total Other Finance Cost": -48000.0,
        "Interest Expense Non Operating": NaN,
        "Operating Income": -5940000.0,
        "Operating Expense": 5949000.0,
        "Research And Development": 1482000.0,
        "Selling General And Administration": 4467000.0,
        "Selling And Marketing Expense": 1193000.0,
        "General And Administrative Expense": 3274000.0,
        "Other Gand A": 3274000.0,
        "Salaries And Wages": 499000.0,
        "Gross Profit": 9000.0,
        "Cost Of Revenue": 3554000.0,
        "Total Revenue": 3563000.0,
        "Operating Revenue": 3563000.0
    },
    "2023-09-30": {
        "Tax Effect Of Unusual Items": NaN,
        "Tax Rate For Calcs": NaN,
        "Normalized EBITDA": NaN,
        "Total Unusual Items": NaN,
        "Total Unusual Items Excluding Goodwill": NaN,
        "Net Income From Continuing Operation Net Minority Interest": NaN,
        "Reconciled Depreciation": NaN,
        "Reconciled Cost Of Revenue": NaN,
        "EBITDA": NaN,
        "EBIT": NaN,
        "Net Interest Income": NaN,
        "Interest Expense": NaN,
        "Normalized Income": NaN,
        "Net Income From Continuing And Discontinued Operation": NaN,
        "Total Expenses": NaN,
        "Total Operating Income As Reported": NaN,
        "Diluted Average Shares": 1555271.0,
        "Basic Average Shares": 1555271.0,
        "Diluted EPS": -5.36,
        "Basic EPS": -5.36,
        "Diluted NI Availto Com Stockholders": NaN,
        "Net Income Common Stockholders": NaN,
        "Net Income": NaN,
        "Net Income Including Noncontrolling Interests": NaN,
        "Net Income Continuous Operations": NaN,
        "Tax Provision": NaN,
        "Pretax Income": NaN,
        "Other Income Expense": NaN,
        "Other Non Operating Income Expenses": NaN,
        "Special Income Charges": NaN,
        "Restructuring And Mergern Acquisition": NaN,
        "Gain On Sale Of Security": NaN,
        "Net Non Operating Interest Income Expense": NaN,
        "Total Other Finance Cost": 8000.0,
        "Interest Expense Non Operating": NaN,
        "Operating Income": NaN,
        "Operating Expense": NaN,
        "Research And Development": NaN,
        "Selling General And Administration": NaN,
        "Selling And Marketing Expense": NaN,
        "General And Administrative Expense": NaN,
        "Other Gand A": NaN,
        "Gross Profit": NaN,
        "Cost Of Revenue": NaN,
        "Total Revenue": NaN,
        "Operating Revenue": NaN
    },
    "2024-03-31": {
        "Tax Effect Of Unusual Items": 0.0,
        "Tax Rate For Calcs": 0.0,
        "Normalized EBITDA": -7549000.0,
        "Total Unusual Items": 651000.0,
        "Total Unusual Items Excluding Goodwill": 651000.0,
        "Net Income From Continuing Operation Net Minority Interest": -7592000.0,
        "Reconciled Depreciation": 629000.0,
        "Reconciled Cost Of Revenue": 3699000.0,
        "EBITDA": -6898000.0,
        "EBIT": -7527000.0,
        "Net Interest Income": -65000.0,
        "Interest Expense": 65000.0,
        "Normalized Income": -8243000.0,
        "Net Income From Continuing And Discontinued Operation": -7592000.0,
        "Total Expenses": 10415000.0,
        "Total Operating Income As Reported": -8280000.0,
        "Diluted Average Shares": 1927319.0,
        "Basic Average Shares": 1927319.0,
        "Diluted EPS": -4.0,
        "Basic EPS": -4.0,
        "Diluted NI Availto Com Stockholders": -7592000.0,
        "Net Income Common Stockholders": -7592000.0,
        "Net Income": -7592000.0,
        "Net Income Including Noncontrolling Interests": -7592000.0,
        "Net Income Continuous Operations": -7592000.0,
        "Tax Provision": 0.0,
        "Pretax Income": -7592000.0,
        "Other Income Expense": 634000.0,
        "Other Non Operating Income Expenses": -17000.0,
        "Special Income Charges": -119000.0,
        "Restructuring And Mergern Acquisition": 119000.0,
        "Gain On Sale Of Security": 770000.0,
        "Net Non Operating Interest Income Expense": -65000.0,
        "Total Other Finance Cost": NaN,
        "Interest Expense Non Operating": 65000.0,
        "Operating Income": -8161000.0,
        "Operating Expense": 6716000.0,
        "Research And Development": 1569000.0,
        "Selling General And Administration": 5147000.0,
        "Selling And Marketing Expense": 1506000.0,
        "General And Administrative Expense": 3641000.0,
        "Other Gand A": 3641000.0,
        "Gross Profit": -1445000.0,
        "Cost Of Revenue": 3699000.0,
        "Total Revenue": 2254000.0,
        "Operating Revenue": 2254000.0
    },
    "2024-06-30": {
        "Tax Effect Of Unusual Items": 0.0,
        "Tax Rate For Calcs": 0.0,
        "Normalized EBITDA": -6201000.0,
        "Total Unusual Items": 386000.0,
        "Total Unusual Items Excluding Goodwill": 386000.0,
        "Net Income From Continuing Operation Net Minority Interest": -6271000.0,
        "Reconciled Depreciation": 651000.0,
        "Reconciled Cost Of Revenue": 3761000.0,
        "EBITDA": -5815000.0,
        "EBIT": -6466000.0,
        "Net Interest Income": -128000.0,
        "Interest Expense": NaN,
        "Normalized Income": -6657000.0,
        "Net Income From Continuing And Discontinued Operation": -6271000.0,
        "Total Expenses": 9669000.0,
        "Total Operating Income As Reported": -6761000.0,
        "Diluted Average Shares": 2337266.0,
        "Basic Average Shares": 2337266.0,
        "Diluted EPS": -2.5,
        "Basic EPS": -2.5,
        "Diluted NI Availto Com Stockholders": -6271000.0,
        "Net Income Common Stockholders": -6271000.0,
        "Net Income": -6271000.0,
        "Net Income Including Noncontrolling Interests": -6271000.0,
        "Net Income Continuous Operations": -6271000.0,
        "Tax Provision": 0.0,
        "Pretax Income": -6271000.0,
        "Other Income Expense": 323000.0,
        "Other Non Operating Income Expenses": -63000.0,
        "Special Income Charges": -295000.0,
        "Restructuring And Mergern Acquisition": 295000.0,
        "Gain On Sale Of Security": 681000.0,
        "Net Non Operating Interest Income Expense": -128000.0,
        "Total Other Finance Cost": 128000.0,
        "Interest Expense Non Operating": NaN,
        "Operating Income": -6466000.0,
        "Operating Expense": 5908000.0,
        "Research And Development": 1637000.0,
        "Selling General And Administration": 4271000.0,
        "Selling And Marketing Expense": 1537000.0,
        "General And Administrative Expense": 2734000.0,
        "Other Gand A": 2734000.0,
        "Gross Profit": -558000.0,
        "Cost Of Revenue": 3761000.0,
        "Total Revenue": 3203000.0,
        "Operating Revenue": 3203000.0
    },
    "2024-09-30": {
        "Tax Effect Of Unusual Items": 0.0,
        "Tax Rate For Calcs": 0.0,
        "Normalized EBITDA": -4095000.0,
        "Total Unusual Items": -2999000.0,
        "Total Unusual Items Excluding Goodwill": -2999000.0,
        "Net Income From Continuing Operation Net Minority Interest": -10904000.0,
        "Reconciled Depreciation": 614000.0,
        "Reconciled Cost Of Revenue": 3235000.0,
        "EBITDA": -7094000.0,
        "EBIT": -7708000.0,
        "Net Interest Income": -130000.0,
        "Interest Expense": NaN,
        "Normalized Income": -7905000.0,
        "Net Income From Continuing And Discontinued Operation": -10904000.0,
        "Total Expenses": 10243000.0,
        "Total Operating Income As Reported": -7741000.0,
        "Diluted Average Shares": 3042301.0,
        "Basic Average Shares": 3042301.0,
        "Diluted EPS": -3.58,
        "Basic EPS": -3.58,
        "Diluted NI Availto Com Stockholders": -10904000.0,
        "Net Income Common Stockholders": -10904000.0,
        "Net Income": -10904000.0,
        "Net Income Including Noncontrolling Interests": -10904000.0,
        "Net Income Continuous Operations": -10904000.0,
        "Tax Provision": 0.0,
        "Pretax Income": -10904000.0,
        "Other Income Expense": -3066000.0,
        "Other Non Operating Income Expenses": -67000.0,
        "Special Income Charges": -33000.0,
        "Restructuring And Mergern Acquisition": 33000.0,
        "Gain On Sale Of Security": -2966000.0,
        "Net Non Operating Interest Income Expense": -130000.0,
        "Total Other Finance Cost": 130000.0,
        "Interest Expense Non Operating": NaN,
        "Operating Income": -7708000.0,
        "Operating Expense": 7008000.0,
        "Research And Development": 1770000.0,
        "Selling General And Administration": 5238000.0,
        "Selling And Marketing Expense": 1000000.0,
        "General And Administrative Expense": 4238000.0,
        "Other Gand A": 4238000.0,
        "Gross Profit": -700000.0,
        "Cost Of Revenue": 3235000.0,
        "Total Revenue": 2535000.0,
        "Operating Revenue": 2535000.0
    },
    "2024-12-31": {
        "Tax Effect Of Unusual Items": 0.0,
        "Tax Rate For Calcs": 0.0,
        "Normalized EBITDA": -6047000.0,
        "Total Unusual Items": -63000.0,
        "Total Unusual Items Excluding Goodwill": -63000.0,
        "Net Income From Continuing Operation Net Minority Interest": -6967000.0,
        "Reconciled Depreciation": 723000.0,
        "Reconciled Cost Of Revenue": 3809000.0,
        "EBITDA": -6110000.0,
        "EBIT": -6833000.0,
        "Net Interest Income": -100000.0,
        "Interest Expense": NaN,
        "Normalized Income": -6904000.0,
        "Net Income From Continuing And Discontinued Operation": -6967000.0,
        "Total Expenses": 9646000.0,
        "Total Operating Income As Reported": -6896000.0,
        "Diluted Average Shares": NaN,
        "Basic Average Shares": NaN,
        "Diluted EPS": NaN,
        "Basic EPS": NaN,
        "Diluted NI Availto Com Stockholders": -6967000.0,
        "Net Income Common Stockholders": -6967000.0,
        "Net Income": -6967000.0,
        "Net Income Including Noncontrolling Interests": -6967000.0,
        "Net Income Continuous Operations": -6967000.0,
        "Tax Provision": 0.0,
        "Pretax Income": -6967000.0,
        "Other Income Expense": -34000.0,
        "Other Non Operating Income Expenses": 29000.0,
        "Special Income Charges": -63000.0,
        "Restructuring And Mergern Acquisition": 63000.0,
        "Gain On Sale Of Security": 0.0,
        "Net Non Operating Interest Income Expense": -100000.0,
        "Total Other Finance Cost": 100000.0,
        "Interest Expense Non Operating": NaN,
        "Operating Income": -6833000.0,
        "Operating Expense": 5837000.0,
        "Research And Development": 2085000.0,
        "Selling General And Administration": 3752000.0,
        "Selling And Marketing Expense": 1099000.0,
        "General And Administrative Expense": 2653000.0,
        "Other Gand A": 2653000.0,
        "Gross Profit": -996000.0,
        "Cost Of Revenue": 3809000.0,
        "Total Revenue": 2813000.0,
        "Operating Revenue": 2813000.0
    },
    "2023-12-31": {
        "Tax Effect Of Unusual Items": 0.0,
        "Tax Rate For Calcs": 0.0,
        "Normalized EBITDA": -3059000.0,
        "Total Unusual Items": 895000.0,
        "Total Unusual Items Excluding Goodwill": 895000.0,
        "Net Income From Continuing Operation Net Minority Interest": -6534000.0,
        "Reconciled Depreciation": 603000.0,
        "Reconciled Cost Of Revenue": 4883000.0,
        "EBITDA": -2164000.0,
        "EBIT": -2767000.0,
        "Net Interest Income": -89000.0,
        "Interest Expense": NaN,
        "Normalized Income": -7429000.0,
        "Net Income From Continuing And Discontinued Operation": -6534000.0,
        "Total Expenses": 10352000.0,
        "Total Operating Income As Reported": -7339000.0,
        "Diluted Average Shares": NaN,
        "Basic Average Shares": NaN,
        "Diluted EPS": NaN,
        "Basic EPS": NaN,
        "Diluted NI Availto Com Stockholders": -6534000.0,
        "Net Income Common Stockholders": -6534000.0,
        "Net Income": -6534000.0,
        "Net Income Including Noncontrolling Interests": -6534000.0,
        "Net Income Continuous Operations": -6534000.0,
        "Tax Provision": 0.0,
        "Pretax Income": -6534000.0,
        "Other Income Expense": 894000.0,
        "Other Non Operating Income Expenses": -1000.0,
        "Special Income Charges": 0.0,
        "Restructuring And Mergern Acquisition": 0.0,
        "Gain On Sale Of Security": 895000.0,
        "Net Non Operating Interest Income Expense": -89000.0,
        "Total Other Finance Cost": NaN,
        "Interest Expense Non Operating": NaN,
        "Operating Income": -7339000.0,
        "Operating Expense": 5469000.0,
        "Research And Development": 1569000.0,
        "Selling General And Administration": 3900000.0,
        "Selling And Marketing Expense": 1463000.0,
        "General And Administrative Expense": 2437000.0,
        "Other Gand A": 2437000.0,
        "Gross Profit": -1870000.0,
        "Cost Of Revenue": 4883000.0,
        "Total Revenue": 3013000.0,
        "Operating Revenue": 3013000.0
    }
}