{
    "2023-03-31": {
        "Tax Effect Of Unusual Items": NaN,
        "Tax Rate For Calcs": NaN,
        "Normalized EBITDA": NaN,
        "Total Unusual Items": NaN,
        "Total Unusual Items Excluding Goodwill": NaN,
        "Net Income From Continuing Operation Net Minority Interest": NaN,
        "Reconciled Depreciation": NaN,
        "Reconciled Cost Of Revenue": NaN,
        "EBITDA": NaN,
        "EBIT": NaN,
        "Net Interest Income": NaN,
        "Interest Expense": NaN,
        "Interest Income": NaN,
        "Normalized Income": NaN,
        "Net Income From Continuing And Discontinued Operation": NaN,
        "Total Expenses": NaN,
        "Rent Expense Supplemental": NaN,
        "Total Operating Income As Reported": NaN,
        "Diluted Average Shares": NaN,
        "Basic Average Shares": NaN,
        "Diluted EPS": NaN,
        "Basic EPS": NaN,
        "Diluted NI Availto Com Stockholders": NaN,
        "Average Dilution Earnings": NaN,
        "Net Income Common Stockholders": NaN,
        "Otherunder Preferred Stock Dividend": NaN,
        "Net Income": NaN,
        "Minority Interests": NaN,
        "Net Income Including Noncontrolling Interests": NaN,
        "Net Income Continuous Operations": NaN,
        "Tax Provision": NaN,
        "Pretax Income": NaN,
        "Other Income Expense": NaN,
        "Other Non Operating Income Expenses": NaN,
        "Special Income Charges": NaN,
        "Gain On Sale Of Ppe": NaN,
        "Gain On Sale Of Business": NaN,
        "Other Special Charges": 16850000000.0,
        "Earnings From Equity Interest": NaN,
        "Gain On Sale Of Security": NaN,
        "Net Non Operating Interest Income Expense": NaN,
        "Total Other Finance Cost": NaN,
        "Interest Expense Non Operating": NaN,
        "Interest Income Non Operating": NaN,
        "Operating Income": NaN,
        "Operating Expense": NaN,
        "Other Operating Expenses": NaN,
        "Other Taxes": NaN,
        "Provision For Doubtful Accounts": NaN,
        "Depreciation Amortization Depletion Income Statement": NaN,
        "Depreciation And Amortization In Income Statement": NaN,
        "Amortization": NaN,
        "Amortization Of Intangibles Income Statement": NaN,
        "Depreciation Income Statement": NaN,
        "Research And Development": NaN,
        "Selling General And Administration": NaN,
        "Selling And Marketing Expense": NaN,
        "General And Administrative Expense": NaN,
        "Other Gand A": 1674600000000.0,
        "Insurance And Claims": NaN,
        "Rent And Landing Fees": NaN,
        "Salaries And Wages": NaN,
        "Gross Profit": NaN,
        "Cost Of Revenue": NaN,
        "Total Revenue": NaN,
        "Operating Revenue": NaN
    },
    "2022-12-31": {
        "Tax Effect Of Unusual Items": NaN,
        "Tax Rate For Calcs": NaN,
        "Normalized EBITDA": NaN,
        "Total Unusual Items": NaN,
        "Total Unusual Items Excluding Goodwill": NaN,
        "Net Income From Continuing Operation Net Minority Interest": NaN,
        "Reconciled Depreciation": NaN,
        "Reconciled Cost Of Revenue": NaN,
        "EBITDA": NaN,
        "EBIT": NaN,
        "Net Interest Income": NaN,
        "Interest Expense": NaN,
        "Interest Income": NaN,
        "Normalized Income": NaN,
        "Net Income From Continuing And Discontinued Operation": NaN,
        "Total Expenses": NaN,
        "Rent Expense Supplemental": NaN,
        "Total Operating Income As Reported": NaN,
        "Diluted Average Shares": NaN,
        "Basic Average Shares": NaN,
        "Diluted EPS": NaN,
        "Basic EPS": NaN,
        "Diluted NI Availto Com Stockholders": NaN,
        "Average Dilution Earnings": NaN,
        "Net Income Common Stockholders": NaN,
        "Otherunder Preferred Stock Dividend": NaN,
        "Net Income": NaN,
        "Minority Interests": NaN,
        "Net Income Including Noncontrolling Interests": NaN,
        "Net Income Continuous Operations": NaN,
        "Tax Provision": NaN,
        "Pretax Income": NaN,
        "Other Income Expense": NaN,
        "Other Non Operating Income Expenses": NaN,
        "Special Income Charges": NaN,
        "Gain On Sale Of Ppe": NaN,
        "Gain On Sale Of Business": NaN,
        "Other Special Charges": 3361000000.0,
        "Earnings From Equity Interest": NaN,
        "Gain On Sale Of Security": NaN,
        "Net Non Operating Interest Income Expense": NaN,
        "Total Other Finance Cost": NaN,
        "Interest Expense Non Operating": NaN,
        "Interest Income Non Operating": NaN,
        "Operating Income": NaN,
        "Operating Expense": NaN,
        "Other Operating Expenses": NaN,
        "Other Taxes": NaN,
        "Provision For Doubtful Accounts": NaN,
        "Depreciation Amortization Depletion Income Statement": NaN,
        "Depreciation And Amortization In Income Statement": NaN,
        "Amortization": NaN,
        "Amortization Of Intangibles Income Statement": NaN,
        "Depreciation Income Statement": NaN,
        "Research And Development": 53450000000.0,
        "Selling General And Administration": NaN,
        "Selling And Marketing Expense": NaN,
        "General And Administrative Expense": NaN,
        "Other Gand A": NaN,
        "Insurance And Claims": NaN,
        "Rent And Landing Fees": NaN,
        "Salaries And Wages": NaN,
        "Gross Profit": NaN,
        "Cost Of Revenue": NaN,
        "Total Revenue": NaN,
        "Operating Revenue": NaN
    },
    "2022-09-30": {
        "Tax Effect Of Unusual Items": NaN,
        "Tax Rate For Calcs": NaN,
        "Normalized EBITDA": NaN,
        "Total Unusual Items": -31968000000.0,
        "Total Unusual Items Excluding Goodwill": -31968000000.0,
        "Net Income From Continuing Operation Net Minority Interest": NaN,
        "Reconciled Depreciation": NaN,
        "Reconciled Cost Of Revenue": NaN,
        "EBITDA": NaN,
        "EBIT": NaN,
        "Net Interest Income": 13484000000.0,
        "Interest Expense": NaN,
        "Interest Income": NaN,
        "Normalized Income": NaN,
        "Net Income From Continuing And Discontinued Operation": NaN,
        "Total Expenses": NaN,
        "Rent Expense Supplemental": NaN,
        "Total Operating Income As Reported": NaN,
        "Diluted Average Shares": NaN,
        "Basic Average Shares": NaN,
        "Diluted EPS": NaN,
        "Basic EPS": NaN,
        "Diluted NI Availto Com Stockholders": NaN,
        "Average Dilution Earnings": NaN,
        "Net Income Common Stockholders": NaN,
        "Otherunder Preferred Stock Dividend": NaN,
        "Net Income": NaN,
        "Minority Interests": NaN,
        "Net Income Including Noncontrolling Interests": NaN,
        "Net Income Continuous Operations": NaN,
        "Tax Provision": NaN,
        "Pretax Income": NaN,
        "Other Income Expense": NaN,
        "Other Non Operating Income Expenses": 8918000000.0,
        "Special Income Charges": -16496000000.0,
        "Gain On Sale Of Ppe": NaN,
        "Gain On Sale Of Business": NaN,
        "Other Special Charges": 2377000000.0,
        "Earnings From Equity Interest": NaN,
        "Gain On Sale Of Security": -15472000000.0,
        "Net Non Operating Interest Income Expense": 13484000000.0,
        "Total Other Finance Cost": -15099000000.0,
        "Interest Expense Non Operating": NaN,
        "Interest Income Non Operating": NaN,
        "Operating Income": NaN,
        "Operating Expense": NaN,
        "Other Operating Expenses": NaN,
        "Other Taxes": NaN,
        "Provision For Doubtful Accounts": NaN,
        "Depreciation Amortization Depletion Income Statement": NaN,
        "Depreciation And Amortization In Income Statement": NaN,
        "Amortization": NaN,
        "Amortization Of Intangibles Income Statement": NaN,
        "Depreciation Income Statement": NaN,
        "Research And Development": 42190000000.0,
        "Selling General And Administration": NaN,
        "Selling And Marketing Expense": NaN,
        "General And Administrative Expense": NaN,
        "Other Gand A": 2586000000000.0,
        "Insurance And Claims": NaN,
        "Rent And Landing Fees": NaN,
        "Salaries And Wages": NaN,
        "Gross Profit": NaN,
        "Cost Of Revenue": NaN,
        "Total Revenue": NaN,
        "Operating Revenue": NaN
    },
    "2022-06-30": {
        "Tax Effect Of Unusual Items": 16904726864.247398,
        "Tax Rate For Calcs": 0.326731,
        "Normalized EBITDA": 1498979000000.0,
        "Total Unusual Items": 51739000000.0,
        "Total Unusual Items Excluding Goodwill": 51739000000.0,
        "Net Income From Continuing Operation Net Minority Interest": 313120000000.0,
        "Reconciled Depreciation": 944786000000.0,
        "Reconciled Cost Of Revenue": 2373477000000.0,
        "EBITDA": 1550718000000.0,
        "EBIT": 605932000000.0,
        "Net Interest Income": -27569000000.0,
        "Interest Expense": 66237000000.0,
        "Interest Income": 64572000000.0,
        "Normalized Income": 278285726864.2474,
        "Net Income From Continuing And Discontinued Operation": 313120000000.0,
        "Total Expenses": 5850131000000.0,
        "Rent Expense Supplemental": 36545000000.0,
        "Total Operating Income As Reported": 459171000000.0,
        "Diluted Average Shares": 471921728.0,
        "Basic Average Shares": 471837302.0,
        "Diluted EPS": 662.5,
        "Basic EPS": 663.5,
        "Diluted NI Availto Com Stockholders": 312584000000.0,
        "Average Dilution Earnings": -536000000.0,
        "Net Income Common Stockholders": 313120000000.0,
        "Otherunder Preferred Stock Dividend": NaN,
        "Net Income": 313120000000.0,
        "Minority Interests": -50240000000.0,
        "Net Income Including Noncontrolling Interests": 363360000000.0,
        "Net Income Continuous Operations": 363360000000.0,
        "Tax Provision": 176335000000.0,
        "Pretax Income": 539695000000.0,
        "Other Income Expense": 105243000000.0,
        "Other Non Operating Income Expenses": 32391000000.0,
        "Special Income Charges": -7830000000.0,
        "Gain On Sale Of Ppe": -12047000000.0,
        "Gain On Sale Of Business": 9176000000.0,
        "Other Special Charges": 4959000000.0,
        "Earnings From Equity Interest": 21113000000.0,
        "Gain On Sale Of Security": 59569000000.0,
        "Net Non Operating Interest Income Expense": -27569000000.0,
        "Total Other Finance Cost": 25904000000.0,
        "Interest Expense Non Operating": 66237000000.0,
        "Interest Income Non Operating": 64572000000.0,
        "Operating Income": 462021000000.0,
        "Operating Expense": 3459905000000.0,
        "Other Operating Expenses": 619280000000.0,
        "Other Taxes": 64413000000.0,
        "Provision For Doubtful Accounts": 3189000000.0,
        "Depreciation Amortization Depletion Income Statement": 928037000000.0,
        "Depreciation And Amortization In Income Statement": 928037000000.0,
        "Amortization": 170568000000.0,
        "Amortization Of Intangibles Income Statement": 170568000000.0,
        "Depreciation Income Statement": 757469000000.0,
        "Research And Development": 39169000000.0,
        "Selling General And Administration": 1805817000000.0,
        "Selling And Marketing Expense": 634685000000.0,
        "General And Administrative Expense": 1171132000000.0,
        "Insurance And Claims": 13707000000.0,
        "Rent And Landing Fees": 36545000000.0,
        "Salaries And Wages": 1120880000000.0,
        "Gross Profit": 3921926000000.0,
        "Cost Of Revenue": 2390226000000.0,
        "Total Revenue": 6312152000000.0,
        "Operating Revenue": 6312152000000.0
    },
    "2023-06-30": {
        "Tax Effect Of Unusual Items": NaN,
        "Tax Rate For Calcs": NaN,
        "Normalized EBITDA": NaN,
        "Total Unusual Items": NaN,
        "Total Unusual Items Excluding Goodwill": NaN,
        "Net Income From Continuing Operation Net Minority Interest": NaN,
        "Reconciled Depreciation": NaN,
        "Reconciled Cost Of Revenue": NaN,
        "EBITDA": NaN,
        "EBIT": NaN,
        "Net Interest Income": NaN,
        "Interest Expense": NaN,
        "Interest Income": NaN,
        "Normalized Income": NaN,
        "Net Income From Continuing And Discontinued Operation": NaN,
        "Total Expenses": NaN,
        "Rent Expense Supplemental": NaN,
        "Total Operating Income As Reported": NaN,
        "Diluted Average Shares": NaN,
        "Basic Average Shares": NaN,
        "Diluted EPS": NaN,
        "Basic EPS": NaN,
        "Diluted NI Availto Com Stockholders": NaN,
        "Average Dilution Earnings": NaN,
        "Net Income Common Stockholders": NaN,
        "Otherunder Preferred Stock Dividend": NaN,
        "Net Income": NaN,
        "Minority Interests": NaN,
        "Net Income Including Noncontrolling Interests": NaN,
        "Net Income Continuous Operations": NaN,
        "Tax Provision": NaN,
        "Pretax Income": NaN,
        "Other Income Expense": NaN,
        "Other Non Operating Income Expenses": 1146000000.0,
        "Special Income Charges": NaN,
        "Gain On Sale Of Ppe": NaN,
        "Gain On Sale Of Business": NaN,
        "Other Special Charges": 411000000.0,
        "Earnings From Equity Interest": NaN,
        "Gain On Sale Of Security": NaN,
        "Net Non Operating Interest Income Expense": NaN,
        "Total Other Finance Cost": NaN,
        "Interest Expense Non Operating": NaN,
        "Interest Income Non Operating": NaN,
        "Operating Income": NaN,
        "Operating Expense": NaN,
        "Other Operating Expenses": NaN,
        "Other Taxes": NaN,
        "Provision For Doubtful Accounts": NaN,
        "Depreciation Amortization Depletion Income Statement": NaN,
        "Depreciation And Amortization In Income Statement": NaN,
        "Amortization": NaN,
        "Amortization Of Intangibles Income Statement": NaN,
        "Depreciation Income Statement": NaN,
        "Research And Development": 41690000000.0,
        "Selling General And Administration": NaN,
        "Selling And Marketing Expense": NaN,
        "General And Administrative Expense": NaN,
        "Other Gand A": 1761400000000.0,
        "Insurance And Claims": NaN,
        "Rent And Landing Fees": NaN,
        "Salaries And Wages": NaN,
        "Gross Profit": NaN,
        "Cost Of Revenue": NaN,
        "Total Revenue": NaN,
        "Operating Revenue": NaN
    },
    "2023-09-30": {
        "Tax Effect Of Unusual Items": NaN,
        "Tax Rate For Calcs": NaN,
        "Normalized EBITDA": NaN,
        "Total Unusual Items": NaN,
        "Total Unusual Items Excluding Goodwill": NaN,
        "Net Income From Continuing Operation Net Minority Interest": NaN,
        "Reconciled Depreciation": NaN,
        "Reconciled Cost Of Revenue": NaN,
        "EBITDA": NaN,
        "EBIT": NaN,
        "Net Interest Income": NaN,
        "Interest Expense": NaN,
        "Interest Income": NaN,
        "Normalized Income": NaN,
        "Net Income From Continuing And Discontinued Operation": NaN,
        "Total Expenses": NaN,
        "Rent Expense Supplemental": NaN,
        "Total Operating Income As Reported": NaN,
        "Diluted Average Shares": NaN,
        "Basic Average Shares": NaN,
        "Diluted EPS": NaN,
        "Basic EPS": NaN,
        "Diluted NI Availto Com Stockholders": NaN,
        "Average Dilution Earnings": NaN,
        "Net Income Common Stockholders": NaN,
        "Otherunder Preferred Stock Dividend": 288000000.0,
        "Net Income": NaN,
        "Minority Interests": NaN,
        "Net Income Including Noncontrolling Interests": NaN,
        "Net Income Continuous Operations": NaN,
        "Tax Provision": NaN,
        "Pretax Income": NaN,
        "Other Income Expense": NaN,
        "Other Non Operating Income Expenses": 19604000000.0,
        "Special Income Charges": NaN,
        "Gain On Sale Of Ppe": NaN,
        "Gain On Sale Of Business": NaN,
        "Other Special Charges": 6262000000.0,
        "Earnings From Equity Interest": NaN,
        "Gain On Sale Of Security": NaN,
        "Net Non Operating Interest Income Expense": NaN,
        "Total Other Finance Cost": NaN,
        "Interest Expense Non Operating": NaN,
        "Interest Income Non Operating": NaN,
        "Operating Income": NaN,
        "Operating Expense": NaN,
        "Other Operating Expenses": NaN,
        "Other Taxes": NaN,
        "Provision For Doubtful Accounts": NaN,
        "Depreciation Amortization Depletion Income Statement": NaN,
        "Depreciation And Amortization In Income Statement": NaN,
        "Amortization": NaN,
        "Amortization Of Intangibles Income Statement": NaN,
        "Depreciation Income Statement": NaN,
        "Research And Development": 50246000000.0,
        "Selling General And Administration": NaN,
        "Selling And Marketing Expense": NaN,
        "General And Administrative Expense": NaN,
        "Other Gand A": 2732800000000.0,
        "Insurance And Claims": NaN,
        "Rent And Landing Fees": NaN,
        "Salaries And Wages": NaN,
        "Gross Profit": NaN,
        "Cost Of Revenue": NaN,
        "Total Revenue": NaN,
        "Operating Revenue": NaN
    },
    "2023-12-31": {
        "Tax Effect Of Unusual Items": NaN,
        "Tax Rate For Calcs": NaN,
        "Normalized EBITDA": NaN,
        "Total Unusual Items": NaN,
        "Total Unusual Items Excluding Goodwill": NaN,
        "Net Income From Continuing Operation Net Minority Interest": NaN,
        "Reconciled Depreciation": NaN,
        "Reconciled Cost Of Revenue": NaN,
        "EBITDA": NaN,
        "EBIT": NaN,
        "Net Interest Income": NaN,
        "Interest Expense": NaN,
        "Interest Income": NaN,
        "Normalized Income": NaN,
        "Net Income From Continuing And Discontinued Operation": NaN,
        "Total Expenses": NaN,
        "Rent Expense Supplemental": NaN,
        "Total Operating Income As Reported": NaN,
        "Diluted Average Shares": NaN,
        "Basic Average Shares": NaN,
        "Diluted EPS": NaN,
        "Basic EPS": NaN,
        "Diluted NI Availto Com Stockholders": NaN,
        "Average Dilution Earnings": NaN,
        "Net Income Common Stockholders": NaN,
        "Otherunder Preferred Stock Dividend": -855000000.0,
        "Net Income": NaN,
        "Minority Interests": NaN,
        "Net Income Including Noncontrolling Interests": NaN,
        "Net Income Continuous Operations": NaN,
        "Tax Provision": NaN,
        "Pretax Income": NaN,
        "Other Income Expense": NaN,
        "Other Non Operating Income Expenses": NaN,
        "Special Income Charges": NaN,
        "Gain On Sale Of Ppe": NaN,
        "Gain On Sale Of Business": NaN,
        "Earnings From Equity Interest": NaN,
        "Gain On Sale Of Security": NaN,
        "Net Non Operating Interest Income Expense": NaN,
        "Total Other Finance Cost": NaN,
        "Interest Expense Non Operating": NaN,
        "Interest Income Non Operating": NaN,
        "Operating Income": NaN,
        "Operating Expense": NaN,
        "Other Operating Expenses": NaN,
        "Other Taxes": NaN,
        "Provision For Doubtful Accounts": NaN,
        "Depreciation Amortization Depletion Income Statement": NaN,
        "Depreciation And Amortization In Income Statement": NaN,
        "Amortization": NaN,
        "Amortization Of Intangibles Income Statement": NaN,
        "Depreciation Income Statement": NaN,
        "Research And Development": NaN,
        "Selling General And Administration": NaN,
        "Selling And Marketing Expense": NaN,
        "General And Administrative Expense": NaN,
        "Other Gand A": NaN,
        "Insurance And Claims": NaN,
        "Rent And Landing Fees": NaN,
        "Salaries And Wages": NaN,
        "Gross Profit": NaN,
        "Cost Of Revenue": NaN,
        "Total Revenue": NaN,
        "Operating Revenue": NaN
    },
    "2024-03-31": {
        "Tax Effect Of Unusual Items": NaN,
        "Tax Rate For Calcs": NaN,
        "Normalized EBITDA": NaN,
        "Total Unusual Items": NaN,
        "Total Unusual Items Excluding Goodwill": NaN,
        "Net Income From Continuing Operation Net Minority Interest": NaN,
        "Reconciled Depreciation": NaN,
        "Reconciled Cost Of Revenue": NaN,
        "EBITDA": NaN,
        "EBIT": NaN,
        "Net Interest Income": NaN,
        "Interest Expense": NaN,
        "Interest Income": NaN,
        "Normalized Income": NaN,
        "Net Income From Continuing And Discontinued Operation": NaN,
        "Total Expenses": NaN,
        "Rent Expense Supplemental": 37138000000.0,
        "Total Operating Income As Reported": NaN,
        "Diluted Average Shares": NaN,
        "Basic Average Shares": 492461024.0,
        "Diluted EPS": NaN,
        "Basic EPS": NaN,
        "Diluted NI Availto Com Stockholders": NaN,
        "Average Dilution Earnings": -99000000.0,
        "Net Income Common Stockholders": NaN,
        "Otherunder Preferred Stock Dividend": 256000000.0,
        "Net Income": NaN,
        "Minority Interests": NaN,
        "Net Income Including Noncontrolling Interests": NaN,
        "Net Income Continuous Operations": NaN,
        "Tax Provision": NaN,
        "Pretax Income": NaN,
        "Other Income Expense": NaN,
        "Other Non Operating Income Expenses": 7333000000.0,
        "Special Income Charges": -4675000000.0,
        "Gain On Sale Of Ppe": -4675000000.0,
        "Gain On Sale Of Business": NaN,
        "Earnings From Equity Interest": NaN,
        "Gain On Sale Of Security": NaN,
        "Net Non Operating Interest Income Expense": NaN,
        "Total Other Finance Cost": NaN,
        "Interest Expense Non Operating": NaN,
        "Interest Income Non Operating": NaN,
        "Operating Income": NaN,
        "Operating Expense": NaN,
        "Other Operating Expenses": NaN,
        "Other Taxes": 65291000000.0,
        "Provision For Doubtful Accounts": NaN,
        "Depreciation Amortization Depletion Income Statement": NaN,
        "Depreciation And Amortization In Income Statement": NaN,
        "Amortization": NaN,
        "Amortization Of Intangibles Income Statement": NaN,
        "Depreciation Income Statement": NaN,
        "Research And Development": 51034000000.0,
        "Selling General And Administration": NaN,
        "Selling And Marketing Expense": NaN,
        "General And Administrative Expense": NaN,
        "Other Gand A": 2674200000000.0,
        "Insurance And Claims": 18137000000.0,
        "Rent And Landing Fees": NaN,
        "Salaries And Wages": NaN,
        "Gross Profit": NaN,
        "Cost Of Revenue": NaN,
        "Total Revenue": NaN,
        "Operating Revenue": NaN
    },
    "2024-06-30": {
        "Tax Effect Of Unusual Items": 13186939316.590895,
        "Tax Rate For Calcs": 0.262619,
        "Normalized EBITDA": 1576636000000.0,
        "Total Unusual Items": 50225000000.0,
        "Total Unusual Items Excluding Goodwill": 50225000000.0,
        "Net Income From Continuing Operation Net Minority Interest": 410500000000.0,
        "Reconciled Depreciation": 979113000000.0,
        "Reconciled Cost Of Revenue": 2192627000000.0,
        "EBITDA": 1473113000000.0,
        "EBIT": 647748000000.0,
        "Net Interest Income": -10296000000.0,
        "Interest Expense": 91039000000.0,
        "Interest Income": 78728000000.0,
        "Normalized Income": 355986939316.5909,
        "Net Income From Continuing And Discontinued Operation": 393025000000.0,
        "Total Expenses": 6052400000000.0,
        "Rent Expense Supplemental": 39043000000.0,
        "Total Operating Income As Reported": 493986000000.0,
        "Diluted Average Shares": 491563938.0,
        "Basic Average Shares": 491651550.0,
        "Diluted EPS": 798.5,
        "Basic EPS": 799.0,
        "Diluted NI Availto Com Stockholders": 393025000000.0,
        "Average Dilution Earnings": -142000000.0,
        "Net Income Common Stockholders": 393025000000.0,
        "Otherunder Preferred Stock Dividend": 261000000.0,
        "Net Income": 393025000000.0,
        "Minority Interests": -17516000000.0,
        "Net Income Including Noncontrolling Interests": 410541000000.0,
        "Net Income Continuous Operations": 410541000000.0,
        "Tax Provision": 146200000000.0,
        "Pretax Income": 556709000000.0,
        "Other Income Expense": 79377000000.0,
        "Other Non Operating Income Expenses": 65700000000.0,
        "Special Income Charges": 30378000000.0,
        "Gain On Sale Of Ppe": -20250000000.0,
        "Gain On Sale Of Business": 50628000000.0,
        "Earnings From Equity Interest": -3000000000.0,
        "Gain On Sale Of Security": 19847000000.0,
        "Net Non Operating Interest Income Expense": -10296000000.0,
        "Total Other Finance Cost": -2015000000.0,
        "Interest Expense Non Operating": 91039000000.0,
        "Interest Income Non Operating": 78728000000.0,
        "Operating Income": 487628000000.0,
        "Operating Expense": 4522300000000.0,
        "Other Operating Expenses": 907432000000.0,
        "Other Taxes": 64437000000.0,
        "Provision For Doubtful Accounts": 11214000000.0,
        "Depreciation Amortization Depletion Income Statement": 966166000000.0,
        "Depreciation And Amortization In Income Statement": 966166000000.0,
        "Amortization": 161938000000.0,
        "Amortization Of Intangibles Income Statement": 161938000000.0,
        "Depreciation Income Statement": 804228000000.0,
        "Research And Development": 43144000000.0,
        "Selling General And Administration": 1860804000000.0,
        "Selling And Marketing Expense": 600800000000.0,
        "General And Administrative Expense": 2955300000000.0,
        "Other Gand A": 1742100000000.0,
        "Insurance And Claims": 13504000000.0,
        "Rent And Landing Fees": 39043000000.0,
        "Salaries And Wages": 1213200000000.0,
        "Gross Profit": 4340825000000.0,
        "Cost Of Revenue": 1530100000000.0,
        "Total Revenue": 6546399000000.0,
        "Operating Revenue": 6489158000000.0
    },
    "2024-09-30": {
        "Tax Effect Of Unusual Items": 5089584828.716063,
        "Tax Rate For Calcs": 0.247307,
        "Normalized EBITDA": 1550486000000.0,
        "Total Unusual Items": 20580000000.0,
        "Total Unusual Items Excluding Goodwill": 20580000000.0,
        "Net Income From Continuing Operation Net Minority Interest": 357341000000.0,
        "Reconciled Depreciation": 978798000000.0,
        "Reconciled Cost Of Revenue": 2386394000000.0,
        "EBITDA": 1571066000000.0,
        "EBIT": 592268000000.0,
        "Net Interest Income": -7562000000.0,
        "Interest Expense": 83201000000.0,
        "Interest Income": 74441000000.0,
        "Normalized Income": 341850584828.71606,
        "Net Income From Continuing And Discontinued Operation": 357341000000.0,
        "Total Expenses": 6181274000000.0,
        "Rent Expense Supplemental": 34209000000.0,
        "Total Operating Income As Reported": 464110000000.0,
        "Diluted Average Shares": 491851144.0,
        "Basic Average Shares": 491651550.0,
        "Diluted EPS": 725.5,
        "Basic EPS": 726.5,
        "Diluted NI Availto Com Stockholders": 356862000000.0,
        "Average Dilution Earnings": -213000000.0,
        "Net Income Common Stockholders": 357075000000.0,
        "Otherunder Preferred Stock Dividend": 266000000.0,
        "Net Income": 357341000000.0,
        "Minority Interests": -25830000000.0,
        "Net Income Including Noncontrolling Interests": 383171000000.0,
        "Net Income Continuous Operations": 383171000000.0,
        "Tax Provision": 125896000000.0,
        "Pretax Income": 509067000000.0,
        "Other Income Expense": 43288000000.0,
        "Other Non Operating Income Expenses": 24645000000.0,
        "Special Income Charges": 14036000000.0,
        "Gain On Sale Of Ppe": -3927000000.0,
        "Gain On Sale Of Business": 17963000000.0,
        "Earnings From Equity Interest": -1937000000.0,
        "Gain On Sale Of Security": 6544000000.0,
        "Net Non Operating Interest Income Expense": -7562000000.0,
        "Total Other Finance Cost": -1198000000.0,
        "Interest Expense Non Operating": 83201000000.0,
        "Interest Income Non Operating": 74441000000.0,
        "Operating Income": 473341000000.0,
        "Operating Expense": 3780833000000.0,
        "Other Operating Expenses": 917553000000.0,
        "Other Taxes": 68615000000.0,
        "Provision For Doubtful Accounts": -129000000.0,
        "Depreciation Amortization Depletion Income Statement": 964751000000.0,
        "Depreciation And Amortization In Income Statement": 964751000000.0,
        "Amortization": 156045000000.0,
        "Amortization Of Intangibles Income Statement": 156045000000.0,
        "Depreciation Income Statement": 808706000000.0,
        "Research And Development": 44505000000.0,
        "Selling General And Administration": 1785538000000.0,
        "Selling And Marketing Expense": 612675000000.0,
        "General And Administrative Expense": 1172863000000.0,
        "Other Gand A": NaN,
        "Insurance And Claims": 20320000000.0,
        "Rent And Landing Fees": 34209000000.0,
        "Salaries And Wages": 1118334000000.0,
        "Gross Profit": 4254174000000.0,
        "Cost Of Revenue": 2400441000000.0,
        "Total Revenue": 6654615000000.0,
        "Operating Revenue": 6594289000000.0
    },
    "2024-12-31": {
        "Tax Effect Of Unusual Items": -102432557330.07574,
        "Tax Rate For Calcs": 0.237678,
        "Normalized EBITDA": 487844000000.0,
        "Total Unusual Items": -430972000000.0,
        "Total Unusual Items Excluding Goodwill": -430972000000.0,
        "Net Income From Continuing Operation Net Minority Interest": -666035000000.0,
        "Reconciled Depreciation": 983521000000.0,
        "Reconciled Cost Of Revenue": 2353982000000.0,
        "EBITDA": 56872000000.0,
        "EBIT": -926649000000.0,
        "Net Interest Income": 61043000000.0,
        "Interest Expense": 96601000000.0,
        "Interest Income": 72619000000.0,
        "Normalized Income": -337495557330.07574,
        "Net Income From Continuing And Discontinued Operation": -666035000000.0,
        "Total Expenses": 7116533000000.0,
        "Rent Expense Supplemental": 37217000000.0,
        "Total Operating Income As Reported": -824538000000.0,
        "Diluted Average Shares": 491665892.0,
        "Basic Average Shares": NaN,
        "Diluted EPS": -1266.30708,
        "Basic EPS": -1266.30708,
        "Diluted NI Availto Com Stockholders": -665196000000.0,
        "Average Dilution Earnings": 56000000.0,
        "Net Income Common Stockholders": -665252000000.0,
        "Otherunder Preferred Stock Dividend": NaN,
        "Net Income": -666035000000.0,
        "Minority Interests": 114011000000.0,
        "Net Income Including Noncontrolling Interests": -780046000000.0,
        "Net Income Continuous Operations": -780046000000.0,
        "Tax Provision": -243204000000.0,
        "Pretax Income": -1023250000000.0,
        "Other Income Expense": -491816000000.0,
        "Other Non Operating Income Expenses": NaN,
        "Special Income Charges": -282074000000.0,
        "Gain On Sale Of Ppe": -30735000000.0,
        "Gain On Sale Of Business": -4844000000.0,
        "Earnings From Equity Interest": 3319000000.0,
        "Gain On Sale Of Security": -148898000000.0,
        "Net Non Operating Interest Income Expense": 61043000000.0,
        "Total Other Finance Cost": -85025000000.0,
        "Interest Expense Non Operating": 96601000000.0,
        "Interest Income Non Operating": 72619000000.0,
        "Operating Income": -592477000000.0,
        "Operating Expense": 4752139000000.0,
        "Other Operating Expenses": 823327000000.0,
        "Other Taxes": 66962000000.0,
        "Provision For Doubtful Accounts": 156971000000.0,
        "Depreciation Amortization Depletion Income Statement": 973109000000.0,
        "Depreciation And Amortization In Income Statement": 973109000000.0,
        "Amortization": 154342000000.0,
        "Amortization Of Intangibles Income Statement": 154342000000.0,
        "Depreciation Income Statement": 818767000000.0,
        "Research And Development": NaN,
        "Selling General And Administration": 2870453000000.0,
        "Selling And Marketing Expense": 621105000000.0,
        "General And Administrative Expense": 2249348000000.0,
        "Other Gand A": NaN,
        "Insurance And Claims": 16482000000.0,
        "Rent And Landing Fees": 37217000000.0,
        "Salaries And Wages": 2195649000000.0,
        "Gross Profit": 4159662000000.0,
        "Cost Of Revenue": 2364394000000.0,
        "Total Revenue": 6524056000000.0,
        "Operating Revenue": 6465557000000.0
    },
    "2025-03-31": {
        "Tax Effect Of Unusual Items": 9010776457.86213,
        "Tax Rate For Calcs": 0.203744,
        "Normalized EBITDA": 1743439000000.0,
        "Total Unusual Items": 44226000000.0,
        "Total Unusual Items Excluding Goodwill": 44226000000.0,
        "Net Income From Continuing Operation Net Minority Interest": 539839000000.0,
        "Reconciled Depreciation": 982752000000.0,
        "Reconciled Cost Of Revenue": 2352824000000.0,
        "EBITDA": 1787665000000.0,
        "EBIT": 804913000000.0,
        "Net Interest Income": -28168000000.0,
        "Interest Expense": 93083000000.0,
        "Interest Income": 66266000000.0,
        "Normalized Income": 504623776457.8621,
        "Net Income From Continuing And Discontinued Operation": 539839000000.0,
        "Total Expenses": 6160753000000.0,
        "Rent Expense Supplemental": 39123000000.0,
        "Total Operating Income As Reported": 688771000000.0,
        "Diluted Average Shares": 491709896.0,
        "Basic Average Shares": 491506782.0,
        "Diluted EPS": 1097.0,
        "Basic EPS": 1098.0,
        "Diluted NI Availto Com Stockholders": 539312000000.0,
        "Average Dilution Earnings": -257000000.0,
        "Net Income Common Stockholders": 539569000000.0,
        "Otherunder Preferred Stock Dividend": 270000000.0,
        "Net Income": 539839000000.0,
        "Minority Interests": -26960000000.0,
        "Net Income Including Noncontrolling Interests": 566799000000.0,
        "Net Income Continuous Operations": 566799000000.0,
        "Tax Provision": 145031000000.0,
        "Pretax Income": 711830000000.0,
        "Other Income Expense": 55634000000.0,
        "Other Non Operating Income Expenses": 19636000000.0,
        "Special Income Charges": 11308000000.0,
        "Gain On Sale Of Ppe": -5926000000.0,
        "Gain On Sale Of Business": 17234000000.0,
        "Earnings From Equity Interest": -8228000000.0,
        "Gain On Sale Of Security": 32918000000.0,
        "Net Non Operating Interest Income Expense": -28168000000.0,
        "Total Other Finance Cost": 1351000000.0,
        "Interest Expense Non Operating": 93083000000.0,
        "Interest Income Non Operating": 66266000000.0,
        "Operating Income": 684364000000.0,
        "Operating Expense": 3793853000000.0,
        "Other Operating Expenses": 915827000000.0,
        "Other Taxes": 64441000000.0,
        "Provision For Doubtful Accounts": 4452000000.0,
        "Depreciation Amortization Depletion Income Statement": 968676000000.0,
        "Depreciation And Amortization In Income Statement": 968676000000.0,
        "Amortization": 148351000000.0,
        "Amortization Of Intangibles Income Statement": 148351000000.0,
        "Depreciation Income Statement": 820325000000.0,
        "Research And Development": 61413000000.0,
        "Selling General And Administration": 1779044000000.0,
        "Selling And Marketing Expense": 600936000000.0,
        "General And Administrative Expense": 1178108000000.0,
        "Other Gand A": 2655800000000.0,
        "Insurance And Claims": 17150000000.0,
        "Rent And Landing Fees": 39123000000.0,
        "Salaries And Wages": 1121835000000.0,
        "Gross Profit": 4478217000000.0,
        "Cost Of Revenue": 2366900000000.0,
        "Total Revenue": 6845117000000.0,
        "Operating Revenue": 6785075000000.0
    },
    "2025-06-30": {
        "Tax Effect Of Unusual Items": -4657558424.254484,
        "Tax Rate For Calcs": 0.247861,
        "Normalized EBITDA": 1990700000000.0,
        "Total Unusual Items": -18791000000.0,
        "Total Unusual Items Excluding Goodwill": -18791000000.0,
        "Net Income From Continuing Operation Net Minority Interest": 733300000000.0,
        "Reconciled Depreciation": 990998000000.0,
        "Reconciled Cost Of Revenue": 2606512000000.0,
        "EBITDA": 1990700000000.0,
        "EBIT": 1070689000000.0,
        "Net Interest Income": -29675000000.0,
        "Interest Expense": 95760000000.0,
        "Interest Income": 66615000000.0,
        "Normalized Income": 702074441575.7455,
        "Net Income From Continuing And Discontinued Operation": 687941000000.0,
        "Total Expenses": 6412600000000.0,
        "Rent Expense Supplemental": NaN,
        "Total Operating Income As Reported": 1014818000000.0,
        "Diluted Average Shares": 487676356.0,
        "Basic Average Shares": 486846016.0,
        "Diluted EPS": 1409.5,
        "Basic EPS": 1410.0,
        "Diluted NI Availto Com Stockholders": 687941000000.0,
        "Average Dilution Earnings": NaN,
        "Net Income Common Stockholders": 687941000000.0,
        "Otherunder Preferred Stock Dividend": NaN,
        "Net Income": 687941000000.0,
        "Minority Interests": -45341000000.0,
        "Net Income Including Noncontrolling Interests": 733282000000.0,
        "Net Income Continuous Operations": 733282000000.0,
        "Tax Provision": 241600000000.0,
        "Pretax Income": 974929000000.0,
        "Other Income Expense": -6663000000.0,
        "Other Non Operating Income Expenses": -55700000000.0,
        "Special Income Charges": NaN,
        "Gain On Sale Of Ppe": NaN,
        "Gain On Sale Of Business": -5258000000.0,
        "Earnings From Equity Interest": 15700000000.0,
        "Gain On Sale Of Security": 3316000000.0,
        "Net Non Operating Interest Income Expense": -29675000000.0,
        "Total Other Finance Cost": 530000000.0,
        "Interest Expense Non Operating": 95760000000.0,
        "Interest Income Non Operating": 66615000000.0,
        "Operating Income": 1011267000000.0,
        "Operating Expense": 4374200000000.0,
        "Other Operating Expenses": 911249000000.0,
        "Other Taxes": NaN,
        "Provision For Doubtful Accounts": 3623000000.0,
        "Depreciation Amortization Depletion Income Statement": 975899000000.0,
        "Depreciation And Amortization In Income Statement": 975899000000.0,
        "Amortization": 151367000000.0,
        "Amortization Of Intangibles Income Statement": 151367000000.0,
        "Depreciation Income Statement": 824532000000.0,
        "Research And Development": NaN,
        "Selling General And Administration": 1801608000000.0,
        "Selling And Marketing Expense": 615100000000.0,
        "General And Administrative Expense": 2783200000000.0,
        "Other Gand A": 1663800000000.0,
        "Insurance And Claims": NaN,
        "Rent And Landing Fees": 33944000000.0,
        "Salaries And Wages": 1119400000000.0,
        "Gross Profit": 4805726000000.0,
        "Cost Of Revenue": 2038400000000.0,
        "Total Revenue": 7427337000000.0,
        "Operating Revenue": 7359709000000.0
    }
}