{
    "2023-03-31": {
        "Tax Effect Of Unusual Items": 0.0,
        "Tax Rate For Calcs": 0.0,
        "Normalized EBITDA": -33499000.0,
        "Net Income From Continuing Operation Net Minority Interest": -34069000.0,
        "Reconciled Depreciation": 206000.0,
        "EBITDA": -33499000.0,
        "EBIT": -33705000.0,
        "Net Interest Income": 2497000.0,
        "Interest Expense": 364000.0,
        "Interest Income": 2861000.0,
        "Normalized Income": -34069000.0,
        "Net Income From Continuing And Discontinued Operation": -34069000.0,
        "Total Expenses": 36566000.0,
        "Diluted Average Shares": 68403000.0,
        "Basic Average Shares": 68403000.0,
        "Diluted EPS": -0.5,
        "Basic EPS": -0.5,
        "Diluted NI Availto Com Stockholders": -34069000.0,
        "Net Income Common Stockholders": -34069000.0,
        "Net Income": -34069000.0,
        "Net Income Including Noncontrolling Interests": -34069000.0,
        "Net Income Continuous Operations": -34069000.0,
        "Pretax Income": -34069000.0,
        "Net Non Operating Interest Income Expense": 2497000.0,
        "Interest Expense Non Operating": 364000.0,
        "Interest Income Non Operating": 2861000.0,
        "Operating Income": -36566000.0,
        "Operating Expense": 36566000.0,
        "Research And Development": 25192000.0,
        "Selling General And Administration": 11374000.0,
        "General And Administrative Expense": 11374000.0,
        "Other Gand A": 11374000.0,
        "Total Revenue": 0.0,
        "Operating Revenue": 0.0
    },
    "2022-12-31": {
        "Tax Effect Of Unusual Items": 0.0,
        "Tax Rate For Calcs": 0.0,
        "Normalized EBITDA": -32679000.0,
        "Net Income From Continuing Operation Net Minority Interest": -33114000.0,
        "Reconciled Depreciation": 206000.0,
        "EBITDA": -32679000.0,
        "EBIT": -32885000.0,
        "Net Interest Income": 2042000.0,
        "Interest Expense": 229000.0,
        "Interest Income": 2271000.0,
        "Normalized Income": -33114000.0,
        "Net Income From Continuing And Discontinued Operation": -33114000.0,
        "Total Expenses": 35156000.0,
        "Diluted Average Shares": 67781000.0,
        "Basic Average Shares": 67781000.0,
        "Diluted EPS": -0.49,
        "Basic EPS": -0.49,
        "Diluted NI Availto Com Stockholders": -33114000.0,
        "Net Income Common Stockholders": -33114000.0,
        "Net Income": -33114000.0,
        "Net Income Including Noncontrolling Interests": -33114000.0,
        "Net Income Continuous Operations": -33114000.0,
        "Pretax Income": -33114000.0,
        "Net Non Operating Interest Income Expense": 2042000.0,
        "Interest Expense Non Operating": 229000.0,
        "Interest Income Non Operating": 2271000.0,
        "Operating Income": -35156000.0,
        "Operating Expense": 35156000.0,
        "Research And Development": 22668000.0,
        "Selling General And Administration": 12488000.0,
        "General And Administrative Expense": 12488000.0,
        "Other Gand A": 12488000.0,
        "Total Revenue": 0.0,
        "Operating Revenue": 0.0
    },
    "2022-09-30": {
        "Tax Effect Of Unusual Items": 0.0,
        "Tax Rate For Calcs": 0.0,
        "Normalized EBITDA": -35311000.0,
        "Net Income From Continuing Operation Net Minority Interest": -35504000.0,
        "Reconciled Depreciation": 193000.0,
        "EBITDA": -35311000.0,
        "EBIT": -35504000.0,
        "Net Interest Income": 1090000.0,
        "Interest Expense": 0.0,
        "Interest Income": 1090000.0,
        "Normalized Income": -35504000.0,
        "Net Income From Continuing And Discontinued Operation": -35504000.0,
        "Total Expenses": 36594000.0,
        "Diluted Average Shares": 66889000.0,
        "Basic Average Shares": 66889000.0,
        "Diluted EPS": -0.53,
        "Basic EPS": -0.53,
        "Diluted NI Availto Com Stockholders": -35504000.0,
        "Net Income Common Stockholders": -35504000.0,
        "Net Income": -35504000.0,
        "Net Income Including Noncontrolling Interests": -35504000.0,
        "Net Income Continuous Operations": -35504000.0,
        "Pretax Income": -35504000.0,
        "Other Income Expense": NaN,
        "Other Non Operating Income Expenses": NaN,
        "Net Non Operating Interest Income Expense": 1090000.0,
        "Interest Expense Non Operating": 0.0,
        "Interest Income Non Operating": 1090000.0,
        "Operating Income": -36594000.0,
        "Operating Expense": 36594000.0,
        "Research And Development": 24973000.0,
        "Selling General And Administration": 11621000.0,
        "General And Administrative Expense": 11621000.0,
        "Other Gand A": 11621000.0,
        "Total Revenue": 0.0,
        "Operating Revenue": 0.0
    },
    "2022-06-30": {
        "Tax Effect Of Unusual Items": 0.0,
        "Tax Rate For Calcs": 0.0,
        "Normalized EBITDA": -34586000.0,
        "Net Income From Continuing Operation Net Minority Interest": -34769000.0,
        "Reconciled Depreciation": 183000.0,
        "EBITDA": -34586000.0,
        "EBIT": -34769000.0,
        "Net Interest Income": 564000.0,
        "Interest Expense": 0.0,
        "Interest Income": 564000.0,
        "Normalized Income": -34769000.0,
        "Net Income From Continuing And Discontinued Operation": -34769000.0,
        "Total Expenses": 35333000.0,
        "Diluted Average Shares": 66672000.0,
        "Basic Average Shares": 66672000.0,
        "Diluted EPS": -0.52,
        "Basic EPS": -0.52,
        "Diluted NI Availto Com Stockholders": -34769000.0,
        "Net Income Common Stockholders": -34769000.0,
        "Net Income": -34769000.0,
        "Net Income Including Noncontrolling Interests": -34769000.0,
        "Net Income Continuous Operations": -34769000.0,
        "Pretax Income": -34769000.0,
        "Other Income Expense": NaN,
        "Other Non Operating Income Expenses": NaN,
        "Net Non Operating Interest Income Expense": 564000.0,
        "Interest Expense Non Operating": 0.0,
        "Interest Income Non Operating": 564000.0,
        "Operating Income": -35333000.0,
        "Operating Expense": 35333000.0,
        "Research And Development": 24258000.0,
        "Selling General And Administration": 11075000.0,
        "General And Administrative Expense": 11075000.0,
        "Other Gand A": 11075000.0,
        "Total Revenue": 0.0,
        "Operating Revenue": 0.0
    },
    "2023-06-30": {
        "Tax Effect Of Unusual Items": 0.0,
        "Tax Rate For Calcs": 0.0,
        "Normalized EBITDA": -36574000.0,
        "Net Income From Continuing Operation Net Minority Interest": -37174000.0,
        "Reconciled Depreciation": 213000.0,
        "EBITDA": -36574000.0,
        "EBIT": -36787000.0,
        "Net Interest Income": 2829000.0,
        "Interest Expense": 387000.0,
        "Interest Income": 3216000.0,
        "Normalized Income": -37174000.0,
        "Net Income From Continuing And Discontinued Operation": -37174000.0,
        "Total Expenses": 40003000.0,
        "Diluted Average Shares": 69795000.0,
        "Basic Average Shares": 69795000.0,
        "Diluted EPS": -0.53,
        "Basic EPS": -0.53,
        "Diluted NI Availto Com Stockholders": -37174000.0,
        "Net Income Common Stockholders": -37174000.0,
        "Net Income": -37174000.0,
        "Net Income Including Noncontrolling Interests": -37174000.0,
        "Net Income Continuous Operations": -37174000.0,
        "Pretax Income": -37174000.0,
        "Net Non Operating Interest Income Expense": 2829000.0,
        "Interest Expense Non Operating": 387000.0,
        "Interest Income Non Operating": 3216000.0,
        "Operating Income": -40003000.0,
        "Operating Expense": 40003000.0,
        "Research And Development": 28182000.0,
        "Selling General And Administration": 11821000.0,
        "General And Administrative Expense": 11821000.0,
        "Other Gand A": 11821000.0,
        "Total Revenue": 0.0,
        "Operating Revenue": 0.0
    },
    "2022-03-31": {
        "Diluted EPS": -0.49,
        "Total Revenue": NaN,
        "Gross Profit": NaN,
        "Operating Income": -33,
        "EBIT": -32,
        "Net Income": -32
    },
    "2021-12-31": {
        "Diluted EPS": -0.5,
        "Total Revenue": NaN,
        "Gross Profit": NaN,
        "Operating Income": -33,
        "EBIT": -32,
        "Net Income": -33
    },
    "2021-09-30": {
        "Diluted EPS": -0.5,
        "Total Revenue": NaN,
        "Gross Profit": NaN,
        "Operating Income": -34,
        "EBIT": -32,
        "Net Income": -33
    },
    "2021-06-30": {
        "Diluted EPS": -0.51,
        "Total Revenue": NaN,
        "Gross Profit": NaN,
        "Operating Income": -34,
        "EBIT": -32,
        "Net Income": -34
    },
    "2021-03-31": {
        "Diluted EPS": -0.46,
        "Total Revenue": NaN,
        "Gross Profit": NaN,
        "Operating Income": -31,
        "EBIT": -30,
        "Net Income": -31
    },
    "2020-12-31": {
        "Diluted EPS": -0.45,
        "Total Revenue": NaN,
        "Gross Profit": NaN,
        "Operating Income": -26,
        "EBIT": -26,
        "Net Income": -26
    },
    "2020-09-30": {
        "Diluted EPS": -0.42,
        "Total Revenue": NaN,
        "Gross Profit": NaN,
        "Operating Income": -24,
        "EBIT": -24,
        "Net Income": -24
    },
    "2020-06-30": {
        "Diluted EPS": -0.4,
        "Total Revenue": NaN,
        "Gross Profit": NaN,
        "Operating Income": -21,
        "EBIT": -21,
        "Net Income": -20
    },
    "2020-03-31": {
        "Diluted EPS": -0.42,
        "Total Revenue": NaN,
        "Gross Profit": NaN,
        "Operating Income": -20,
        "EBIT": -20,
        "Net Income": -19
    },
    "2019-12-31": {
        "Diluted EPS": -0.4,
        "Total Revenue": NaN,
        "Gross Profit": NaN,
        "Operating Income": -19,
        "EBIT": -19,
        "Net Income": -18
    },
    "2019-09-30": {
        "Diluted EPS": -0.36,
        "Total Revenue": NaN,
        "Gross Profit": NaN,
        "Operating Income": -18,
        "EBIT": -18,
        "Net Income": -16
    },
    "2019-06-30": {
        "Diluted EPS": -0.38,
        "Total Revenue": NaN,
        "Gross Profit": NaN,
        "Operating Income": -16,
        "EBIT": -16,
        "Net Income": -15
    },
    "2019-03-31": {
        "Diluted EPS": -0.37,
        "Total Revenue": NaN,
        "Gross Profit": NaN,
        "Operating Income": -15,
        "EBIT": -15,
        "Net Income": -14
    },
    "2018-12-31": {
        "Diluted EPS": -0.41,
        "Total Revenue": NaN,
        "Gross Profit": NaN,
        "Operating Income": -17,
        "EBIT": -17,
        "Net Income": -16
    },
    "2018-09-30": {
        "Diluted EPS": -0.4,
        "Total Revenue": NaN,
        "Gross Profit": NaN,
        "Operating Income": -16,
        "EBIT": -17,
        "Net Income": -15
    },
    "2018-06-30": {
        "Diluted EPS": -0.45,
        "Total Revenue": NaN,
        "Gross Profit": NaN,
        "Operating Income": -15,
        "EBIT": -16,
        "Net Income": -15
    },
    "2018-03-31": {
        "Diluted EPS": -0.46,
        "Total Revenue": NaN,
        "Gross Profit": NaN,
        "Operating Income": -15,
        "EBIT": -15,
        "Net Income": -15
    },
    "2017-12-31": {
        "Diluted EPS": -0.35,
        "Total Revenue": NaN,
        "Gross Profit": NaN,
        "Operating Income": -11,
        "EBIT": -11,
        "Net Income": -11
    },
    "2017-09-30": {
        "Diluted EPS": -0.38,
        "Total Revenue": NaN,
        "Gross Profit": NaN,
        "Operating Income": -9,
        "EBIT": -10,
        "Net Income": -9
    },
    "2017-06-30": {
        "Diluted EPS": -0.4,
        "Total Revenue": NaN,
        "Gross Profit": NaN,
        "Operating Income": -8,
        "EBIT": -8,
        "Net Income": -8
    },
    "2017-03-31": {
        "Diluted EPS": -0.39,
        "Total Revenue": NaN,
        "Gross Profit": NaN,
        "Operating Income": -8,
        "EBIT": -8,
        "Net Income": -8
    },
    "2016-12-31": {
        "Diluted EPS": -0.38,
        "Total Revenue": NaN,
        "Gross Profit": NaN,
        "Operating Income": -7,
        "EBIT": -7,
        "Net Income": -7
    },
    "2016-09-30": {
        "Diluted EPS": -0.37,
        "Total Revenue": NaN,
        "Gross Profit": NaN,
        "Operating Income": -7,
        "EBIT": -7,
        "Net Income": -7
    },
    "2016-06-30": {
        "Diluted EPS": -0.36,
        "Total Revenue": NaN,
        "Gross Profit": NaN,
        "Operating Income": -7,
        "EBIT": -7,
        "Net Income": -7
    },
    "2016-03-31": {
        "Diluted EPS": -0.36,
        "Total Revenue": NaN,
        "Gross Profit": NaN,
        "Operating Income": -7,
        "EBIT": -7,
        "Net Income": -7
    },
    "2015-12-31": {
        "Diluted EPS": 0.24,
        "Total Revenue": NaN,
        "Gross Profit": NaN,
        "Operating Income": -7,
        "EBIT": -7,
        "Net Income": -6
    },
    "2015-09-30": {
        "Diluted EPS": -0.57,
        "Total Revenue": NaN,
        "Gross Profit": NaN,
        "Operating Income": -6,
        "EBIT": -6,
        "Net Income": -6
    },
    "2015-06-30": {
        "Diluted EPS": -0.54,
        "Total Revenue": NaN,
        "Gross Profit": NaN,
        "Operating Income": -6,
        "EBIT": -6,
        "Net Income": -6
    },
    "2015-03-31": {
        "Diluted EPS": -1.41,
        "Total Revenue": NaN,
        "Gross Profit": NaN,
        "Operating Income": -5,
        "EBIT": -5,
        "Net Income": -4
    },
    "2014-12-31": {
        "Diluted EPS": 0.0,
        "Total Revenue": NaN,
        "Gross Profit": NaN,
        "Operating Income": NaN,
        "EBIT": NaN,
        "Net Income": NaN
    },
    "2013-12-31": {
        "Diluted EPS": 0.0,
        "Total Revenue": NaN,
        "Gross Profit": NaN,
        "Operating Income": NaN,
        "EBIT": NaN,
        "Net Income": NaN
    },
    "2012-12-31": {
        "Diluted EPS": 0.0,
        "Total Revenue": NaN,
        "Gross Profit": NaN,
        "Operating Income": NaN,
        "EBIT": NaN,
        "Net Income": NaN
    },
    "2011-12-31": {
        "Diluted EPS": 0.0,
        "Total Revenue": NaN,
        "Gross Profit": NaN,
        "Operating Income": NaN,
        "EBIT": NaN,
        "Net Income": NaN
    },
    "2023-09-30": {
        "Tax Effect Of Unusual Items": 0.0,
        "Tax Rate For Calcs": 0.0,
        "Normalized EBITDA": -37982000.0,
        "Net Income From Continuing Operation Net Minority Interest": -38602000.0,
        "Reconciled Depreciation": 216000.0,
        "EBITDA": -37982000.0,
        "EBIT": -38198000.0,
        "Net Interest Income": 3871000.0,
        "Interest Expense": 404000.0,
        "Interest Income": 4275000.0,
        "Normalized Income": -38602000.0,
        "Net Income From Continuing And Discontinued Operation": -38602000.0,
        "Total Expenses": 42473000.0,
        "Diluted Average Shares": 77241000.0,
        "Basic Average Shares": 77241000.0,
        "Diluted EPS": -0.5,
        "Basic EPS": -0.5,
        "Diluted NI Availto Com Stockholders": -38602000.0,
        "Net Income Common Stockholders": -38602000.0,
        "Net Income": -38602000.0,
        "Net Income Including Noncontrolling Interests": -38602000.0,
        "Net Income Continuous Operations": -38602000.0,
        "Pretax Income": -38602000.0,
        "Net Non Operating Interest Income Expense": 3871000.0,
        "Interest Expense Non Operating": 404000.0,
        "Interest Income Non Operating": 4275000.0,
        "Operating Income": -42473000.0,
        "Operating Expense": 42473000.0,
        "Research And Development": 29328000.0,
        "Selling General And Administration": 13145000.0,
        "General And Administrative Expense": 13145000.0,
        "Other Gand A": 13145000.0,
        "Total Revenue": 0.0,
        "Operating Revenue": 0.0
    },
    "2023-12-31": {
        "Tax Effect Of Unusual Items": 0.0,
        "Tax Rate For Calcs": 0.0,
        "Normalized EBITDA": -42178000.0,
        "Net Income From Continuing Operation Net Minority Interest": -42786000.0,
        "Reconciled Depreciation": 214000.0,
        "EBITDA": -42178000.0,
        "EBIT": -42392000.0,
        "Net Interest Income": 3976000.0,
        "Interest Expense": 394000.0,
        "Interest Income": 4370000.0,
        "Normalized Income": -42786000.0,
        "Net Income From Continuing And Discontinued Operation": -42786000.0,
        "Total Expenses": 46762000.0,
        "Diluted Average Shares": 77337000.0,
        "Basic Average Shares": 77337000.0,
        "Diluted EPS": -0.55,
        "Basic EPS": -0.55,
        "Diluted NI Availto Com Stockholders": -42786000.0,
        "Net Income Common Stockholders": -42786000.0,
        "Net Income": -42786000.0,
        "Net Income Including Noncontrolling Interests": -42786000.0,
        "Net Income Continuous Operations": -42786000.0,
        "Pretax Income": -42786000.0,
        "Net Non Operating Interest Income Expense": 3976000.0,
        "Interest Expense Non Operating": 394000.0,
        "Interest Income Non Operating": 4370000.0,
        "Operating Income": -46762000.0,
        "Operating Expense": 46762000.0,
        "Research And Development": 32533000.0,
        "Selling General And Administration": 14229000.0,
        "General And Administrative Expense": 14229000.0,
        "Other Gand A": 14229000.0,
        "Total Revenue": 0.0,
        "Operating Revenue": 0.0
    },
    "2024-03-31": {
        "Tax Effect Of Unusual Items": NaN,
        "Tax Rate For Calcs": NaN,
        "Normalized EBITDA": NaN,
        "Net Income From Continuing Operation Net Minority Interest": NaN,
        "Reconciled Depreciation": NaN,
        "EBITDA": NaN,
        "EBIT": NaN,
        "Net Interest Income": NaN,
        "Interest Expense": NaN,
        "Interest Income": NaN,
        "Normalized Income": NaN,
        "Net Income From Continuing And Discontinued Operation": NaN,
        "Total Expenses": NaN,
        "Diluted Average Shares": NaN,
        "Basic Average Shares": NaN,
        "Diluted EPS": NaN,
        "Basic EPS": NaN,
        "Diluted NI Availto Com Stockholders": NaN,
        "Net Income Common Stockholders": NaN,
        "Net Income": NaN,
        "Net Income Including Noncontrolling Interests": NaN,
        "Net Income Continuous Operations": NaN,
        "Tax Provision": 0.0,
        "Pretax Income": NaN,
        "Net Non Operating Interest Income Expense": NaN,
        "Interest Expense Non Operating": NaN,
        "Interest Income Non Operating": NaN,
        "Operating Income": NaN,
        "Operating Expense": NaN,
        "Research And Development": NaN,
        "Selling General And Administration": NaN,
        "General And Administrative Expense": NaN,
        "Other Gand A": NaN,
        "Total Revenue": NaN,
        "Operating Revenue": NaN
    },
    "2024-06-30": {
        "Tax Effect Of Unusual Items": 0.0,
        "Tax Rate For Calcs": 0.0,
        "Normalized EBITDA": -50229000.0,
        "Net Income From Continuing Operation Net Minority Interest": -50837000.0,
        "Reconciled Depreciation": 202000.0,
        "EBITDA": -50229000.0,
        "EBIT": -50431000.0,
        "Net Interest Income": 5567000.0,
        "Interest Expense": 406000.0,
        "Interest Income": 5973000.0,
        "Normalized Income": -50837000.0,
        "Net Income From Continuing And Discontinued Operation": -50837000.0,
        "Total Expenses": 56404000.0,
        "Diluted Average Shares": 86635000.0,
        "Basic Average Shares": 86635000.0,
        "Diluted EPS": -0.59,
        "Basic EPS": -0.59,
        "Diluted NI Availto Com Stockholders": -50837000.0,
        "Net Income Common Stockholders": -50837000.0,
        "Net Income": -50837000.0,
        "Net Income Including Noncontrolling Interests": -50837000.0,
        "Net Income Continuous Operations": -50837000.0,
        "Tax Provision": 0.0,
        "Pretax Income": -50837000.0,
        "Net Non Operating Interest Income Expense": 5567000.0,
        "Interest Expense Non Operating": 406000.0,
        "Interest Income Non Operating": 5973000.0,
        "Operating Income": -56404000.0,
        "Operating Expense": 56404000.0,
        "Research And Development": 39727000.0,
        "Selling General And Administration": 16677000.0,
        "General And Administrative Expense": 16677000.0,
        "Other Gand A": 16677000.0,
        "Total Revenue": 0.0,
        "Operating Revenue": 0.0
    },
    "2024-09-30": {
        "Tax Effect Of Unusual Items": 0.0,
        "Tax Rate For Calcs": 0.0,
        "Normalized EBITDA": -53784000.0,
        "Net Income From Continuing Operation Net Minority Interest": -54404000.0,
        "Reconciled Depreciation": 208000.0,
        "EBITDA": -53784000.0,
        "EBIT": -53992000.0,
        "Net Interest Income": 5480000.0,
        "Interest Expense": 412000.0,
        "Interest Income": 5892000.0,
        "Normalized Income": -54404000.0,
        "Net Income From Continuing And Discontinued Operation": -54404000.0,
        "Total Expenses": 59884000.0,
        "Diluted Average Shares": 86950000.0,
        "Basic Average Shares": 86950000.0,
        "Diluted EPS": -0.63,
        "Basic EPS": -0.63,
        "Diluted NI Availto Com Stockholders": -54404000.0,
        "Net Income Common Stockholders": -54404000.0,
        "Net Income": -54404000.0,
        "Net Income Including Noncontrolling Interests": -54404000.0,
        "Net Income Continuous Operations": -54404000.0,
        "Tax Provision": NaN,
        "Pretax Income": -54404000.0,
        "Net Non Operating Interest Income Expense": 5480000.0,
        "Interest Expense Non Operating": 412000.0,
        "Interest Income Non Operating": 5892000.0,
        "Operating Income": -59884000.0,
        "Operating Expense": 59884000.0,
        "Research And Development": 41705000.0,
        "Selling General And Administration": 18179000.0,
        "General And Administrative Expense": 18179000.0,
        "Other Gand A": 18179000.0,
        "Total Revenue": 0.0,
        "Operating Revenue": 0.0
    },
    "2024-12-31": {
        "Tax Effect Of Unusual Items": 0.0,
        "Tax Rate For Calcs": 0.0,
        "Normalized EBITDA": -16592000.0,
        "Net Income From Continuing Operation Net Minority Interest": -19217000.0,
        "Reconciled Depreciation": 204000.0,
        "EBITDA": -16592000.0,
        "EBIT": -16796000.0,
        "Net Interest Income": 5256000.0,
        "Interest Expense": 403000.0,
        "Interest Income": 5659000.0,
        "Normalized Income": -19217000.0,
        "Net Income From Continuing And Discontinued Operation": -19217000.0,
        "Total Expenses": 76338000.0,
        "Diluted Average Shares": 87136000.0,
        "Basic Average Shares": 87136000.0,
        "Diluted EPS": -0.22,
        "Basic EPS": -0.22,
        "Diluted NI Availto Com Stockholders": -19217000.0,
        "Net Income Common Stockholders": -19217000.0,
        "Net Income": -19217000.0,
        "Net Income Including Noncontrolling Interests": -19217000.0,
        "Net Income Continuous Operations": -19217000.0,
        "Tax Provision": NaN,
        "Pretax Income": -17199000.0,
        "Net Non Operating Interest Income Expense": 5256000.0,
        "Interest Expense Non Operating": 403000.0,
        "Interest Income Non Operating": 5659000.0,
        "Operating Income": -22455000.0,
        "Operating Expense": 76338000.0,
        "Research And Development": 52267000.0,
        "Selling General And Administration": 24071000.0,
        "General And Administrative Expense": 24071000.0,
        "Other Gand A": 24071000.0,
        "Total Revenue": 53883000.0,
        "Operating Revenue": 53883000.0
    },
    "2025-03-31": {
        "Tax Effect Of Unusual Items": 0.0,
        "Tax Rate For Calcs": 0.21,
        "Normalized EBITDA": -56580000.0,
        "Net Income From Continuing Operation Net Minority Interest": -57429000.0,
        "Reconciled Depreciation": 241000.0,
        "EBITDA": -56580000.0,
        "EBIT": -56821000.0,
        "Net Interest Income": 7497000.0,
        "Interest Expense": 382000.0,
        "Interest Income": 7879000.0,
        "Normalized Income": -57429000.0,
        "Net Income From Continuing And Discontinued Operation": -57429000.0,
        "Total Expenses": 78808000.0,
        "Diluted Average Shares": 87415000.0,
        "Basic Average Shares": 87415000.0,
        "Diluted EPS": -0.66,
        "Basic EPS": -0.66,
        "Diluted NI Availto Com Stockholders": -57429000.0,
        "Net Income Common Stockholders": -57429000.0,
        "Net Income": -57429000.0,
        "Net Income Including Noncontrolling Interests": -57429000.0,
        "Net Income Continuous Operations": -57429000.0,
        "Tax Provision": 226000.0,
        "Pretax Income": -57203000.0,
        "Net Non Operating Interest Income Expense": 7497000.0,
        "Interest Expense Non Operating": 382000.0,
        "Interest Income Non Operating": 7879000.0,
        "Operating Income": -64700000.0,
        "Operating Expense": 78808000.0,
        "Research And Development": 55973000.0,
        "Selling General And Administration": 22835000.0,
        "General And Administrative Expense": 22835000.0,
        "Other Gand A": 22835000.0,
        "Total Revenue": 14108000.0,
        "Operating Revenue": 14108000.0
    },
    "2025-06-30": {
        "Tax Effect Of Unusual Items": 0.0,
        "Tax Rate For Calcs": 0.0,
        "Normalized EBITDA": -65507000.0,
        "Net Income From Continuing Operation Net Minority Interest": -66122000.0,
        "Reconciled Depreciation": 224000.0,
        "EBITDA": -65507000.0,
        "EBIT": -65731000.0,
        "Net Interest Income": 6544000.0,
        "Interest Expense": 391000.0,
        "Interest Income": 6935000.0,
        "Normalized Income": -66122000.0,
        "Net Income From Continuing And Discontinued Operation": -66122000.0,
        "Total Expenses": 87954000.0,
        "Diluted Average Shares": 87586000.0,
        "Basic Average Shares": 87586000.0,
        "Diluted EPS": -0.75,
        "Basic EPS": -0.75,
        "Diluted NI Availto Com Stockholders": -66122000.0,
        "Net Income Common Stockholders": -66122000.0,
        "Net Income": -66122000.0,
        "Net Income Including Noncontrolling Interests": -66122000.0,
        "Net Income Continuous Operations": -66122000.0,
        "Tax Provision": 0.0,
        "Pretax Income": -66122000.0,
        "Net Non Operating Interest Income Expense": 6544000.0,
        "Interest Expense Non Operating": 391000.0,
        "Interest Income Non Operating": 6935000.0,
        "Operating Income": -72666000.0,
        "Operating Expense": 87954000.0,
        "Research And Development": 62785000.0,
        "Selling General And Administration": 25169000.0,
        "General And Administrative Expense": 25169000.0,
        "Other Gand A": 25169000.0,
        "Total Revenue": 15288000.0,
        "Operating Revenue": 15288000.0
    }
}