{
    "2024-03-31": {
        "Tax Effect Of Unusual Items": NaN,
        "Tax Rate For Calcs": NaN,
        "Normalized EBITDA": NaN,
        "Total Unusual Items": NaN,
        "Total Unusual Items Excluding Goodwill": NaN,
        "Net Income From Continuing Operation Net Minority Interest": NaN,
        "Reconciled Depreciation": NaN,
        "Reconciled Cost Of Revenue": NaN,
        "EBITDA": NaN,
        "EBIT": NaN,
        "Net Interest Income": NaN,
        "Interest Expense": NaN,
        "Interest Income": 14000000.0,
        "Normalized Income": NaN,
        "Net Income From Continuing And Discontinued Operation": NaN,
        "Total Expenses": NaN,
        "Total Operating Income As Reported": NaN,
        "Diluted Average Shares": NaN,
        "Basic Average Shares": NaN,
        "Diluted EPS": NaN,
        "Basic EPS": NaN,
        "Diluted NI Availto Com Stockholders": NaN,
        "Net Income Common Stockholders": NaN,
        "Net Income": NaN,
        "Net Income Including Noncontrolling Interests": NaN,
        "Net Income Continuous Operations": NaN,
        "Tax Provision": NaN,
        "Pretax Income": NaN,
        "Other Income Expense": NaN,
        "Other Non Operating Income Expenses": NaN,
        "Special Income Charges": NaN,
        "Gain On Sale Of Ppe": 0.0,
        "Other Special Charges": 2000000.0,
        "Write Off": NaN,
        "Impairment Of Capital Assets": 68000000.0,
        "Restructuring And Mergern Acquisition": NaN,
        "Gain On Sale Of Security": NaN,
        "Net Non Operating Interest Income Expense": NaN,
        "Interest Expense Non Operating": NaN,
        "Interest Income Non Operating": 14000000.0,
        "Operating Income": NaN,
        "Operating Expense": NaN,
        "Other Operating Expenses": NaN,
        "Other Taxes": NaN,
        "Selling General And Administration": NaN,
        "Gross Profit": NaN,
        "Cost Of Revenue": NaN,
        "Total Revenue": NaN,
        "Operating Revenue": NaN
    },
    "2023-12-31": {
        "Tax Effect Of Unusual Items": NaN,
        "Tax Rate For Calcs": NaN,
        "Normalized EBITDA": NaN,
        "Total Unusual Items": NaN,
        "Total Unusual Items Excluding Goodwill": NaN,
        "Net Income From Continuing Operation Net Minority Interest": NaN,
        "Reconciled Depreciation": NaN,
        "Reconciled Cost Of Revenue": NaN,
        "EBITDA": NaN,
        "EBIT": NaN,
        "Net Interest Income": NaN,
        "Interest Expense": NaN,
        "Interest Income": NaN,
        "Normalized Income": NaN,
        "Net Income From Continuing And Discontinued Operation": NaN,
        "Total Expenses": NaN,
        "Total Operating Income As Reported": NaN,
        "Diluted Average Shares": NaN,
        "Basic Average Shares": NaN,
        "Diluted EPS": NaN,
        "Basic EPS": NaN,
        "Diluted NI Availto Com Stockholders": NaN,
        "Net Income Common Stockholders": NaN,
        "Net Income": NaN,
        "Net Income Including Noncontrolling Interests": NaN,
        "Net Income Continuous Operations": NaN,
        "Tax Provision": NaN,
        "Pretax Income": NaN,
        "Other Income Expense": NaN,
        "Other Non Operating Income Expenses": NaN,
        "Special Income Charges": NaN,
        "Gain On Sale Of Ppe": 0.0,
        "Other Special Charges": 6000000.0,
        "Write Off": NaN,
        "Impairment Of Capital Assets": NaN,
        "Restructuring And Mergern Acquisition": NaN,
        "Gain On Sale Of Security": NaN,
        "Net Non Operating Interest Income Expense": NaN,
        "Interest Expense Non Operating": NaN,
        "Interest Income Non Operating": NaN,
        "Operating Income": NaN,
        "Operating Expense": NaN,
        "Other Operating Expenses": NaN,
        "Other Taxes": NaN,
        "Selling General And Administration": NaN,
        "Gross Profit": NaN,
        "Cost Of Revenue": NaN,
        "Total Revenue": NaN,
        "Operating Revenue": NaN
    },
    "2023-09-30": {
        "Tax Effect Of Unusual Items": NaN,
        "Tax Rate For Calcs": NaN,
        "Normalized EBITDA": NaN,
        "Total Unusual Items": NaN,
        "Total Unusual Items Excluding Goodwill": NaN,
        "Net Income From Continuing Operation Net Minority Interest": NaN,
        "Reconciled Depreciation": NaN,
        "Reconciled Cost Of Revenue": NaN,
        "EBITDA": NaN,
        "EBIT": NaN,
        "Net Interest Income": NaN,
        "Interest Expense": NaN,
        "Interest Income": NaN,
        "Normalized Income": NaN,
        "Net Income From Continuing And Discontinued Operation": NaN,
        "Total Expenses": NaN,
        "Total Operating Income As Reported": NaN,
        "Diluted Average Shares": NaN,
        "Basic Average Shares": NaN,
        "Diluted EPS": NaN,
        "Basic EPS": NaN,
        "Diluted NI Availto Com Stockholders": NaN,
        "Net Income Common Stockholders": NaN,
        "Net Income": NaN,
        "Net Income Including Noncontrolling Interests": NaN,
        "Net Income Continuous Operations": NaN,
        "Tax Provision": NaN,
        "Pretax Income": NaN,
        "Other Income Expense": NaN,
        "Other Non Operating Income Expenses": NaN,
        "Special Income Charges": NaN,
        "Gain On Sale Of Ppe": NaN,
        "Other Special Charges": NaN,
        "Write Off": NaN,
        "Impairment Of Capital Assets": NaN,
        "Restructuring And Mergern Acquisition": NaN,
        "Gain On Sale Of Security": NaN,
        "Net Non Operating Interest Income Expense": NaN,
        "Interest Expense Non Operating": NaN,
        "Interest Income Non Operating": NaN,
        "Operating Income": NaN,
        "Operating Expense": NaN,
        "Other Operating Expenses": NaN,
        "Other Taxes": 0.0,
        "Selling General And Administration": NaN,
        "Gross Profit": NaN,
        "Cost Of Revenue": NaN,
        "Total Revenue": NaN,
        "Operating Revenue": NaN
    },
    "2023-06-30": {
        "Tax Effect Of Unusual Items": NaN,
        "Tax Rate For Calcs": NaN,
        "Normalized EBITDA": NaN,
        "Total Unusual Items": NaN,
        "Total Unusual Items Excluding Goodwill": NaN,
        "Net Income From Continuing Operation Net Minority Interest": NaN,
        "Reconciled Depreciation": NaN,
        "Reconciled Cost Of Revenue": NaN,
        "EBITDA": NaN,
        "EBIT": NaN,
        "Net Interest Income": NaN,
        "Interest Expense": NaN,
        "Normalized Income": NaN,
        "Net Income From Continuing And Discontinued Operation": NaN,
        "Total Expenses": NaN,
        "Total Operating Income As Reported": NaN,
        "Diluted Average Shares": NaN,
        "Basic Average Shares": NaN,
        "Diluted EPS": NaN,
        "Basic EPS": NaN,
        "Diluted NI Availto Com Stockholders": NaN,
        "Net Income Common Stockholders": NaN,
        "Net Income": NaN,
        "Net Income Including Noncontrolling Interests": NaN,
        "Net Income Continuous Operations": NaN,
        "Tax Provision": NaN,
        "Pretax Income": NaN,
        "Other Income Expense": NaN,
        "Other Non Operating Income Expenses": NaN,
        "Special Income Charges": NaN,
        "Gain On Sale Of Ppe": NaN,
        "Other Special Charges": NaN,
        "Write Off": 0.0,
        "Impairment Of Capital Assets": 0.0,
        "Restructuring And Mergern Acquisition": NaN,
        "Gain On Sale Of Security": NaN,
        "Net Non Operating Interest Income Expense": NaN,
        "Interest Expense Non Operating": NaN,
        "Operating Income": NaN,
        "Operating Expense": NaN,
        "Other Operating Expenses": NaN,
        "Other Taxes": NaN,
        "Selling General And Administration": NaN,
        "Gross Profit": NaN,
        "Cost Of Revenue": NaN,
        "Total Revenue": NaN,
        "Operating Revenue": NaN
    },
    "2023-03-31": {
        "Tax Effect Of Unusual Items": NaN,
        "Tax Rate For Calcs": NaN,
        "Normalized EBITDA": NaN,
        "Total Unusual Items": NaN,
        "Total Unusual Items Excluding Goodwill": NaN,
        "Net Income From Continuing Operation Net Minority Interest": NaN,
        "Reconciled Depreciation": NaN,
        "Reconciled Cost Of Revenue": NaN,
        "EBITDA": NaN,
        "EBIT": NaN,
        "Net Interest Income": NaN,
        "Interest Expense": NaN,
        "Normalized Income": NaN,
        "Net Income From Continuing And Discontinued Operation": NaN,
        "Total Expenses": NaN,
        "Total Operating Income As Reported": NaN,
        "Diluted Average Shares": NaN,
        "Basic Average Shares": NaN,
        "Diluted EPS": NaN,
        "Basic EPS": NaN,
        "Diluted NI Availto Com Stockholders": NaN,
        "Net Income Common Stockholders": NaN,
        "Net Income": NaN,
        "Net Income Including Noncontrolling Interests": NaN,
        "Net Income Continuous Operations": NaN,
        "Tax Provision": NaN,
        "Pretax Income": NaN,
        "Other Income Expense": NaN,
        "Other Non Operating Income Expenses": NaN,
        "Special Income Charges": NaN,
        "Gain On Sale Of Ppe": NaN,
        "Other Special Charges": NaN,
        "Write Off": NaN,
        "Impairment Of Capital Assets": 0.0,
        "Restructuring And Mergern Acquisition": NaN,
        "Gain On Sale Of Security": NaN,
        "Net Non Operating Interest Income Expense": NaN,
        "Interest Expense Non Operating": NaN,
        "Operating Income": NaN,
        "Operating Expense": NaN,
        "Other Operating Expenses": NaN,
        "Other Taxes": NaN,
        "Selling General And Administration": NaN,
        "Gross Profit": NaN,
        "Cost Of Revenue": NaN,
        "Total Revenue": NaN,
        "Operating Revenue": NaN
    },
    "2022-12-31": {
        "Tax Effect Of Unusual Items": NaN,
        "Tax Rate For Calcs": NaN,
        "Normalized EBITDA": NaN,
        "Total Unusual Items": NaN,
        "Total Unusual Items Excluding Goodwill": NaN,
        "Net Income From Continuing Operation Net Minority Interest": NaN,
        "Reconciled Depreciation": NaN,
        "Reconciled Cost Of Revenue": NaN,
        "EBITDA": NaN,
        "EBIT": NaN,
        "Net Interest Income": NaN,
        "Interest Expense": NaN,
        "Normalized Income": NaN,
        "Net Income From Continuing And Discontinued Operation": NaN,
        "Total Expenses": NaN,
        "Total Operating Income As Reported": NaN,
        "Diluted Average Shares": NaN,
        "Basic Average Shares": NaN,
        "Diluted EPS": NaN,
        "Basic EPS": NaN,
        "Diluted NI Availto Com Stockholders": NaN,
        "Net Income Common Stockholders": NaN,
        "Net Income": NaN,
        "Net Income Including Noncontrolling Interests": NaN,
        "Net Income Continuous Operations": NaN,
        "Tax Provision": NaN,
        "Pretax Income": NaN,
        "Other Income Expense": NaN,
        "Other Non Operating Income Expenses": NaN,
        "Special Income Charges": NaN,
        "Gain On Sale Of Ppe": NaN,
        "Other Special Charges": -8000000.0,
        "Write Off": NaN,
        "Impairment Of Capital Assets": NaN,
        "Restructuring And Mergern Acquisition": NaN,
        "Gain On Sale Of Security": NaN,
        "Net Non Operating Interest Income Expense": NaN,
        "Interest Expense Non Operating": NaN,
        "Operating Income": NaN,
        "Operating Expense": NaN,
        "Other Operating Expenses": NaN,
        "Selling General And Administration": NaN,
        "Gross Profit": NaN,
        "Cost Of Revenue": NaN,
        "Total Revenue": NaN,
        "Operating Revenue": NaN
    },
    "2024-06-30": {
        "Tax Effect Of Unusual Items": NaN,
        "Tax Rate For Calcs": NaN,
        "Normalized EBITDA": NaN,
        "Total Unusual Items": NaN,
        "Total Unusual Items Excluding Goodwill": NaN,
        "Net Income From Continuing Operation Net Minority Interest": NaN,
        "Reconciled Depreciation": NaN,
        "Reconciled Cost Of Revenue": NaN,
        "EBITDA": NaN,
        "EBIT": NaN,
        "Net Interest Income": NaN,
        "Interest Expense": NaN,
        "Interest Income": 14000000.0,
        "Normalized Income": NaN,
        "Net Income From Continuing And Discontinued Operation": NaN,
        "Total Expenses": NaN,
        "Total Operating Income As Reported": NaN,
        "Diluted Average Shares": NaN,
        "Basic Average Shares": NaN,
        "Diluted EPS": NaN,
        "Basic EPS": NaN,
        "Diluted NI Availto Com Stockholders": NaN,
        "Net Income Common Stockholders": NaN,
        "Net Income": NaN,
        "Net Income Including Noncontrolling Interests": NaN,
        "Net Income Continuous Operations": NaN,
        "Tax Provision": NaN,
        "Pretax Income": NaN,
        "Other Income Expense": NaN,
        "Other Non Operating Income Expenses": 3000000.0,
        "Special Income Charges": NaN,
        "Gain On Sale Of Ppe": 0.0,
        "Other Special Charges": 2000000.0,
        "Write Off": NaN,
        "Impairment Of Capital Assets": 488000000.0,
        "Restructuring And Mergern Acquisition": NaN,
        "Gain On Sale Of Security": NaN,
        "Net Non Operating Interest Income Expense": NaN,
        "Interest Expense Non Operating": NaN,
        "Interest Income Non Operating": 14000000.0,
        "Operating Income": NaN,
        "Operating Expense": NaN,
        "Other Operating Expenses": NaN,
        "Other Taxes": NaN,
        "Selling General And Administration": NaN,
        "Gross Profit": NaN,
        "Cost Of Revenue": NaN,
        "Total Revenue": NaN,
        "Operating Revenue": NaN
    },
    "2024-09-30": {
        "Tax Effect Of Unusual Items": -9744000.0,
        "Tax Rate For Calcs": 0.336,
        "Normalized EBITDA": 884000000.0,
        "Total Unusual Items": -29000000.0,
        "Total Unusual Items Excluding Goodwill": -29000000.0,
        "Net Income From Continuing Operation Net Minority Interest": 383000000.0,
        "Reconciled Depreciation": 182000000.0,
        "Reconciled Cost Of Revenue": 1617000000.0,
        "EBITDA": 855000000.0,
        "EBIT": 673000000.0,
        "Net Interest Income": -96000000.0,
        "Interest Expense": 96000000.0,
        "Interest Income": NaN,
        "Normalized Income": 402256000.0,
        "Net Income From Continuing And Discontinued Operation": 383000000.0,
        "Total Expenses": 3196000000.0,
        "Total Operating Income As Reported": 654000000.0,
        "Diluted Average Shares": 1924000000.0,
        "Basic Average Shares": 1915000000.0,
        "Diluted EPS": 0.2,
        "Basic EPS": 0.2,
        "Diluted NI Availto Com Stockholders": 383000000.0,
        "Net Income Common Stockholders": 383000000.0,
        "Net Income": 383000000.0,
        "Net Income Including Noncontrolling Interests": 383000000.0,
        "Net Income Continuous Operations": 383000000.0,
        "Tax Provision": 194000000.0,
        "Pretax Income": 577000000.0,
        "Other Income Expense": -30000000.0,
        "Other Non Operating Income Expenses": -1000000.0,
        "Special Income Charges": -28000000.0,
        "Gain On Sale Of Ppe": 0.0,
        "Other Special Charges": -3000000.0,
        "Write Off": 0.0,
        "Impairment Of Capital Assets": NaN,
        "Restructuring And Mergern Acquisition": 31000000.0,
        "Gain On Sale Of Security": -1000000.0,
        "Net Non Operating Interest Income Expense": -96000000.0,
        "Interest Expense Non Operating": 96000000.0,
        "Interest Income Non Operating": NaN,
        "Operating Income": 703000000.0,
        "Operating Expense": 1579000000.0,
        "Other Operating Expenses": 10000000.0,
        "Other Taxes": -21000000.0,
        "Selling General And Administration": 1590000000.0,
        "Gross Profit": 2282000000.0,
        "Cost Of Revenue": 1617000000.0,
        "Total Revenue": 3899000000.0,
        "Operating Revenue": 3899000000.0
    },
    "2024-12-31": {
        "Tax Effect Of Unusual Items": -18228323.699422,
        "Tax Rate For Calcs": 0.153179,
        "Normalized EBITDA": 763000000.0,
        "Total Unusual Items": -119000000.0,
        "Total Unusual Items Excluding Goodwill": -119000000.0,
        "Net Income From Continuing Operation Net Minority Interest": 293000000.0,
        "Reconciled Depreciation": 150000000.0,
        "Reconciled Cost Of Revenue": 1592000000.0,
        "EBITDA": 644000000.0,
        "EBIT": 494000000.0,
        "Net Interest Income": -95000000.0,
        "Interest Expense": 148000000.0,
        "Interest Income": NaN,
        "Normalized Income": 393771676.300578,
        "Net Income From Continuing And Discontinued Operation": 293000000.0,
        "Total Expenses": 3105000000.0,
        "Total Operating Income As Reported": 483000000.0,
        "Diluted Average Shares": 1929000000.0,
        "Basic Average Shares": 1916000000.0,
        "Diluted EPS": 0.15,
        "Basic EPS": 0.15,
        "Diluted NI Availto Com Stockholders": 293000000.0,
        "Net Income Common Stockholders": 293000000.0,
        "Net Income": 293000000.0,
        "Net Income Including Noncontrolling Interests": 293000000.0,
        "Net Income Continuous Operations": 293000000.0,
        "Tax Provision": 53000000.0,
        "Pretax Income": 346000000.0,
        "Other Income Expense": -116000000.0,
        "Other Non Operating Income Expenses": 3000000.0,
        "Special Income Charges": -74000000.0,
        "Gain On Sale Of Ppe": -6000000.0,
        "Other Special Charges": 3000000.0,
        "Write Off": -556000000.0,
        "Impairment Of Capital Assets": NaN,
        "Restructuring And Mergern Acquisition": 65000000.0,
        "Gain On Sale Of Security": -45000000.0,
        "Net Non Operating Interest Income Expense": -95000000.0,
        "Interest Expense Non Operating": 148000000.0,
        "Interest Income Non Operating": NaN,
        "Operating Income": 557000000.0,
        "Operating Expense": 1513000000.0,
        "Other Operating Expenses": -12000000.0,
        "Other Taxes": 0.0,
        "Selling General And Administration": 1525000000.0,
        "Gross Profit": 2070000000.0,
        "Cost Of Revenue": 1592000000.0,
        "Total Revenue": 3662000000.0,
        "Operating Revenue": 3662000000.0
    },
    "2025-03-31": {
        "Tax Effect Of Unusual Items": -19602000.0,
        "Tax Rate For Calcs": 0.297,
        "Normalized EBITDA": 767000000.0,
        "Total Unusual Items": -66000000.0,
        "Total Unusual Items Excluding Goodwill": -66000000.0,
        "Net Income From Continuing Operation Net Minority Interest": 322000000.0,
        "Reconciled Depreciation": 136000000.0,
        "Reconciled Cost Of Revenue": 1573000000.0,
        "EBITDA": 701000000.0,
        "EBIT": 565000000.0,
        "Net Interest Income": -94000000.0,
        "Interest Expense": 107000000.0,
        "Interest Income": 13000000.0,
        "Normalized Income": 368398000.0,
        "Net Income From Continuing And Discontinued Operation": 322000000.0,
        "Total Expenses": 3123000000.0,
        "Total Operating Income As Reported": 558000000.0,
        "Diluted Average Shares": 1925000000.0,
        "Basic Average Shares": 1914000000.0,
        "Diluted EPS": 0.17,
        "Basic EPS": 0.17,
        "Diluted NI Availto Com Stockholders": 322000000.0,
        "Net Income Common Stockholders": 322000000.0,
        "Net Income": 322000000.0,
        "Net Income Including Noncontrolling Interests": 322000000.0,
        "Net Income Continuous Operations": 322000000.0,
        "Tax Provision": 136000000.0,
        "Pretax Income": 458000000.0,
        "Other Income Expense": -66000000.0,
        "Other Non Operating Income Expenses": NaN,
        "Special Income Charges": -60000000.0,
        "Gain On Sale Of Ppe": NaN,
        "Other Special Charges": NaN,
        "Write Off": 0.0,
        "Impairment Of Capital Assets": NaN,
        "Restructuring And Mergern Acquisition": 60000000.0,
        "Gain On Sale Of Security": -6000000.0,
        "Net Non Operating Interest Income Expense": -94000000.0,
        "Interest Expense Non Operating": 107000000.0,
        "Interest Income Non Operating": 13000000.0,
        "Operating Income": 618000000.0,
        "Operating Expense": 1550000000.0,
        "Other Operating Expenses": 13000000.0,
        "Other Taxes": NaN,
        "Selling General And Administration": 1537000000.0,
        "Gross Profit": 2168000000.0,
        "Cost Of Revenue": 1573000000.0,
        "Total Revenue": 3741000000.0,
        "Operating Revenue": 3741000000.0
    },
    "2025-06-30": {
        "Tax Effect Of Unusual Items": -20285714.285714,
        "Tax Rate For Calcs": 0.285714,
        "Normalized EBITDA": 908000000.0,
        "Total Unusual Items": -71000000.0,
        "Total Unusual Items Excluding Goodwill": -71000000.0,
        "Net Income From Continuing Operation Net Minority Interest": 420000000.0,
        "Reconciled Depreciation": 142000000.0,
        "Reconciled Cost Of Revenue": 1578000000.0,
        "EBITDA": 837000000.0,
        "EBIT": 695000000.0,
        "Net Interest Income": -94000000.0,
        "Interest Expense": 107000000.0,
        "Interest Income": 13000000.0,
        "Normalized Income": 470714285.714286,
        "Net Income From Continuing And Discontinued Operation": 420000000.0,
        "Total Expenses": 3087000000.0,
        "Total Operating Income As Reported": 692000000.0,
        "Diluted Average Shares": 1928000000.0,
        "Basic Average Shares": 1919000000.0,
        "Diluted EPS": 0.22,
        "Basic EPS": 0.22,
        "Diluted NI Availto Com Stockholders": 420000000.0,
        "Net Income Common Stockholders": 420000000.0,
        "Net Income": 420000000.0,
        "Net Income Including Noncontrolling Interests": 420000000.0,
        "Net Income Continuous Operations": 420000000.0,
        "Tax Provision": 168000000.0,
        "Pretax Income": 588000000.0,
        "Other Income Expense": -70000000.0,
        "Other Non Operating Income Expenses": 1000000.0,
        "Special Income Charges": -60000000.0,
        "Gain On Sale Of Ppe": NaN,
        "Other Special Charges": NaN,
        "Write Off": 0.0,
        "Impairment Of Capital Assets": NaN,
        "Restructuring And Mergern Acquisition": 60000000.0,
        "Gain On Sale Of Security": -11000000.0,
        "Net Non Operating Interest Income Expense": -94000000.0,
        "Interest Expense Non Operating": 107000000.0,
        "Interest Income Non Operating": 13000000.0,
        "Operating Income": 752000000.0,
        "Operating Expense": 1509000000.0,
        "Other Operating Expenses": 5000000.0,
        "Other Taxes": NaN,
        "Selling General And Administration": 1504000000.0,
        "Gross Profit": 2261000000.0,
        "Cost Of Revenue": 1578000000.0,
        "Total Revenue": 3839000000.0,
        "Operating Revenue": 3839000000.0
    },
    "2025-09-30": {
        "Tax Effect Of Unusual Items": -25307984.790875,
        "Tax Rate For Calcs": 0.243346,
        "Normalized EBITDA": 878000000.0,
        "Total Unusual Items": -104000000.0,
        "Total Unusual Items Excluding Goodwill": -104000000.0,
        "Net Income From Continuing Operation Net Minority Interest": 398000000.0,
        "Reconciled Depreciation": 141000000.0,
        "Reconciled Cost Of Revenue": 1538000000.0,
        "EBITDA": 774000000.0,
        "EBIT": 633000000.0,
        "Net Interest Income": -93000000.0,
        "Interest Expense": 107000000.0,
        "Interest Income": 14000000.0,
        "Normalized Income": 476692015.209125,
        "Net Income From Continuing And Discontinued Operation": 398000000.0,
        "Total Expenses": 3051000000.0,
        "Total Operating Income As Reported": 629000000.0,
        "Diluted Average Shares": 1923000000.0,
        "Basic Average Shares": 1918000000.0,
        "Diluted EPS": 0.21,
        "Basic EPS": 0.21,
        "Diluted NI Availto Com Stockholders": 398000000.0,
        "Net Income Common Stockholders": 398000000.0,
        "Net Income": 398000000.0,
        "Net Income Including Noncontrolling Interests": 398000000.0,
        "Net Income Continuous Operations": 398000000.0,
        "Tax Provision": 128000000.0,
        "Pretax Income": 526000000.0,
        "Other Income Expense": -94000000.0,
        "Other Non Operating Income Expenses": 10000000.0,
        "Special Income Charges": -84000000.0,
        "Gain On Sale Of Ppe": NaN,
        "Other Special Charges": NaN,
        "Write Off": 0.0,
        "Impairment Of Capital Assets": NaN,
        "Restructuring And Mergern Acquisition": 84000000.0,
        "Gain On Sale Of Security": -20000000.0,
        "Net Non Operating Interest Income Expense": -93000000.0,
        "Interest Expense Non Operating": 107000000.0,
        "Interest Income Non Operating": 14000000.0,
        "Operating Income": 713000000.0,
        "Operating Expense": 1513000000.0,
        "Other Operating Expenses": 1000000.0,
        "Other Taxes": 0.0,
        "Selling General And Administration": 1512000000.0,
        "Gross Profit": 2226000000.0,
        "Cost Of Revenue": 1538000000.0,
        "Total Revenue": 3764000000.0,
        "Operating Revenue": 3764000000.0
    }
}