{
    "2023-09-30": {
        "Tax Effect Of Unusual Items": 0.0,
        "Tax Rate For Calcs": 0.21,
        "Normalized EBITDA": -298847000.0,
        "Net Income From Continuing Operation Net Minority Interest": -297104000.0,
        "Reconciled Depreciation": 3356000.0,
        "Reconciled Cost Of Revenue": 58825000.0,
        "EBITDA": -298847000.0,
        "EBIT": -302203000.0,
        "Net Interest Income": 6183000.0,
        "Interest Income": 6183000.0,
        "Normalized Income": -297104000.0,
        "Net Income From Continuing And Discontinued Operation": -297104000.0,
        "Total Expenses": 478010000.0,
        "Total Operating Income As Reported": -302203000.0,
        "Diluted Average Shares": 240125168.0,
        "Basic Average Shares": 240125168.0,
        "Diluted EPS": -1.24,
        "Basic EPS": -1.24,
        "Diluted NI Availto Com Stockholders": -297104000.0,
        "Net Income Common Stockholders": -297104000.0,
        "Net Income": -297104000.0,
        "Net Income Including Noncontrolling Interests": -297104000.0,
        "Net Income Continuous Operations": -297104000.0,
        "Tax Provision": 819000.0,
        "Pretax Income": -296285000.0,
        "Other Income Expense": -265000.0,
        "Other Non Operating Income Expenses": -265000.0,
        "Net Non Operating Interest Income Expense": 6183000.0,
        "Interest Income Non Operating": 6183000.0,
        "Operating Income": -302203000.0,
        "Operating Expense": 419185000.0,
        "Research And Development": 141455000.0,
        "Selling General And Administration": 277730000.0,
        "Selling And Marketing Expense": 167877000.0,
        "General And Administrative Expense": 109853000.0,
        "Other Gand A": 109853000.0,
        "Gross Profit": 116982000.0,
        "Cost Of Revenue": 58825000.0,
        "Total Revenue": 175807000.0,
        "Operating Revenue": 175807000.0
    },
    "2022-12-31": {
        "Tax Effect Of Unusual Items": 0.0,
        "Tax Rate For Calcs": 0.075887,
        "Normalized EBITDA": 4673000.0,
        "Net Income From Continuing Operation Net Minority Interest": -755000.0,
        "Reconciled Depreciation": 2824000.0,
        "Reconciled Cost Of Revenue": 37331000.0,
        "EBITDA": 4673000.0,
        "EBIT": 1849000.0,
        "Net Interest Income": 3575000.0,
        "Interest Income": 3575000.0,
        "Normalized Income": -755000.0,
        "Net Income From Continuing And Discontinued Operation": -755000.0,
        "Total Expenses": 149312000.0,
        "Total Operating Income As Reported": -4077000.0,
        "Diluted Average Shares": NaN,
        "Basic Average Shares": NaN,
        "Diluted EPS": NaN,
        "Basic EPS": NaN,
        "Diluted NI Availto Com Stockholders": -755000.0,
        "Net Income Common Stockholders": -755000.0,
        "Net Income": -755000.0,
        "Net Income Including Noncontrolling Interests": -755000.0,
        "Net Income Continuous Operations": -755000.0,
        "Tax Provision": -62000.0,
        "Pretax Income": -817000.0,
        "Other Income Expense": -315000.0,
        "Other Non Operating Income Expenses": -315000.0,
        "Net Non Operating Interest Income Expense": 3575000.0,
        "Interest Income Non Operating": 3575000.0,
        "Operating Income": -4077000.0,
        "Operating Expense": 111981000.0,
        "Research And Development": 28712000.0,
        "Selling General And Administration": 83269000.0,
        "Selling And Marketing Expense": 60447000.0,
        "General And Administrative Expense": 22822000.0,
        "Other Gand A": 22822000.0,
        "Gross Profit": 107904000.0,
        "Cost Of Revenue": 37331000.0,
        "Total Revenue": 145235000.0,
        "Operating Revenue": 145235000.0
    },
    "2022-09-30": {
        "Tax Effect Of Unusual Items": NaN,
        "Tax Rate For Calcs": NaN,
        "Normalized EBITDA": NaN,
        "Net Income From Continuing Operation Net Minority Interest": NaN,
        "Reconciled Depreciation": NaN,
        "Reconciled Cost Of Revenue": NaN,
        "EBITDA": NaN,
        "EBIT": NaN,
        "Net Interest Income": NaN,
        "Interest Income": NaN,
        "Normalized Income": NaN,
        "Net Income From Continuing And Discontinued Operation": NaN,
        "Total Expenses": NaN,
        "Total Operating Income As Reported": NaN,
        "Diluted Average Shares": 251855833.0,
        "Basic Average Shares": 251855833.0,
        "Diluted EPS": -0.094788,
        "Basic EPS": -0.094788,
        "Diluted NI Availto Com Stockholders": NaN,
        "Net Income Common Stockholders": NaN,
        "Net Income": NaN,
        "Net Income Including Noncontrolling Interests": NaN,
        "Net Income Continuous Operations": NaN,
        "Tax Provision": NaN,
        "Pretax Income": NaN,
        "Other Income Expense": NaN,
        "Other Non Operating Income Expenses": NaN,
        "Net Non Operating Interest Income Expense": NaN,
        "Interest Income Non Operating": NaN,
        "Operating Income": NaN,
        "Operating Expense": NaN,
        "Research And Development": NaN,
        "Selling General And Administration": NaN,
        "Selling And Marketing Expense": NaN,
        "General And Administrative Expense": NaN,
        "Other Gand A": NaN,
        "Gross Profit": NaN,
        "Cost Of Revenue": NaN,
        "Total Revenue": NaN,
        "Operating Revenue": NaN
    },
    "2023-12-31": {
        "Tax Effect Of Unusual Items": 0.0,
        "Tax Rate For Calcs": 0.022091,
        "Normalized EBITDA": -8921000.0,
        "Net Income From Continuing Operation Net Minority Interest": -26295000.0,
        "Reconciled Depreciation": 3828000.0,
        "Reconciled Cost Of Revenue": 45013000.0,
        "EBITDA": -8921000.0,
        "EBIT": -12749000.0,
        "Net Interest Income": 9567000.0,
        "Interest Income": 9567000.0,
        "Normalized Income": -26295000.0,
        "Net Income From Continuing And Discontinued Operation": -26295000.0,
        "Total Expenses": 237948000.0,
        "Total Operating Income As Reported": -36330000.0,
        "Diluted Average Shares": 258899189.0,
        "Basic Average Shares": 258899189.0,
        "Diluted EPS": -0.1,
        "Basic EPS": -0.1,
        "Diluted NI Availto Com Stockholders": -26295000.0,
        "Net Income Common Stockholders": -26295000.0,
        "Net Income": -26295000.0,
        "Net Income Including Noncontrolling Interests": -26295000.0,
        "Net Income Continuous Operations": -26295000.0,
        "Tax Provision": -594000.0,
        "Pretax Income": -26889000.0,
        "Other Income Expense": -126000.0,
        "Other Non Operating Income Expenses": -126000.0,
        "Net Non Operating Interest Income Expense": 9567000.0,
        "Interest Income Non Operating": 9567000.0,
        "Operating Income": -36330000.0,
        "Operating Expense": 192935000.0,
        "Research And Development": 52635000.0,
        "Selling General And Administration": 140300000.0,
        "Selling And Marketing Expense": 102524000.0,
        "General And Administrative Expense": 37776000.0,
        "Other Gand A": 37776000.0,
        "Gross Profit": 156605000.0,
        "Cost Of Revenue": 45013000.0,
        "Total Revenue": 201618000.0,
        "Operating Revenue": 201618000.0
    },
    "2024-03-31": {
        "Tax Effect Of Unusual Items": 0.0,
        "Tax Rate For Calcs": 0.21,
        "Normalized EBITDA": -18118000.0,
        "Net Income From Continuing Operation Net Minority Interest": -12882000.0,
        "Reconciled Depreciation": 3974000.0,
        "Reconciled Cost Of Revenue": 44938000.0,
        "EBITDA": -18118000.0,
        "EBIT": -22092000.0,
        "Net Interest Income": 9546000.0,
        "Interest Income": 9546000.0,
        "Normalized Income": -12882000.0,
        "Net Income From Continuing And Discontinued Operation": -12882000.0,
        "Total Expenses": 232085000.0,
        "Total Operating Income As Reported": -22092000.0,
        "Diluted Average Shares": 261332411.0,
        "Basic Average Shares": 261332411.0,
        "Diluted EPS": -0.05,
        "Basic EPS": -0.05,
        "Diluted NI Availto Com Stockholders": -12882000.0,
        "Net Income Common Stockholders": -12882000.0,
        "Net Income": -12882000.0,
        "Net Income Including Noncontrolling Interests": -12882000.0,
        "Net Income Continuous Operations": -12882000.0,
        "Tax Provision": 404000.0,
        "Pretax Income": -12478000.0,
        "Other Income Expense": 68000.0,
        "Other Non Operating Income Expenses": 68000.0,
        "Net Non Operating Interest Income Expense": 9546000.0,
        "Interest Income Non Operating": 9546000.0,
        "Operating Income": -22092000.0,
        "Operating Expense": 187147000.0,
        "Research And Development": 56097000.0,
        "Selling General And Administration": 131050000.0,
        "Selling And Marketing Expense": 91858000.0,
        "General And Administrative Expense": 39192000.0,
        "Other Gand A": 39192000.0,
        "Gross Profit": 165055000.0,
        "Cost Of Revenue": 44938000.0,
        "Total Revenue": 209993000.0,
        "Operating Revenue": 209993000.0
    },
    "2023-06-30": {
        "Tax Effect Of Unusual Items": 0.0,
        "Tax Rate For Calcs": 0.05,
        "Normalized EBITDA": 10198000.0,
        "Net Income From Continuing Operation Net Minority Interest": 10887000.0,
        "Reconciled Depreciation": 3166000.0,
        "Reconciled Cost Of Revenue": 37476000.0,
        "EBITDA": 10198000.0,
        "EBIT": 7032000.0,
        "Net Interest Income": 4485000.0,
        "Interest Income": 4485000.0,
        "Normalized Income": 10887000.0,
        "Net Income From Continuing And Discontinued Operation": 10887000.0,
        "Total Expenses": 157554000.0,
        "Total Operating Income As Reported": 7032000.0,
        "Diluted Average Shares": 251855833.0,
        "Basic Average Shares": 251855833.0,
        "Diluted EPS": 0.043227,
        "Basic EPS": 0.043227,
        "Diluted NI Availto Com Stockholders": 10887000.0,
        "Net Income Common Stockholders": 10887000.0,
        "Net Income": 10887000.0,
        "Net Income Including Noncontrolling Interests": 10887000.0,
        "Net Income Continuous Operations": 10887000.0,
        "Tax Provision": 576000.0,
        "Pretax Income": 11463000.0,
        "Other Income Expense": -54000.0,
        "Other Non Operating Income Expenses": -54000.0,
        "Net Non Operating Interest Income Expense": 4485000.0,
        "Interest Income Non Operating": 4485000.0,
        "Operating Income": 7032000.0,
        "Operating Expense": 120078000.0,
        "Research And Development": 33055000.0,
        "Selling General And Administration": 87023000.0,
        "Selling And Marketing Expense": 63357000.0,
        "General And Administrative Expense": 23666000.0,
        "Other Gand A": 23666000.0,
        "Gross Profit": 127110000.0,
        "Cost Of Revenue": 37476000.0,
        "Total Revenue": 164586000.0,
        "Operating Revenue": 164586000.0
    },
    "2023-03-31": {
        "Tax Effect Of Unusual Items": NaN,
        "Tax Rate For Calcs": NaN,
        "Normalized EBITDA": NaN,
        "Net Income From Continuing Operation Net Minority Interest": NaN,
        "Reconciled Depreciation": NaN,
        "Reconciled Cost Of Revenue": NaN,
        "EBITDA": NaN,
        "EBIT": NaN,
        "Net Interest Income": NaN,
        "Interest Income": NaN,
        "Normalized Income": NaN,
        "Net Income From Continuing And Discontinued Operation": NaN,
        "Total Expenses": NaN,
        "Total Operating Income As Reported": NaN,
        "Diluted Average Shares": 251855833.0,
        "Basic Average Shares": 251855833.0,
        "Diluted EPS": 0.016986,
        "Basic EPS": 0.016986,
        "Diluted NI Availto Com Stockholders": NaN,
        "Net Income Common Stockholders": NaN,
        "Net Income": NaN,
        "Net Income Including Noncontrolling Interests": NaN,
        "Net Income Continuous Operations": NaN,
        "Tax Provision": NaN,
        "Pretax Income": NaN,
        "Other Income Expense": NaN,
        "Other Non Operating Income Expenses": NaN,
        "Net Non Operating Interest Income Expense": NaN,
        "Interest Income Non Operating": NaN,
        "Operating Income": NaN,
        "Operating Expense": NaN,
        "Research And Development": NaN,
        "Selling General And Administration": NaN,
        "Selling And Marketing Expense": NaN,
        "General And Administrative Expense": NaN,
        "Other Gand A": NaN,
        "Gross Profit": NaN,
        "Cost Of Revenue": NaN,
        "Total Revenue": NaN,
        "Operating Revenue": NaN
    },
    "2024-06-30": {
        "Tax Effect Of Unusual Items": 0.0,
        "Tax Rate For Calcs": 0.21,
        "Normalized EBITDA": -9818000.0,
        "Net Income From Continuing Operation Net Minority Interest": -4942000.0,
        "Reconciled Depreciation": 4235000.0,
        "Reconciled Cost Of Revenue": 50271000.0,
        "EBITDA": -9818000.0,
        "EBIT": -14053000.0,
        "Net Interest Income": 9979000.0,
        "Interest Income": 9979000.0,
        "Normalized Income": -4942000.0,
        "Net Income From Continuing And Discontinued Operation": -4942000.0,
        "Total Expenses": 236266000.0,
        "Total Operating Income As Reported": -14053000.0,
        "Diluted Average Shares": 265293214.0,
        "Basic Average Shares": 265293214.0,
        "Diluted EPS": -0.02,
        "Basic EPS": -0.02,
        "Diluted NI Availto Com Stockholders": -4942000.0,
        "Net Income Common Stockholders": -4942000.0,
        "Net Income": -4942000.0,
        "Net Income Including Noncontrolling Interests": -4942000.0,
        "Net Income Continuous Operations": -4942000.0,
        "Tax Provision": 861000.0,
        "Pretax Income": -4081000.0,
        "Other Income Expense": -7000.0,
        "Other Non Operating Income Expenses": -7000.0,
        "Net Non Operating Interest Income Expense": 9979000.0,
        "Interest Income Non Operating": 9979000.0,
        "Operating Income": -14053000.0,
        "Operating Expense": 185995000.0,
        "Research And Development": 55735000.0,
        "Selling General And Administration": 130260000.0,
        "Selling And Marketing Expense": 94501000.0,
        "General And Administrative Expense": 35759000.0,
        "Other Gand A": 35759000.0,
        "Gross Profit": 171942000.0,
        "Cost Of Revenue": 50271000.0,
        "Total Revenue": 222213000.0,
        "Operating Revenue": 222213000.0
    },
    "2024-09-30": {
        "Tax Effect Of Unusual Items": 0.0,
        "Tax Rate For Calcs": 0.21,
        "Normalized EBITDA": -8716000.0,
        "Net Income From Continuing Operation Net Minority Interest": -1345000.0,
        "Reconciled Depreciation": 4562000.0,
        "Reconciled Cost Of Revenue": 54357000.0,
        "EBITDA": -8716000.0,
        "EBIT": -13278000.0,
        "Net Interest Income": 10504000.0,
        "Interest Income": 10504000.0,
        "Normalized Income": -1345000.0,
        "Net Income From Continuing And Discontinued Operation": -1345000.0,
        "Total Expenses": 248372000.0,
        "Total Operating Income As Reported": -13278000.0,
        "Diluted Average Shares": 267854769.0,
        "Basic Average Shares": 267854769.0,
        "Diluted EPS": -0.01,
        "Basic EPS": -0.01,
        "Diluted NI Availto Com Stockholders": -1345000.0,
        "Net Income Common Stockholders": -1345000.0,
        "Net Income": -1345000.0,
        "Net Income Including Noncontrolling Interests": -1345000.0,
        "Net Income Continuous Operations": -1345000.0,
        "Tax Provision": -1200000.0,
        "Pretax Income": -2545000.0,
        "Other Income Expense": 229000.0,
        "Other Non Operating Income Expenses": 229000.0,
        "Net Non Operating Interest Income Expense": 10504000.0,
        "Interest Income Non Operating": 10504000.0,
        "Operating Income": -13278000.0,
        "Operating Expense": 194015000.0,
        "Research And Development": 55769000.0,
        "Selling General And Administration": 138246000.0,
        "Selling And Marketing Expense": 100018000.0,
        "General And Administrative Expense": 38228000.0,
        "Other Gand A": 38228000.0,
        "Gross Profit": 180737000.0,
        "Cost Of Revenue": 54357000.0,
        "Total Revenue": 235094000.0,
        "Operating Revenue": 235094000.0
    },
    "2024-12-31": {
        "Tax Effect Of Unusual Items": 0.0,
        "Tax Rate For Calcs": 0.21,
        "Normalized EBITDA": -29708000.0,
        "Net Income From Continuing Operation Net Minority Interest": -26973000.0,
        "Reconciled Depreciation": 4946000.0,
        "Reconciled Cost Of Revenue": 71738000.0,
        "EBITDA": -29708000.0,
        "EBIT": -34654000.0,
        "Net Interest Income": 9553000.0,
        "Interest Income": 9553000.0,
        "Normalized Income": -26973000.0,
        "Net Income From Continuing And Discontinued Operation": -26973000.0,
        "Total Expenses": 304818000.0,
        "Total Operating Income As Reported": -34654000.0,
        "Diluted Average Shares": 266336826.0,
        "Basic Average Shares": 266336826.0,
        "Diluted EPS": -0.1,
        "Basic EPS": -0.1,
        "Diluted NI Availto Com Stockholders": -26973000.0,
        "Net Income Common Stockholders": -26973000.0,
        "Net Income": -26973000.0,
        "Net Income Including Noncontrolling Interests": -26973000.0,
        "Net Income Continuous Operations": -26973000.0,
        "Tax Provision": 2398000.0,
        "Pretax Income": -24575000.0,
        "Other Income Expense": 526000.0,
        "Other Non Operating Income Expenses": 526000.0,
        "Net Non Operating Interest Income Expense": 9553000.0,
        "Interest Income Non Operating": 9553000.0,
        "Operating Income": -34654000.0,
        "Operating Expense": 233080000.0,
        "Research And Development": 70858000.0,
        "Selling General And Administration": 162222000.0,
        "Selling And Marketing Expense": 117832000.0,
        "General And Administrative Expense": 44390000.0,
        "Other Gand A": 44390000.0,
        "Gross Profit": 198426000.0,
        "Cost Of Revenue": 71738000.0,
        "Total Revenue": 270164000.0,
        "Operating Revenue": 270164000.0
    },
    "2025-03-31": {
        "Tax Effect Of Unusual Items": 0.0,
        "Tax Rate For Calcs": 0.07034,
        "Normalized EBITDA": -18969000.0,
        "Net Income From Continuing Operation Net Minority Interest": -14089000.0,
        "Reconciled Depreciation": 4781000.0,
        "Reconciled Cost Of Revenue": 67700000.0,
        "EBITDA": -18969000.0,
        "EBIT": -23750000.0,
        "Net Interest Income": 9259000.0,
        "Interest Income": 9259000.0,
        "Normalized Income": -14089000.0,
        "Net Income From Continuing And Discontinued Operation": -14089000.0,
        "Total Expenses": 303577000.0,
        "Total Operating Income As Reported": -23750000.0,
        "Diluted Average Shares": 274198213.0,
        "Basic Average Shares": 274198213.0,
        "Diluted EPS": -0.05,
        "Basic EPS": -0.05,
        "Diluted NI Availto Com Stockholders": -14089000.0,
        "Net Income Common Stockholders": -14089000.0,
        "Net Income": -14089000.0,
        "Net Income Including Noncontrolling Interests": -14089000.0,
        "Net Income Continuous Operations": -14089000.0,
        "Tax Provision": -1066000.0,
        "Pretax Income": -15155000.0,
        "Other Income Expense": -664000.0,
        "Other Non Operating Income Expenses": -664000.0,
        "Net Non Operating Interest Income Expense": 9259000.0,
        "Interest Income Non Operating": 9259000.0,
        "Operating Income": -23750000.0,
        "Operating Expense": 235877000.0,
        "Research And Development": 69349000.0,
        "Selling General And Administration": 166528000.0,
        "Selling And Marketing Expense": 123527000.0,
        "General And Administrative Expense": 43001000.0,
        "Other Gand A": 43001000.0,
        "Gross Profit": 212127000.0,
        "Cost Of Revenue": 67700000.0,
        "Total Revenue": 279827000.0,
        "Operating Revenue": 279827000.0
    }
}