{
    "2023-03-31": {
        "Tax Effect Of Unusual Items": NaN,
        "Tax Rate For Calcs": NaN,
        "Normalized EBITDA": NaN,
        "Total Unusual Items": NaN,
        "Total Unusual Items Excluding Goodwill": NaN,
        "Net Income From Continuing Operation Net Minority Interest": NaN,
        "Reconciled Depreciation": NaN,
        "EBITDA": NaN,
        "EBIT": NaN,
        "Net Interest Income": NaN,
        "Interest Expense": NaN,
        "Interest Income": NaN,
        "Normalized Income": NaN,
        "Net Income From Continuing And Discontinued Operation": NaN,
        "Total Expenses": NaN,
        "Total Operating Income As Reported": NaN,
        "Diluted Average Shares": 7232823.0,
        "Basic Average Shares": 7232823.0,
        "Diluted EPS": -3.1,
        "Basic EPS": -3.1,
        "Diluted NI Availto Com Stockholders": NaN,
        "Net Income Common Stockholders": NaN,
        "Net Income": NaN,
        "Net Income Including Noncontrolling Interests": NaN,
        "Net Income Continuous Operations": NaN,
        "Pretax Income": NaN,
        "Other Income Expense": NaN,
        "Special Income Charges": NaN,
        "Restructuring And Mergern Acquisition": NaN,
        "Net Non Operating Interest Income Expense": NaN,
        "Interest Expense Non Operating": NaN,
        "Interest Income Non Operating": NaN,
        "Operating Income": NaN,
        "Operating Expense": NaN,
        "Research And Development": NaN,
        "Selling General And Administration": NaN,
        "General And Administrative Expense": NaN,
        "Other Gand A": NaN,
        "Total Revenue": NaN,
        "Operating Revenue": NaN
    },
    "2022-12-31": {
        "Tax Effect Of Unusual Items": NaN,
        "Tax Rate For Calcs": NaN,
        "Normalized EBITDA": NaN,
        "Net Income From Continuing Operation Net Minority Interest": NaN,
        "Reconciled Depreciation": NaN,
        "EBITDA": NaN,
        "EBIT": NaN,
        "Net Interest Income": NaN,
        "Interest Expense": NaN,
        "Interest Income": NaN,
        "Normalized Income": NaN,
        "Net Income From Continuing And Discontinued Operation": NaN,
        "Total Expenses": NaN,
        "Total Operating Income As Reported": NaN,
        "Diluted Average Shares": 72231697.0,
        "Basic Average Shares": 72231697.0,
        "Diluted EPS": -0.25,
        "Basic EPS": -0.25,
        "Diluted NI Availto Com Stockholders": NaN,
        "Net Income Common Stockholders": NaN,
        "Net Income": NaN,
        "Net Income Including Noncontrolling Interests": NaN,
        "Net Income Continuous Operations": NaN,
        "Pretax Income": NaN,
        "Net Non Operating Interest Income Expense": NaN,
        "Interest Expense Non Operating": NaN,
        "Interest Income Non Operating": NaN,
        "Operating Income": NaN,
        "Operating Expense": NaN,
        "Research And Development": NaN,
        "Selling General And Administration": NaN,
        "General And Administrative Expense": NaN,
        "Other Gand A": NaN,
        "Total Revenue": NaN,
        "Operating Revenue": NaN
    },
    "2022-09-30": {
        "Tax Effect Of Unusual Items": 0.0,
        "Tax Rate For Calcs": 0.0,
        "Normalized EBITDA": -17079000.0,
        "Net Income From Continuing Operation Net Minority Interest": -17847000.0,
        "Reconciled Depreciation": 458000.0,
        "EBITDA": -17079000.0,
        "EBIT": -17537000.0,
        "Net Interest Income": 1080000.0,
        "Interest Expense": 310000.0,
        "Interest Income": 1390000.0,
        "Normalized Income": -17847000.0,
        "Net Income From Continuing And Discontinued Operation": -17847000.0,
        "Total Expenses": 18927000.0,
        "Total Operating Income As Reported": -18927000.0,
        "Diluted Average Shares": 72153952.0,
        "Basic Average Shares": 72153952.0,
        "Diluted EPS": -0.25,
        "Basic EPS": -0.25,
        "Diluted NI Availto Com Stockholders": -17847000.0,
        "Net Income Common Stockholders": -17847000.0,
        "Net Income": -17847000.0,
        "Net Income Including Noncontrolling Interests": -17847000.0,
        "Net Income Continuous Operations": -17847000.0,
        "Pretax Income": -17847000.0,
        "Net Non Operating Interest Income Expense": 1080000.0,
        "Interest Expense Non Operating": 310000.0,
        "Interest Income Non Operating": 1390000.0,
        "Operating Income": -18927000.0,
        "Operating Expense": 18927000.0,
        "Other Operating Expenses": NaN,
        "Research And Development": 13860000.0,
        "Selling General And Administration": 5067000.0,
        "General And Administrative Expense": 5067000.0,
        "Other Gand A": 5067000.0,
        "Total Revenue": 0.0,
        "Operating Revenue": 0.0
    },
    "2022-06-30": {
        "Tax Effect Of Unusual Items": 0.0,
        "Tax Rate For Calcs": 0.0,
        "Normalized EBITDA": -15484000.0,
        "Net Income From Continuing Operation Net Minority Interest": -16187000.0,
        "Reconciled Depreciation": 431000.0,
        "EBITDA": -15484000.0,
        "EBIT": -15915000.0,
        "Net Interest Income": 136000.0,
        "Interest Expense": 272000.0,
        "Interest Income": 408000.0,
        "Normalized Income": -16187000.0,
        "Net Income From Continuing And Discontinued Operation": -16187000.0,
        "Total Expenses": 16323000.0,
        "Total Operating Income As Reported": -16323000.0,
        "Diluted Average Shares": 64279634.0,
        "Basic Average Shares": 64279634.0,
        "Diluted EPS": -0.25,
        "Basic EPS": -0.25,
        "Diluted NI Availto Com Stockholders": -16187000.0,
        "Net Income Common Stockholders": -16187000.0,
        "Net Income": -16187000.0,
        "Net Income Including Noncontrolling Interests": -16187000.0,
        "Net Income Continuous Operations": -16187000.0,
        "Pretax Income": -16187000.0,
        "Net Non Operating Interest Income Expense": 136000.0,
        "Interest Expense Non Operating": 272000.0,
        "Interest Income Non Operating": 408000.0,
        "Operating Income": -16323000.0,
        "Operating Expense": 16323000.0,
        "Other Operating Expenses": NaN,
        "Research And Development": 11346000.0,
        "Selling General And Administration": 4977000.0,
        "General And Administrative Expense": 4977000.0,
        "Other Gand A": 4977000.0,
        "Total Revenue": 0.0,
        "Operating Revenue": 0.0
    },
    "2022-03-31": {
        "Diluted EPS": -0.26,
        "Total Revenue": NaN,
        "Gross Profit": NaN,
        "Operating Income": -16,
        "EBIT": -15,
        "Net Income": -16
    },
    "2021-12-31": {
        "Diluted EPS": -0.26,
        "Total Revenue": NaN,
        "Gross Profit": NaN,
        "Operating Income": -14,
        "EBIT": -13,
        "Net Income": -14
    },
    "2021-09-30": {
        "Diluted EPS": -0.28,
        "Total Revenue": NaN,
        "Gross Profit": NaN,
        "Operating Income": -14,
        "EBIT": -14,
        "Net Income": -14
    },
    "2021-06-30": {
        "Diluted EPS": -0.25,
        "Total Revenue": NaN,
        "Gross Profit": NaN,
        "Operating Income": -13,
        "EBIT": -12,
        "Net Income": -13
    },
    "2021-03-31": {
        "Diluted EPS": -0.25,
        "Total Revenue": NaN,
        "Gross Profit": NaN,
        "Operating Income": -13,
        "EBIT": -12,
        "Net Income": -13
    },
    "2020-12-31": {
        "Diluted EPS": -0.2,
        "Total Revenue": NaN,
        "Gross Profit": NaN,
        "Operating Income": -11,
        "EBIT": -10,
        "Net Income": -11
    },
    "2020-09-30": {
        "Diluted EPS": -0.23,
        "Total Revenue": NaN,
        "Gross Profit": NaN,
        "Operating Income": -12,
        "EBIT": -11,
        "Net Income": -11
    },
    "2020-06-30": {
        "Diluted EPS": -0.22,
        "Total Revenue": NaN,
        "Gross Profit": NaN,
        "Operating Income": -10,
        "EBIT": -10,
        "Net Income": -10
    },
    "2020-03-31": {
        "Diluted EPS": -0.3,
        "Total Revenue": NaN,
        "Gross Profit": NaN,
        "Operating Income": -10,
        "EBIT": -10,
        "Net Income": -10
    },
    "2019-12-31": {
        "Diluted EPS": -0.5,
        "Total Revenue": NaN,
        "Gross Profit": NaN,
        "Operating Income": -10,
        "EBIT": -10,
        "Net Income": -10
    },
    "2019-09-30": {
        "Diluted EPS": -0.48,
        "Total Revenue": NaN,
        "Gross Profit": NaN,
        "Operating Income": -10,
        "EBIT": -10,
        "Net Income": -9
    },
    "2019-06-30": {
        "Diluted EPS": -0.46,
        "Total Revenue": NaN,
        "Gross Profit": NaN,
        "Operating Income": -9,
        "EBIT": -9,
        "Net Income": -9
    },
    "2019-03-31": {
        "Diluted EPS": -0.4,
        "Total Revenue": NaN,
        "Gross Profit": NaN,
        "Operating Income": -8,
        "EBIT": -8,
        "Net Income": -8
    },
    "2018-12-31": {
        "Diluted EPS": 7.88,
        "Total Revenue": NaN,
        "Gross Profit": NaN,
        "Operating Income": -6,
        "EBIT": -7,
        "Net Income": -6
    },
    "2018-09-30": {
        "Diluted EPS": -0.3,
        "Total Revenue": NaN,
        "Gross Profit": NaN,
        "Operating Income": -6,
        "EBIT": -6,
        "Net Income": -6
    },
    "2018-06-30": {
        "Diluted EPS": -3.31,
        "Total Revenue": NaN,
        "Gross Profit": NaN,
        "Operating Income": -7,
        "EBIT": -7,
        "Net Income": -7
    },
    "2018-03-31": {
        "Diluted EPS": -6.53,
        "Total Revenue": NaN,
        "Gross Profit": NaN,
        "Operating Income": -5,
        "EBIT": -5,
        "Net Income": -5
    },
    "2017-12-31": {
        "Diluted EPS": 0.0,
        "Total Revenue": NaN,
        "Gross Profit": NaN,
        "Operating Income": NaN,
        "EBIT": NaN,
        "Net Income": NaN
    },
    "2017-09-30": {
        "Diluted EPS": -3.31,
        "Total Revenue": NaN,
        "Gross Profit": NaN,
        "Operating Income": -2,
        "EBIT": -2,
        "Net Income": -2
    },
    "2017-06-30": {
        "Diluted EPS": -3.3,
        "Total Revenue": NaN,
        "Gross Profit": NaN,
        "Operating Income": -2,
        "EBIT": -2,
        "Net Income": -2
    },
    "2016-12-31": {
        "Diluted EPS": 0.0,
        "Total Revenue": NaN,
        "Gross Profit": NaN,
        "Operating Income": NaN,
        "EBIT": NaN,
        "Net Income": NaN
    },
    "2023-06-30": {
        "Tax Effect Of Unusual Items": NaN,
        "Tax Rate For Calcs": NaN,
        "Normalized EBITDA": NaN,
        "Total Unusual Items": 0.0,
        "Total Unusual Items Excluding Goodwill": 0.0,
        "Net Income From Continuing Operation Net Minority Interest": NaN,
        "Reconciled Depreciation": NaN,
        "EBITDA": NaN,
        "EBIT": NaN,
        "Net Interest Income": NaN,
        "Interest Expense": NaN,
        "Interest Income": NaN,
        "Normalized Income": NaN,
        "Net Income From Continuing And Discontinued Operation": NaN,
        "Total Expenses": NaN,
        "Total Operating Income As Reported": NaN,
        "Diluted Average Shares": NaN,
        "Basic Average Shares": NaN,
        "Diluted EPS": NaN,
        "Basic EPS": NaN,
        "Diluted NI Availto Com Stockholders": NaN,
        "Net Income Common Stockholders": NaN,
        "Net Income": NaN,
        "Net Income Including Noncontrolling Interests": NaN,
        "Net Income Continuous Operations": NaN,
        "Pretax Income": NaN,
        "Other Income Expense": NaN,
        "Special Income Charges": 0.0,
        "Restructuring And Mergern Acquisition": 0.0,
        "Net Non Operating Interest Income Expense": NaN,
        "Interest Expense Non Operating": NaN,
        "Interest Income Non Operating": NaN,
        "Operating Income": NaN,
        "Operating Expense": NaN,
        "Research And Development": NaN,
        "Selling General And Administration": NaN,
        "General And Administrative Expense": NaN,
        "Other Gand A": NaN,
        "Total Revenue": NaN,
        "Operating Revenue": NaN
    },
    "2023-09-30": {
        "Tax Effect Of Unusual Items": NaN,
        "Tax Rate For Calcs": NaN,
        "Normalized EBITDA": NaN,
        "Total Unusual Items": 0.0,
        "Total Unusual Items Excluding Goodwill": 0.0,
        "Net Income From Continuing Operation Net Minority Interest": NaN,
        "Reconciled Depreciation": NaN,
        "EBITDA": NaN,
        "EBIT": NaN,
        "Net Interest Income": NaN,
        "Interest Expense": NaN,
        "Interest Income": NaN,
        "Normalized Income": NaN,
        "Net Income From Continuing And Discontinued Operation": NaN,
        "Total Expenses": NaN,
        "Total Operating Income As Reported": NaN,
        "Diluted Average Shares": NaN,
        "Basic Average Shares": NaN,
        "Diluted EPS": NaN,
        "Basic EPS": NaN,
        "Diluted NI Availto Com Stockholders": NaN,
        "Net Income Common Stockholders": NaN,
        "Net Income": NaN,
        "Net Income Including Noncontrolling Interests": NaN,
        "Net Income Continuous Operations": NaN,
        "Pretax Income": NaN,
        "Other Income Expense": NaN,
        "Special Income Charges": 0.0,
        "Restructuring And Mergern Acquisition": 0.0,
        "Net Non Operating Interest Income Expense": NaN,
        "Interest Expense Non Operating": NaN,
        "Interest Income Non Operating": NaN,
        "Operating Income": NaN,
        "Operating Expense": NaN,
        "Research And Development": NaN,
        "Selling General And Administration": NaN,
        "General And Administrative Expense": NaN,
        "Other Gand A": NaN,
        "Total Revenue": NaN,
        "Operating Revenue": NaN
    },
    "2023-12-31": {
        "Tax Effect Of Unusual Items": 0.0,
        "Tax Rate For Calcs": 0.0,
        "Normalized EBITDA": -31581000.0,
        "Total Unusual Items": NaN,
        "Total Unusual Items Excluding Goodwill": NaN,
        "Net Income From Continuing Operation Net Minority Interest": -32260000.0,
        "Reconciled Depreciation": 280000.0,
        "EBITDA": -31581000.0,
        "EBIT": -31861000.0,
        "Net Interest Income": 2329000.0,
        "Interest Expense": 399000.0,
        "Interest Income": 2728000.0,
        "Normalized Income": -32260000.0,
        "Net Income From Continuing And Discontinued Operation": -32260000.0,
        "Total Expenses": 28402000.0,
        "Total Operating Income As Reported": -34589000.0,
        "Diluted Average Shares": NaN,
        "Basic Average Shares": NaN,
        "Diluted EPS": NaN,
        "Basic EPS": NaN,
        "Diluted NI Availto Com Stockholders": -32260000.0,
        "Net Income Common Stockholders": -32260000.0,
        "Net Income": -32260000.0,
        "Net Income Including Noncontrolling Interests": -32260000.0,
        "Net Income Continuous Operations": -32260000.0,
        "Pretax Income": -32260000.0,
        "Other Income Expense": NaN,
        "Special Income Charges": NaN,
        "Restructuring And Mergern Acquisition": NaN,
        "Net Non Operating Interest Income Expense": 2329000.0,
        "Interest Expense Non Operating": 399000.0,
        "Interest Income Non Operating": 2728000.0,
        "Operating Income": -28402000.0,
        "Operating Expense": 28402000.0,
        "Research And Development": 22642000.0,
        "Selling General And Administration": 5760000.0,
        "General And Administrative Expense": 5760000.0,
        "Other Gand A": 5760000.0,
        "Total Revenue": 0.0,
        "Operating Revenue": 0.0
    },
    "2024-03-31": {
        "Tax Effect Of Unusual Items": 0.0,
        "Tax Rate For Calcs": 0.0,
        "Normalized EBITDA": -20998000.0,
        "Total Unusual Items": NaN,
        "Total Unusual Items Excluding Goodwill": NaN,
        "Net Income From Continuing Operation Net Minority Interest": -21658000.0,
        "Reconciled Depreciation": 260000.0,
        "EBITDA": -20998000.0,
        "EBIT": -21258000.0,
        "Net Interest Income": 2053000.0,
        "Interest Expense": 400000.0,
        "Interest Income": 2453000.0,
        "Normalized Income": -21658000.0,
        "Net Income From Continuing And Discontinued Operation": -21658000.0,
        "Total Expenses": 23711000.0,
        "Total Operating Income As Reported": -23711000.0,
        "Diluted Average Shares": 7279991.0,
        "Basic Average Shares": 7279991.0,
        "Diluted EPS": -2.98,
        "Basic EPS": -2.98,
        "Diluted NI Availto Com Stockholders": -21658000.0,
        "Net Income Common Stockholders": -21658000.0,
        "Net Income": -21658000.0,
        "Net Income Including Noncontrolling Interests": -21658000.0,
        "Net Income Continuous Operations": -21658000.0,
        "Pretax Income": -21658000.0,
        "Other Income Expense": NaN,
        "Special Income Charges": NaN,
        "Restructuring And Mergern Acquisition": NaN,
        "Net Non Operating Interest Income Expense": 2053000.0,
        "Interest Expense Non Operating": 400000.0,
        "Interest Income Non Operating": 2453000.0,
        "Operating Income": -23711000.0,
        "Operating Expense": 23711000.0,
        "Research And Development": 17172000.0,
        "Selling General And Administration": 6539000.0,
        "General And Administrative Expense": 6539000.0,
        "Other Gand A": 6539000.0,
        "Total Revenue": 0.0,
        "Operating Revenue": 0.0
    },
    "2024-06-30": {
        "Tax Effect Of Unusual Items": 0.0,
        "Tax Rate For Calcs": 0.0,
        "Normalized EBITDA": -19403000.0,
        "Total Unusual Items": -1482000.0,
        "Total Unusual Items Excluding Goodwill": -1482000.0,
        "Net Income From Continuing Operation Net Minority Interest": -21547000.0,
        "Reconciled Depreciation": 261000.0,
        "EBITDA": -20885000.0,
        "EBIT": -21146000.0,
        "Net Interest Income": 1836000.0,
        "Interest Expense": 401000.0,
        "Interest Income": 2237000.0,
        "Normalized Income": -20065000.0,
        "Net Income From Continuing And Discontinued Operation": -21547000.0,
        "Total Expenses": 21901000.0,
        "Total Operating Income As Reported": -23383000.0,
        "Diluted Average Shares": 7284587.0,
        "Basic Average Shares": 7284587.0,
        "Diluted EPS": -2.96,
        "Basic EPS": -2.96,
        "Diluted NI Availto Com Stockholders": -21547000.0,
        "Net Income Common Stockholders": -21547000.0,
        "Net Income": -21547000.0,
        "Net Income Including Noncontrolling Interests": -21547000.0,
        "Net Income Continuous Operations": -21547000.0,
        "Pretax Income": -21547000.0,
        "Other Income Expense": -1482000.0,
        "Special Income Charges": -1482000.0,
        "Restructuring And Mergern Acquisition": 1482000.0,
        "Net Non Operating Interest Income Expense": 1836000.0,
        "Interest Expense Non Operating": 401000.0,
        "Interest Income Non Operating": 2237000.0,
        "Operating Income": -21901000.0,
        "Operating Expense": 21901000.0,
        "Research And Development": 16298000.0,
        "Selling General And Administration": 5603000.0,
        "General And Administrative Expense": 5603000.0,
        "Other Gand A": 5603000.0,
        "Total Revenue": 0.0,
        "Operating Revenue": 0.0
    },
    "2024-09-30": {
        "Tax Effect Of Unusual Items": 0.0,
        "Tax Rate For Calcs": 0.0,
        "Normalized EBITDA": -19650000.0,
        "Total Unusual Items": 0.0,
        "Total Unusual Items Excluding Goodwill": 0.0,
        "Net Income From Continuing Operation Net Minority Interest": -20313000.0,
        "Reconciled Depreciation": 260000.0,
        "EBITDA": -19650000.0,
        "EBIT": -19910000.0,
        "Net Interest Income": 1635000.0,
        "Interest Expense": 403000.0,
        "Interest Income": 2038000.0,
        "Normalized Income": -20313000.0,
        "Net Income From Continuing And Discontinued Operation": -20313000.0,
        "Total Expenses": 21948000.0,
        "Total Operating Income As Reported": -21948000.0,
        "Diluted Average Shares": 7296222.0,
        "Basic Average Shares": 7296222.0,
        "Diluted EPS": -2.78,
        "Basic EPS": -2.78,
        "Diluted NI Availto Com Stockholders": -20313000.0,
        "Net Income Common Stockholders": -20313000.0,
        "Net Income": -20313000.0,
        "Net Income Including Noncontrolling Interests": -20313000.0,
        "Net Income Continuous Operations": -20313000.0,
        "Pretax Income": -20313000.0,
        "Other Income Expense": NaN,
        "Special Income Charges": 0.0,
        "Restructuring And Mergern Acquisition": 0.0,
        "Net Non Operating Interest Income Expense": 1635000.0,
        "Interest Expense Non Operating": 403000.0,
        "Interest Income Non Operating": 2038000.0,
        "Operating Income": -21948000.0,
        "Operating Expense": 21948000.0,
        "Research And Development": 16242000.0,
        "Selling General And Administration": 5706000.0,
        "General And Administrative Expense": 5706000.0,
        "Other Gand A": 5706000.0,
        "Total Revenue": 0.0,
        "Operating Revenue": 0.0
    },
    "2024-12-31": {
        "Tax Effect Of Unusual Items": 0.0,
        "Tax Rate For Calcs": 0.0,
        "Normalized EBITDA": -19582000.0,
        "Total Unusual Items": 12000.0,
        "Total Unusual Items Excluding Goodwill": 12000.0,
        "Net Income From Continuing Operation Net Minority Interest": -20218000.0,
        "Reconciled Depreciation": 259000.0,
        "EBITDA": -19570000.0,
        "EBIT": -19829000.0,
        "Net Interest Income": 1345000.0,
        "Interest Expense": 389000.0,
        "Interest Income": 1734000.0,
        "Normalized Income": -20230000.0,
        "Net Income From Continuing And Discontinued Operation": -20218000.0,
        "Total Expenses": 21575000.0,
        "Total Operating Income As Reported": -21563000.0,
        "Diluted Average Shares": 7300007.0,
        "Basic Average Shares": 7300007.0,
        "Diluted EPS": -3.0,
        "Basic EPS": -3.0,
        "Diluted NI Availto Com Stockholders": -20218000.0,
        "Net Income Common Stockholders": -20218000.0,
        "Net Income": -20218000.0,
        "Net Income Including Noncontrolling Interests": -20218000.0,
        "Net Income Continuous Operations": -20218000.0,
        "Pretax Income": -20218000.0,
        "Other Income Expense": 12000.0,
        "Special Income Charges": 12000.0,
        "Restructuring And Mergern Acquisition": -1561000.0,
        "Net Non Operating Interest Income Expense": 1345000.0,
        "Interest Expense Non Operating": 389000.0,
        "Interest Income Non Operating": 1734000.0,
        "Operating Income": -21575000.0,
        "Operating Expense": 21575000.0,
        "Research And Development": 16030000.0,
        "Selling General And Administration": 5545000.0,
        "General And Administrative Expense": 5545000.0,
        "Other Gand A": 5545000.0,
        "Total Revenue": 0.0,
        "Operating Revenue": 0.0
    },
    "2025-03-31": {
        "Tax Effect Of Unusual Items": 0.0,
        "Tax Rate For Calcs": 0.0,
        "Normalized EBITDA": -15958000.0,
        "Total Unusual Items": NaN,
        "Total Unusual Items Excluding Goodwill": NaN,
        "Net Income From Continuing Operation Net Minority Interest": -16556000.0,
        "Reconciled Depreciation": 251000.0,
        "EBITDA": -15958000.0,
        "EBIT": -16209000.0,
        "Net Interest Income": 1073000.0,
        "Interest Expense": 347000.0,
        "Interest Income": 1420000.0,
        "Normalized Income": -16556000.0,
        "Net Income From Continuing And Discontinued Operation": -16556000.0,
        "Total Expenses": 17629000.0,
        "Total Operating Income As Reported": -17629000.0,
        "Diluted Average Shares": 7305658.0,
        "Basic Average Shares": 7305658.0,
        "Diluted EPS": -2.27,
        "Basic EPS": -2.27,
        "Diluted NI Availto Com Stockholders": -16556000.0,
        "Net Income Common Stockholders": -16556000.0,
        "Net Income": -16556000.0,
        "Net Income Including Noncontrolling Interests": -16556000.0,
        "Net Income Continuous Operations": -16556000.0,
        "Pretax Income": -16556000.0,
        "Other Income Expense": NaN,
        "Special Income Charges": NaN,
        "Restructuring And Mergern Acquisition": NaN,
        "Net Non Operating Interest Income Expense": 1073000.0,
        "Interest Expense Non Operating": 347000.0,
        "Interest Income Non Operating": 1420000.0,
        "Operating Income": -17629000.0,
        "Operating Expense": 17629000.0,
        "Research And Development": 12180000.0,
        "Selling General And Administration": 5449000.0,
        "General And Administrative Expense": 5449000.0,
        "Other Gand A": 5449000.0,
        "Total Revenue": 0.0,
        "Operating Revenue": 0.0
    },
    "2025-06-30": {
        "Tax Effect Of Unusual Items": 0.0,
        "Tax Rate For Calcs": 0.0,
        "Normalized EBITDA": -13159000.0,
        "Total Unusual Items": 0.0,
        "Total Unusual Items Excluding Goodwill": 0.0,
        "Net Income From Continuing Operation Net Minority Interest": -13704000.0,
        "Reconciled Depreciation": 243000.0,
        "EBITDA": -13159000.0,
        "EBIT": -13402000.0,
        "Net Interest Income": 895000.0,
        "Interest Expense": 302000.0,
        "Interest Income": 1197000.0,
        "Normalized Income": -13704000.0,
        "Net Income From Continuing And Discontinued Operation": -13704000.0,
        "Total Expenses": 14599000.0,
        "Total Operating Income As Reported": -14599000.0,
        "Diluted Average Shares": 7311032.0,
        "Basic Average Shares": 7311032.0,
        "Diluted EPS": -1.87,
        "Basic EPS": -1.87,
        "Diluted NI Availto Com Stockholders": -13704000.0,
        "Net Income Common Stockholders": -13704000.0,
        "Net Income": -13704000.0,
        "Net Income Including Noncontrolling Interests": -13704000.0,
        "Net Income Continuous Operations": -13704000.0,
        "Pretax Income": -13704000.0,
        "Other Income Expense": NaN,
        "Special Income Charges": 0.0,
        "Restructuring And Mergern Acquisition": 0.0,
        "Net Non Operating Interest Income Expense": 895000.0,
        "Interest Expense Non Operating": 302000.0,
        "Interest Income Non Operating": 1197000.0,
        "Operating Income": -14599000.0,
        "Operating Expense": 14599000.0,
        "Research And Development": 9583000.0,
        "Selling General And Administration": 5016000.0,
        "General And Administrative Expense": 5016000.0,
        "Other Gand A": 5016000.0,
        "Total Revenue": 0.0,
        "Operating Revenue": 0.0
    }
}