{
    "2023-06-30": {
        "Tax Effect Of Unusual Items": 260196.560197,
        "Tax Rate For Calcs": 0.260197,
        "Normalized EBITDA": 569800000.0,
        "Total Unusual Items": 1000000.0,
        "Total Unusual Items Excluding Goodwill": 1000000.0,
        "Net Income From Continuing Operation Net Minority Interest": 297200000.0,
        "Reconciled Depreciation": 66500000.0,
        "Reconciled Cost Of Revenue": 6708300000.0,
        "EBITDA": 570800000.0,
        "EBIT": 504300000.0,
        "Net Interest Income": -97300000.0,
        "Interest Expense": 97300000.0,
        "Interest Income": NaN,
        "Normalized Income": 296460196.560197,
        "Net Income From Continuing And Discontinued Operation": 297200000.0,
        "Total Expenses": 7618000000.0,
        "Rent Expense Supplemental": 22000000.0,
        "Total Operating Income As Reported": 475800000.0,
        "Diluted Average Shares": 27600000.0,
        "Basic Average Shares": 27500000.0,
        "Diluted EPS": 10.78,
        "Basic EPS": 10.79,
        "Diluted NI Availto Com Stockholders": 297200000.0,
        "Net Income Common Stockholders": 297200000.0,
        "Net Income": 297200000.0,
        "Minority Interests": -3900000.0,
        "Net Income Including Noncontrolling Interests": 301100000.0,
        "Net Income Continuous Operations": 301100000.0,
        "Tax Provision": 105900000.0,
        "Pretax Income": 407000000.0,
        "Other Income Expense": 10800000.0,
        "Other Non Operating Income Expenses": 9800000.0,
        "Special Income Charges": 1000000.0,
        "Gain On Sale Of Ppe": 1000000.0,
        "Net Non Operating Interest Income Expense": -97300000.0,
        "Interest Expense Non Operating": 97300000.0,
        "Interest Income Non Operating": NaN,
        "Operating Income": 493500000.0,
        "Operating Expense": 891600000.0,
        "Other Operating Expenses": NaN,
        "Depreciation Amortization Depletion Income Statement": 48400000.0,
        "Depreciation And Amortization In Income Statement": 48400000.0,
        "Selling General And Administration": 843200000.0,
        "Selling And Marketing Expense": 61900000.0,
        "General And Administrative Expense": 781300000.0,
        "Other Gand A": 203200000.0,
        "Rent And Landing Fees": 22000000.0,
        "Salaries And Wages": 556100000.0,
        "Gross Profit": 1385100000.0,
        "Cost Of Revenue": 6726400000.0,
        "Total Revenue": 8111500000.0,
        "Operating Revenue": 8111500000.0
    },
    "2023-03-31": {
        "Tax Effect Of Unusual Items": NaN,
        "Tax Rate For Calcs": NaN,
        "Normalized EBITDA": NaN,
        "Total Unusual Items": NaN,
        "Total Unusual Items Excluding Goodwill": NaN,
        "Net Income From Continuing Operation Net Minority Interest": NaN,
        "Reconciled Depreciation": NaN,
        "Reconciled Cost Of Revenue": NaN,
        "EBITDA": NaN,
        "EBIT": NaN,
        "Net Interest Income": NaN,
        "Interest Expense": NaN,
        "Interest Income": 49300000.0,
        "Normalized Income": NaN,
        "Net Income From Continuing And Discontinued Operation": NaN,
        "Total Expenses": NaN,
        "Rent Expense Supplemental": NaN,
        "Total Operating Income As Reported": NaN,
        "Diluted Average Shares": NaN,
        "Basic Average Shares": NaN,
        "Diluted EPS": NaN,
        "Basic EPS": NaN,
        "Diluted NI Availto Com Stockholders": NaN,
        "Net Income Common Stockholders": NaN,
        "Net Income": NaN,
        "Minority Interests": NaN,
        "Net Income Including Noncontrolling Interests": NaN,
        "Net Income Continuous Operations": NaN,
        "Tax Provision": NaN,
        "Pretax Income": NaN,
        "Other Income Expense": NaN,
        "Other Non Operating Income Expenses": NaN,
        "Special Income Charges": NaN,
        "Gain On Sale Of Ppe": NaN,
        "Net Non Operating Interest Income Expense": NaN,
        "Interest Expense Non Operating": NaN,
        "Interest Income Non Operating": 49300000.0,
        "Operating Income": NaN,
        "Operating Expense": NaN,
        "Other Operating Expenses": 26300000.0,
        "Depreciation Amortization Depletion Income Statement": NaN,
        "Depreciation And Amortization In Income Statement": NaN,
        "Selling General And Administration": NaN,
        "Selling And Marketing Expense": NaN,
        "General And Administrative Expense": NaN,
        "Other Gand A": NaN,
        "Rent And Landing Fees": NaN,
        "Salaries And Wages": NaN,
        "Gross Profit": NaN,
        "Cost Of Revenue": NaN,
        "Total Revenue": NaN,
        "Operating Revenue": NaN
    },
    "2022-12-31": {
        "Tax Effect Of Unusual Items": NaN,
        "Tax Rate For Calcs": NaN,
        "Normalized EBITDA": NaN,
        "Total Unusual Items": NaN,
        "Total Unusual Items Excluding Goodwill": NaN,
        "Net Income From Continuing Operation Net Minority Interest": NaN,
        "Reconciled Depreciation": NaN,
        "Reconciled Cost Of Revenue": NaN,
        "EBITDA": NaN,
        "EBIT": NaN,
        "Net Interest Income": NaN,
        "Interest Expense": NaN,
        "Interest Income": NaN,
        "Normalized Income": NaN,
        "Net Income From Continuing And Discontinued Operation": NaN,
        "Total Expenses": NaN,
        "Rent Expense Supplemental": NaN,
        "Total Operating Income As Reported": NaN,
        "Diluted Average Shares": NaN,
        "Basic Average Shares": NaN,
        "Diluted EPS": NaN,
        "Basic EPS": NaN,
        "Diluted NI Availto Com Stockholders": NaN,
        "Net Income Common Stockholders": NaN,
        "Net Income": NaN,
        "Minority Interests": NaN,
        "Net Income Including Noncontrolling Interests": NaN,
        "Net Income Continuous Operations": NaN,
        "Tax Provision": NaN,
        "Pretax Income": NaN,
        "Other Income Expense": NaN,
        "Other Non Operating Income Expenses": NaN,
        "Special Income Charges": NaN,
        "Gain On Sale Of Ppe": NaN,
        "Impairment Of Capital Assets": 0.0,
        "Net Non Operating Interest Income Expense": NaN,
        "Interest Expense Non Operating": NaN,
        "Interest Income Non Operating": NaN,
        "Operating Income": NaN,
        "Operating Expense": NaN,
        "Other Operating Expenses": NaN,
        "Depreciation Amortization Depletion Income Statement": NaN,
        "Depreciation And Amortization In Income Statement": NaN,
        "Selling General And Administration": NaN,
        "Selling And Marketing Expense": NaN,
        "General And Administrative Expense": NaN,
        "Other Gand A": NaN,
        "Rent And Landing Fees": NaN,
        "Salaries And Wages": NaN,
        "Gross Profit": NaN,
        "Cost Of Revenue": NaN,
        "Total Revenue": NaN,
        "Operating Revenue": NaN
    },
    "2022-09-30": {
        "Tax Effect Of Unusual Items": NaN,
        "Tax Rate For Calcs": NaN,
        "Normalized EBITDA": NaN,
        "Total Unusual Items": NaN,
        "Total Unusual Items Excluding Goodwill": NaN,
        "Net Income From Continuing Operation Net Minority Interest": NaN,
        "Reconciled Depreciation": NaN,
        "Reconciled Cost Of Revenue": NaN,
        "EBITDA": NaN,
        "EBIT": NaN,
        "Net Interest Income": NaN,
        "Interest Expense": NaN,
        "Interest Income": 32800000.0,
        "Normalized Income": NaN,
        "Net Income From Continuing And Discontinued Operation": NaN,
        "Total Expenses": NaN,
        "Rent Expense Supplemental": NaN,
        "Total Operating Income As Reported": NaN,
        "Diluted Average Shares": NaN,
        "Basic Average Shares": NaN,
        "Diluted EPS": NaN,
        "Basic EPS": NaN,
        "Diluted NI Availto Com Stockholders": NaN,
        "Net Income Common Stockholders": NaN,
        "Net Income": NaN,
        "Minority Interests": NaN,
        "Net Income Including Noncontrolling Interests": NaN,
        "Net Income Continuous Operations": NaN,
        "Tax Provision": NaN,
        "Pretax Income": NaN,
        "Other Income Expense": NaN,
        "Other Non Operating Income Expenses": NaN,
        "Special Income Charges": NaN,
        "Gain On Sale Of Ppe": NaN,
        "Impairment Of Capital Assets": 0.0,
        "Net Non Operating Interest Income Expense": NaN,
        "Interest Expense Non Operating": NaN,
        "Interest Income Non Operating": 32800000.0,
        "Operating Income": NaN,
        "Operating Expense": NaN,
        "Other Operating Expenses": 14500000.0,
        "Depreciation Amortization Depletion Income Statement": NaN,
        "Depreciation And Amortization In Income Statement": NaN,
        "Selling General And Administration": NaN,
        "Selling And Marketing Expense": NaN,
        "General And Administrative Expense": NaN,
        "Other Gand A": NaN,
        "Rent And Landing Fees": NaN,
        "Salaries And Wages": NaN,
        "Gross Profit": NaN,
        "Cost Of Revenue": NaN,
        "Total Revenue": NaN,
        "Operating Revenue": NaN
    },
    "2022-06-30": {
        "Tax Effect Of Unusual Items": 0.0,
        "Tax Rate For Calcs": 0.279,
        "Normalized EBITDA": 566700000.0,
        "Total Unusual Items": 4600000.0,
        "Total Unusual Items Excluding Goodwill": 4600000.0,
        "Net Income From Continuing Operation Net Minority Interest": 331300000.0,
        "Reconciled Depreciation": 60300000.0,
        "Reconciled Cost Of Revenue": 5889400000.0,
        "EBITDA": 566700000.0,
        "EBIT": 506400000.0,
        "Net Interest Income": -38200000.0,
        "Interest Expense": 38200000.0,
        "Interest Income": NaN,
        "Normalized Income": 331300000.0,
        "Net Income From Continuing And Discontinued Operation": 331300000.0,
        "Total Expenses": 6711800000.0,
        "Rent Expense Supplemental": 17900000.0,
        "Total Operating Income As Reported": 528300000.0,
        "Diluted Average Shares": 28600000.0,
        "Basic Average Shares": 28400000.0,
        "Diluted EPS": 11.6,
        "Basic EPS": 11.67,
        "Diluted NI Availto Com Stockholders": 331300000.0,
        "Net Income Common Stockholders": 331300000.0,
        "Net Income": 331300000.0,
        "Minority Interests": -6300000.0,
        "Net Income Including Noncontrolling Interests": 337600000.0,
        "Net Income Continuous Operations": 337600000.0,
        "Tax Provision": 130600000.0,
        "Pretax Income": 468200000.0,
        "Other Income Expense": -21900000.0,
        "Other Non Operating Income Expenses": -21900000.0,
        "Special Income Charges": 4600000.0,
        "Gain On Sale Of Ppe": 4600000.0,
        "Impairment Of Capital Assets": NaN,
        "Net Non Operating Interest Income Expense": -38200000.0,
        "Total Other Finance Cost": NaN,
        "Interest Expense Non Operating": 38200000.0,
        "Interest Income Non Operating": NaN,
        "Operating Income": 528300000.0,
        "Operating Expense": 822400000.0,
        "Other Operating Expenses": NaN,
        "Depreciation Amortization Depletion Income Statement": 40900000.0,
        "Depreciation And Amortization In Income Statement": 40900000.0,
        "Selling General And Administration": 781500000.0,
        "Selling And Marketing Expense": 67000000.0,
        "General And Administrative Expense": 719100000.0,
        "Other Gand A": 148500000.0,
        "Rent And Landing Fees": 17900000.0,
        "Salaries And Wages": 552700000.0,
        "Gross Profit": 1350700000.0,
        "Cost Of Revenue": 5889400000.0,
        "Total Revenue": 7240100000.0,
        "Operating Revenue": 7240100000.0
    },
    "2022-03-31": {
        "Diluted EPS": 11.55,
        "Total Revenue": NaN,
        "Gross Profit": NaN,
        "Operating Income": 507,
        "EBIT": 550,
        "Net Income": 342
    },
    "2021-12-31": {
        "Diluted EPS": 9.87,
        "Total Revenue": NaN,
        "Gross Profit": NaN,
        "Operating Income": 498,
        "EBIT": 546,
        "Net Income": 291
    },
    "2021-09-30": {
        "Diluted EPS": 10.11,
        "Total Revenue": NaN,
        "Gross Profit": NaN,
        "Operating Income": 480,
        "EBIT": 524,
        "Net Income": 308
    },
    "2021-06-30": {
        "Diluted EPS": 10.75,
        "Total Revenue": NaN,
        "Gross Profit": NaN,
        "Operating Income": 446,
        "EBIT": 485,
        "Net Income": 305
    },
    "2021-03-31": {
        "Diluted EPS": 5.81,
        "Total Revenue": NaN,
        "Gross Profit": 716,
        "Operating Income": 238,
        "EBIT": 273,
        "Net Income": 156
    },
    "2020-12-31": {
        "Diluted EPS": 7.32,
        "Total Revenue": NaN,
        "Gross Profit": 647,
        "Operating Income": 230,
        "EBIT": 264,
        "Net Income": 188
    },
    "2020-09-30": {
        "Diluted EPS": 6.86,
        "Total Revenue": NaN,
        "Gross Profit": 652,
        "Operating Income": 240,
        "EBIT": 270,
        "Net Income": 159
    },
    "2020-06-30": {
        "Diluted EPS": 3.38,
        "Total Revenue": NaN,
        "Gross Profit": 464,
        "Operating Income": 130,
        "EBIT": 159,
        "Net Income": 78
    },
    "2020-03-31": {
        "Diluted EPS": 1.97,
        "Total Revenue": NaN,
        "Gross Profit": 461,
        "Operating Income": 93,
        "EBIT": 122,
        "Net Income": 46
    },
    "2019-12-31": {
        "Diluted EPS": 2.91,
        "Total Revenue": NaN,
        "Gross Profit": 499,
        "Operating Income": 123,
        "EBIT": 176,
        "Net Income": 68
    },
    "2019-09-30": {
        "Diluted EPS": 3.64,
        "Total Revenue": NaN,
        "Gross Profit": 511,
        "Operating Income": 147,
        "EBIT": 168,
        "Net Income": 85
    },
    "2019-06-30": {
        "Diluted EPS": 2.63,
        "Total Revenue": NaN,
        "Gross Profit": 494,
        "Operating Income": 117,
        "EBIT": 137,
        "Net Income": 62
    },
    "2019-03-31": {
        "Diluted EPS": 2.42,
        "Total Revenue": NaN,
        "Gross Profit": 451,
        "Operating Income": 109,
        "EBIT": 128,
        "Net Income": 56
    },
    "2018-12-31": {
        "Diluted EPS": 2.51,
        "Total Revenue": NaN,
        "Gross Profit": 442,
        "Operating Income": 107,
        "EBIT": 127,
        "Net Income": 60
    },
    "2018-09-30": {
        "Diluted EPS": 3.84,
        "Total Revenue": NaN,
        "Gross Profit": 466,
        "Operating Income": 138,
        "EBIT": 157,
        "Net Income": 93
    },
    "2018-06-30": {
        "Diluted EPS": 2.44,
        "Total Revenue": NaN,
        "Gross Profit": 461,
        "Operating Income": 109,
        "EBIT": 128,
        "Net Income": 61
    },
    "2018-03-31": {
        "Diluted EPS": 2.07,
        "Total Revenue": NaN,
        "Gross Profit": 408,
        "Operating Income": 94,
        "EBIT": 111,
        "Net Income": 52
    },
    "2017-12-31": {
        "Diluted EPS": 3.55,
        "Total Revenue": NaN,
        "Gross Profit": 396,
        "Operating Income": 113,
        "EBIT": 129,
        "Net Income": 89
    },
    "2017-09-30": {
        "Diluted EPS": 2.07,
        "Total Revenue": NaN,
        "Gross Profit": 403,
        "Operating Income": 106,
        "EBIT": 121,
        "Net Income": 52
    },
    "2017-06-30": {
        "Diluted EPS": 2.12,
        "Total Revenue": NaN,
        "Gross Profit": 375,
        "Operating Income": 104,
        "EBIT": 118,
        "Net Income": 53
    },
    "2017-03-31": {
        "Diluted EPS": 2.01,
        "Total Revenue": NaN,
        "Gross Profit": 342,
        "Operating Income": 86,
        "EBIT": 99,
        "Net Income": 51
    },
    "2016-12-31": {
        "Diluted EPS": 2.02,
        "Total Revenue": NaN,
        "Gross Profit": 335,
        "Operating Income": 82,
        "EBIT": 94,
        "Net Income": 51
    },
    "2016-09-30": {
        "Diluted EPS": 2.14,
        "Total Revenue": NaN,
        "Gross Profit": 337,
        "Operating Income": 93,
        "EBIT": 106,
        "Net Income": 54
    },
    "2016-06-30": {
        "Diluted EPS": 2.01,
        "Total Revenue": NaN,
        "Gross Profit": 322,
        "Operating Income": 91,
        "EBIT": 103,
        "Net Income": 51
    },
    "2016-03-31": {
        "Diluted EPS": 1.55,
        "Total Revenue": NaN,
        "Gross Profit": 307,
        "Operating Income": 73,
        "EBIT": 85,
        "Net Income": 40
    },
    "2015-12-31": {
        "Diluted EPS": 1.81,
        "Total Revenue": NaN,
        "Gross Profit": 293,
        "Operating Income": 76,
        "EBIT": 87,
        "Net Income": 48
    },
    "2015-09-30": {
        "Diluted EPS": 1.64,
        "Total Revenue": NaN,
        "Gross Profit": 311,
        "Operating Income": 73,
        "EBIT": 83,
        "Net Income": 43
    },
    "2015-06-30": {
        "Diluted EPS": 1.93,
        "Total Revenue": NaN,
        "Gross Profit": 298,
        "Operating Income": 86,
        "EBIT": 96,
        "Net Income": 51
    },
    "2015-03-31": {
        "Diluted EPS": 1.53,
        "Total Revenue": NaN,
        "Gross Profit": 273,
        "Operating Income": 68,
        "EBIT": 78,
        "Net Income": 41
    },
    "2014-12-31": {
        "Diluted EPS": 1.56,
        "Total Revenue": NaN,
        "Gross Profit": 261,
        "Operating Income": 66,
        "EBIT": 75,
        "Net Income": 41
    },
    "2014-09-30": {
        "Diluted EPS": 1.31,
        "Total Revenue": NaN,
        "Gross Profit": 198,
        "Operating Income": 60,
        "EBIT": 66,
        "Net Income": 35
    },
    "2014-06-30": {
        "Diluted EPS": 1.45,
        "Total Revenue": NaN,
        "Gross Profit": 192,
        "Operating Income": 61,
        "EBIT": 67,
        "Net Income": 38
    },
    "2014-03-31": {
        "Diluted EPS": 0.94,
        "Total Revenue": NaN,
        "Gross Profit": 172,
        "Operating Income": 45,
        "EBIT": 50,
        "Net Income": 25
    },
    "2013-12-31": {
        "Diluted EPS": 1.04,
        "Total Revenue": NaN,
        "Gross Profit": 159,
        "Operating Income": 46,
        "EBIT": 51,
        "Net Income": 27
    },
    "2013-09-30": {
        "Diluted EPS": 1.18,
        "Total Revenue": NaN,
        "Gross Profit": 165,
        "Operating Income": 52,
        "EBIT": 57,
        "Net Income": 31
    },
    "2013-06-30": {
        "Diluted EPS": 0.98,
        "Total Revenue": NaN,
        "Gross Profit": 160,
        "Operating Income": 46,
        "EBIT": 51,
        "Net Income": 26
    },
    "2013-03-31": {
        "Diluted EPS": 0.85,
        "Total Revenue": 903,
        "Gross Profit": 146,
        "Operating Income": 41,
        "EBIT": 45,
        "Net Income": 22
    },
    "2012-12-31": {
        "Diluted EPS": 0.76,
        "Total Revenue": 877,
        "Gross Profit": 138,
        "Operating Income": 37,
        "EBIT": 41,
        "Net Income": 20
    },
    "2012-09-30": {
        "Diluted EPS": 0.9,
        "Total Revenue": 879,
        "Gross Profit": 143,
        "Operating Income": 43,
        "EBIT": 47,
        "Net Income": 23
    },
    "2012-06-30": {
        "Diluted EPS": 0.78,
        "Total Revenue": 822,
        "Gross Profit": 134,
        "Operating Income": 37,
        "EBIT": 41,
        "Net Income": 20
    },
    "2012-03-31": {
        "Diluted EPS": 0.63,
        "Total Revenue": 738,
        "Gross Profit": 124,
        "Operating Income": 32,
        "EBIT": 36,
        "Net Income": 17
    },
    "2011-12-31": {
        "Diluted EPS": 0.71,
        "Total Revenue": 662,
        "Gross Profit": 106,
        "Operating Income": 29,
        "EBIT": 33,
        "Net Income": 19
    },
    "2011-09-30": {
        "Diluted EPS": 0.62,
        "Total Revenue": 715,
        "Gross Profit": 120,
        "Operating Income": 32,
        "EBIT": 36,
        "Net Income": 17
    },
    "2011-06-30": {
        "Diluted EPS": 0.55,
        "Total Revenue": 672,
        "Gross Profit": 117,
        "Operating Income": 30,
        "EBIT": 34,
        "Net Income": 15
    },
    "2011-03-31": {
        "Diluted EPS": 0.33,
        "Total Revenue": 583,
        "Gross Profit": 102,
        "Operating Income": 20,
        "EBIT": 24,
        "Net Income": 9
    },
    "2010-12-31": {
        "Diluted EPS": 0.17,
        "Total Revenue": 474,
        "Gross Profit": 79,
        "Operating Income": 12,
        "EBIT": 16,
        "Net Income": 4
    },
    "2010-09-30": {
        "Diluted EPS": 0.37,
        "Total Revenue": 573,
        "Gross Profit": 103,
        "Operating Income": 23,
        "EBIT": 27,
        "Net Income": 10
    },
    "2010-06-30": {
        "Diluted EPS": -0.07,
        "Total Revenue": 530,
        "Gross Profit": 95,
        "Operating Income": 3,
        "EBIT": 8,
        "Net Income": -2
    },
    "2010-03-31": {
        "Diluted EPS": 0.05,
        "Total Revenue": 459,
        "Gross Profit": 86,
        "Operating Income": 9,
        "EBIT": 13,
        "Net Income": 1
    },
    "2009-12-31": {
        "Diluted EPS": -0.09,
        "Total Revenue": 368,
        "Gross Profit": 65,
        "Operating Income": 3,
        "EBIT": 8,
        "Net Income": -2
    },
    "2009-09-30": {
        "Diluted EPS": 0.27,
        "Total Revenue": 508,
        "Gross Profit": 95,
        "Operating Income": 18,
        "EBIT": 22,
        "Net Income": 6
    },
    "2009-06-30": {
        "Diluted EPS": 0.17,
        "Total Revenue": 444,
        "Gross Profit": 86,
        "Operating Income": 10,
        "EBIT": 14,
        "Net Income": 4
    },
    "2009-03-31": {
        "Diluted EPS": 0.06,
        "Total Revenue": 409,
        "Gross Profit": 80,
        "Operating Income": 4,
        "EBIT": 9,
        "Net Income": 1
    },
    "2023-09-30": {
        "Tax Effect Of Unusual Items": NaN,
        "Tax Rate For Calcs": NaN,
        "Normalized EBITDA": NaN,
        "Total Unusual Items": 23100000.0,
        "Total Unusual Items Excluding Goodwill": 23100000.0,
        "Net Income From Continuing Operation Net Minority Interest": NaN,
        "Reconciled Depreciation": NaN,
        "Reconciled Cost Of Revenue": NaN,
        "EBITDA": NaN,
        "EBIT": NaN,
        "Net Interest Income": NaN,
        "Interest Expense": NaN,
        "Interest Income": NaN,
        "Normalized Income": NaN,
        "Net Income From Continuing And Discontinued Operation": NaN,
        "Total Expenses": NaN,
        "Rent Expense Supplemental": NaN,
        "Total Operating Income As Reported": NaN,
        "Diluted Average Shares": NaN,
        "Basic Average Shares": NaN,
        "Diluted EPS": NaN,
        "Basic EPS": NaN,
        "Diluted NI Availto Com Stockholders": NaN,
        "Net Income Common Stockholders": NaN,
        "Net Income": NaN,
        "Minority Interests": NaN,
        "Net Income Including Noncontrolling Interests": NaN,
        "Net Income Continuous Operations": NaN,
        "Tax Provision": NaN,
        "Pretax Income": NaN,
        "Other Income Expense": NaN,
        "Other Non Operating Income Expenses": NaN,
        "Special Income Charges": 23100000.0,
        "Gain On Sale Of Ppe": 23100000.0,
        "Net Non Operating Interest Income Expense": NaN,
        "Total Other Finance Cost": NaN,
        "Interest Expense Non Operating": NaN,
        "Interest Income Non Operating": NaN,
        "Operating Income": NaN,
        "Operating Expense": NaN,
        "Other Operating Expenses": 23100000.0,
        "Depreciation Amortization Depletion Income Statement": NaN,
        "Depreciation And Amortization In Income Statement": NaN,
        "Selling General And Administration": NaN,
        "Selling And Marketing Expense": NaN,
        "General And Administrative Expense": NaN,
        "Other Gand A": NaN,
        "Rent And Landing Fees": NaN,
        "Salaries And Wages": NaN,
        "Gross Profit": NaN,
        "Cost Of Revenue": NaN,
        "Total Revenue": NaN,
        "Operating Revenue": NaN
    },
    "2023-12-31": {
        "Tax Effect Of Unusual Items": NaN,
        "Tax Rate For Calcs": NaN,
        "Normalized EBITDA": NaN,
        "Total Unusual Items": 2900000.0,
        "Total Unusual Items Excluding Goodwill": 2900000.0,
        "Net Income From Continuing Operation Net Minority Interest": NaN,
        "Reconciled Depreciation": NaN,
        "Reconciled Cost Of Revenue": NaN,
        "EBITDA": NaN,
        "EBIT": NaN,
        "Net Interest Income": NaN,
        "Interest Expense": NaN,
        "Interest Income": NaN,
        "Normalized Income": NaN,
        "Net Income From Continuing And Discontinued Operation": NaN,
        "Total Expenses": NaN,
        "Rent Expense Supplemental": NaN,
        "Total Operating Income As Reported": NaN,
        "Diluted Average Shares": NaN,
        "Basic Average Shares": NaN,
        "Diluted EPS": NaN,
        "Basic EPS": NaN,
        "Diluted NI Availto Com Stockholders": NaN,
        "Net Income Common Stockholders": NaN,
        "Net Income": NaN,
        "Minority Interests": NaN,
        "Net Income Including Noncontrolling Interests": NaN,
        "Net Income Continuous Operations": NaN,
        "Tax Provision": NaN,
        "Pretax Income": NaN,
        "Other Income Expense": NaN,
        "Other Non Operating Income Expenses": NaN,
        "Special Income Charges": 2900000.0,
        "Gain On Sale Of Ppe": 2900000.0,
        "Net Non Operating Interest Income Expense": NaN,
        "Total Other Finance Cost": NaN,
        "Interest Expense Non Operating": NaN,
        "Interest Income Non Operating": NaN,
        "Operating Income": NaN,
        "Operating Expense": NaN,
        "Other Operating Expenses": NaN,
        "Depreciation Amortization Depletion Income Statement": NaN,
        "Depreciation And Amortization In Income Statement": NaN,
        "Selling General And Administration": NaN,
        "Selling And Marketing Expense": NaN,
        "General And Administrative Expense": NaN,
        "Other Gand A": NaN,
        "Rent And Landing Fees": NaN,
        "Salaries And Wages": NaN,
        "Gross Profit": NaN,
        "Cost Of Revenue": NaN,
        "Total Revenue": NaN,
        "Operating Revenue": NaN
    },
    "2024-03-31": {
        "Tax Effect Of Unusual Items": NaN,
        "Tax Rate For Calcs": NaN,
        "Normalized EBITDA": NaN,
        "Total Unusual Items": 1000000.0,
        "Total Unusual Items Excluding Goodwill": 1000000.0,
        "Net Income From Continuing Operation Net Minority Interest": NaN,
        "Reconciled Depreciation": NaN,
        "Reconciled Cost Of Revenue": NaN,
        "EBITDA": NaN,
        "EBIT": NaN,
        "Net Interest Income": NaN,
        "Interest Expense": NaN,
        "Interest Income": NaN,
        "Normalized Income": NaN,
        "Net Income From Continuing And Discontinued Operation": NaN,
        "Total Expenses": NaN,
        "Rent Expense Supplemental": NaN,
        "Total Operating Income As Reported": NaN,
        "Diluted Average Shares": NaN,
        "Basic Average Shares": NaN,
        "Diluted EPS": NaN,
        "Basic EPS": NaN,
        "Diluted NI Availto Com Stockholders": NaN,
        "Net Income Common Stockholders": NaN,
        "Net Income": NaN,
        "Minority Interests": NaN,
        "Net Income Including Noncontrolling Interests": NaN,
        "Net Income Continuous Operations": NaN,
        "Tax Provision": NaN,
        "Pretax Income": NaN,
        "Other Income Expense": NaN,
        "Other Non Operating Income Expenses": NaN,
        "Special Income Charges": 1000000.0,
        "Gain On Sale Of Ppe": 1000000.0,
        "Gain On Sale Of Security": NaN,
        "Net Non Operating Interest Income Expense": NaN,
        "Total Other Finance Cost": 10600000.0,
        "Interest Expense Non Operating": NaN,
        "Interest Income Non Operating": NaN,
        "Operating Income": NaN,
        "Operating Expense": NaN,
        "Other Operating Expenses": 25000000.0,
        "Depreciation Amortization Depletion Income Statement": NaN,
        "Depreciation And Amortization In Income Statement": NaN,
        "Selling General And Administration": NaN,
        "Selling And Marketing Expense": NaN,
        "General And Administrative Expense": NaN,
        "Other Gand A": NaN,
        "Rent And Landing Fees": NaN,
        "Salaries And Wages": NaN,
        "Gross Profit": NaN,
        "Cost Of Revenue": NaN,
        "Total Revenue": NaN,
        "Operating Revenue": NaN
    },
    "2024-06-30": {
        "Tax Effect Of Unusual Items": NaN,
        "Tax Rate For Calcs": NaN,
        "Normalized EBITDA": NaN,
        "Total Unusual Items": -2500000.0,
        "Total Unusual Items Excluding Goodwill": -2500000.0,
        "Net Income From Continuing Operation Net Minority Interest": NaN,
        "Reconciled Depreciation": NaN,
        "Reconciled Cost Of Revenue": NaN,
        "EBITDA": NaN,
        "EBIT": NaN,
        "Net Interest Income": NaN,
        "Interest Expense": NaN,
        "Interest Income": NaN,
        "Normalized Income": NaN,
        "Net Income From Continuing And Discontinued Operation": NaN,
        "Total Expenses": NaN,
        "Rent Expense Supplemental": NaN,
        "Total Operating Income As Reported": NaN,
        "Diluted Average Shares": NaN,
        "Basic Average Shares": NaN,
        "Diluted EPS": NaN,
        "Basic EPS": NaN,
        "Diluted NI Availto Com Stockholders": NaN,
        "Net Income Common Stockholders": NaN,
        "Net Income": NaN,
        "Minority Interests": NaN,
        "Net Income Including Noncontrolling Interests": NaN,
        "Net Income Continuous Operations": NaN,
        "Tax Provision": NaN,
        "Pretax Income": NaN,
        "Other Income Expense": NaN,
        "Other Non Operating Income Expenses": NaN,
        "Special Income Charges": -2500000.0,
        "Gain On Sale Of Ppe": -2500000.0,
        "Gain On Sale Of Security": NaN,
        "Net Non Operating Interest Income Expense": NaN,
        "Total Other Finance Cost": NaN,
        "Interest Expense Non Operating": NaN,
        "Interest Income Non Operating": NaN,
        "Operating Income": NaN,
        "Operating Expense": NaN,
        "Other Operating Expenses": NaN,
        "Depreciation Amortization Depletion Income Statement": NaN,
        "Depreciation And Amortization In Income Statement": NaN,
        "Selling General And Administration": NaN,
        "Selling And Marketing Expense": NaN,
        "General And Administrative Expense": NaN,
        "Other Gand A": NaN,
        "Rent And Landing Fees": NaN,
        "Salaries And Wages": NaN,
        "Gross Profit": NaN,
        "Cost Of Revenue": NaN,
        "Total Revenue": NaN,
        "Operating Revenue": NaN
    },
    "2024-09-30": {
        "Tax Effect Of Unusual Items": 838614.900315,
        "Tax Rate For Calcs": 0.226653,
        "Normalized EBITDA": 574600000.0,
        "Total Unusual Items": 3700000.0,
        "Total Unusual Items Excluding Goodwill": 3700000.0,
        "Net Income From Continuing Operation Net Minority Interest": 207300000.0,
        "Reconciled Depreciation": 78500000.0,
        "Reconciled Cost Of Revenue": 7775600000.0,
        "EBITDA": 578300000.0,
        "EBIT": 499800000.0,
        "Net Interest Income": -99500000.0,
        "Interest Expense": 213900000.0,
        "Interest Income": 114400000.0,
        "Normalized Income": 204438614.900315,
        "Net Income From Continuing And Discontinued Operation": 207300000.0,
        "Total Expenses": 8840700000.0,
        "Rent Expense Supplemental": 97600000.0,
        "Total Operating Income As Reported": 421900000.0,
        "Diluted Average Shares": 26800000.0,
        "Basic Average Shares": 26600000.0,
        "Diluted EPS": 7.8,
        "Basic EPS": 7.860902,
        "Diluted NI Availto Com Stockholders": 207300000.0,
        "Net Income Common Stockholders": 207300000.0,
        "Net Income": 207300000.0,
        "Minority Interests": -13800000.0,
        "Net Income Including Noncontrolling Interests": 221100000.0,
        "Net Income Continuous Operations": 221100000.0,
        "Tax Provision": 64800000.0,
        "Pretax Income": 285900000.0,
        "Other Income Expense": 5100000.0,
        "Other Non Operating Income Expenses": 1400000.0,
        "Special Income Charges": -2000000.0,
        "Gain On Sale Of Ppe": -2000000.0,
        "Gain On Sale Of Security": NaN,
        "Net Non Operating Interest Income Expense": -99500000.0,
        "Total Other Finance Cost": NaN,
        "Interest Expense Non Operating": 213900000.0,
        "Interest Income Non Operating": 114400000.0,
        "Operating Income": 380300000.0,
        "Operating Expense": 1050100000.0,
        "Other Operating Expenses": 31800000.0,
        "Depreciation Amortization Depletion Income Statement": 63500000.0,
        "Depreciation And Amortization In Income Statement": 63500000.0,
        "Selling General And Administration": 954800000.0,
        "Selling And Marketing Expense": 61500000.0,
        "General And Administrative Expense": 893300000.0,
        "Other Gand A": 193400000.0,
        "Rent And Landing Fees": 97600000.0,
        "Salaries And Wages": 602300000.0,
        "Gross Profit": 1430400000.0,
        "Cost Of Revenue": 7790600000.0,
        "Total Revenue": 9221000000.0,
        "Operating Revenue": 9221000000.0
    },
    "2024-12-31": {
        "Tax Effect Of Unusual Items": 0.0,
        "Tax Rate For Calcs": 0.242942,
        "Normalized EBITDA": 629100000.0,
        "Total Unusual Items": NaN,
        "Total Unusual Items Excluding Goodwill": NaN,
        "Net Income From Continuing Operation Net Minority Interest": 216200000.0,
        "Reconciled Depreciation": 99500000.0,
        "Reconciled Cost Of Revenue": 7764500000.0,
        "EBITDA": 629100000.0,
        "EBIT": 529600000.0,
        "Net Interest Income": -127600000.0,
        "Interest Expense": 242700000.0,
        "Interest Income": 160000000.0,
        "Normalized Income": 216200000.0,
        "Net Income From Continuing And Discontinued Operation": 216200000.0,
        "Total Expenses": 8766400000.0,
        "Rent Expense Supplemental": 271600000.0,
        "Total Operating Income As Reported": 416300000.0,
        "Diluted Average Shares": 26600000.0,
        "Basic Average Shares": 26400000.0,
        "Diluted EPS": 8.12,
        "Basic EPS": 8.189394,
        "Diluted NI Availto Com Stockholders": 216200000.0,
        "Net Income Common Stockholders": 216200000.0,
        "Net Income": 216200000.0,
        "Minority Interests": -1000000.0,
        "Net Income Including Noncontrolling Interests": 217200000.0,
        "Net Income Continuous Operations": 217200000.0,
        "Tax Provision": 69700000.0,
        "Pretax Income": 286900000.0,
        "Other Income Expense": 7400000.0,
        "Other Non Operating Income Expenses": 3900000.0,
        "Special Income Charges": NaN,
        "Gain On Sale Of Ppe": NaN,
        "Gain On Sale Of Security": NaN,
        "Net Non Operating Interest Income Expense": -127600000.0,
        "Total Other Finance Cost": NaN,
        "Interest Expense Non Operating": 242700000.0,
        "Interest Income Non Operating": 160000000.0,
        "Operating Income": 407100000.0,
        "Operating Expense": 964400000.0,
        "Other Operating Expenses": 29700000.0,
        "Depreciation Amortization Depletion Income Statement": 62000000.0,
        "Depreciation And Amortization In Income Statement": 62000000.0,
        "Selling General And Administration": 872700000.0,
        "Selling And Marketing Expense": 63100000.0,
        "General And Administrative Expense": 809600000.0,
        "Other Gand A": -28100000.0,
        "Rent And Landing Fees": 271600000.0,
        "Salaries And Wages": 566100000.0,
        "Gross Profit": 1371500000.0,
        "Cost Of Revenue": 7802000000.0,
        "Total Revenue": 9173500000.0,
        "Operating Revenue": 9173500000.0
    },
    "2025-03-31": {
        "Tax Effect Of Unusual Items": 0.0,
        "Tax Rate For Calcs": 0.258,
        "Normalized EBITDA": 572200000.0,
        "Total Unusual Items": NaN,
        "Total Unusual Items Excluding Goodwill": NaN,
        "Net Income From Continuing Operation Net Minority Interest": 209500000.0,
        "Reconciled Depreciation": 100200000.0,
        "Reconciled Cost Of Revenue": 7731600000.0,
        "EBITDA": 572200000.0,
        "EBIT": 472000000.0,
        "Net Interest Income": -84600000.0,
        "Interest Expense": 187500000.0,
        "Interest Income": 114900000.0,
        "Normalized Income": 209500000.0,
        "Net Income From Continuing And Discontinued Operation": 209500000.0,
        "Total Expenses": 8810000000.0,
        "Rent Expense Supplemental": 99100000.0,
        "Total Operating Income As Reported": 406300000.0,
        "Diluted Average Shares": 26400000.0,
        "Basic Average Shares": 26272446.0,
        "Diluted EPS": 7.94,
        "Basic EPS": 7.974134,
        "Diluted NI Availto Com Stockholders": 209500000.0,
        "Net Income Common Stockholders": 209500000.0,
        "Net Income": 209500000.0,
        "Minority Interests": -1700000.0,
        "Net Income Including Noncontrolling Interests": 211200000.0,
        "Net Income Continuous Operations": 211200000.0,
        "Tax Provision": 73300000.0,
        "Pretax Income": 284500000.0,
        "Other Income Expense": 800000.0,
        "Other Non Operating Income Expenses": 800000.0,
        "Special Income Charges": NaN,
        "Gain On Sale Of Ppe": NaN,
        "Gain On Sale Of Security": NaN,
        "Net Non Operating Interest Income Expense": -84600000.0,
        "Total Other Finance Cost": 12000000.0,
        "Interest Expense Non Operating": 187500000.0,
        "Interest Income Non Operating": 114900000.0,
        "Operating Income": 368300000.0,
        "Operating Expense": 1042100000.0,
        "Other Operating Expenses": 25500000.0,
        "Depreciation Amortization Depletion Income Statement": 63900000.0,
        "Depreciation And Amortization In Income Statement": 63900000.0,
        "Selling General And Administration": 952700000.0,
        "Selling And Marketing Expense": 61300000.0,
        "General And Administrative Expense": 891400000.0,
        "Other Gand A": 184900000.0,
        "Rent And Landing Fees": 99100000.0,
        "Salaries And Wages": 607400000.0,
        "Gross Profit": 1410400000.0,
        "Cost Of Revenue": 7767900000.0,
        "Total Revenue": 9178300000.0,
        "Operating Revenue": 9178300000.0
    },
    "2025-06-30": {
        "Tax Effect Of Unusual Items": 0.0,
        "Tax Rate For Calcs": 0.266686,
        "Normalized EBITDA": 577800000.0,
        "Total Unusual Items": NaN,
        "Total Unusual Items Excluding Goodwill": NaN,
        "Net Income From Continuing Operation Net Minority Interest": 256100000.0,
        "Reconciled Depreciation": 104000000.0,
        "Reconciled Cost Of Revenue": 8059100000.0,
        "EBITDA": 577800000.0,
        "EBIT": 473800000.0,
        "Net Interest Income": -101600000.0,
        "Interest Expense": 121700000.0,
        "Interest Income": 20100000.0,
        "Normalized Income": 256100000.0,
        "Net Income From Continuing And Discontinued Operation": 256100000.0,
        "Total Expenses": 9177800000.0,
        "Rent Expense Supplemental": 99500000.0,
        "Total Operating Income As Reported": 425300000.0,
        "Diluted Average Shares": 25900000.0,
        "Basic Average Shares": 25700000.0,
        "Diluted EPS": 9.87,
        "Basic EPS": 9.964981,
        "Diluted NI Availto Com Stockholders": 256100000.0,
        "Net Income Common Stockholders": 256100000.0,
        "Net Income": 256100000.0,
        "Minority Interests": -2100000.0,
        "Net Income Including Noncontrolling Interests": 258200000.0,
        "Net Income Continuous Operations": 258200000.0,
        "Tax Provision": 93900000.0,
        "Pretax Income": 352100000.0,
        "Other Income Expense": 48500000.0,
        "Other Non Operating Income Expenses": 48500000.0,
        "Special Income Charges": NaN,
        "Gain On Sale Of Ppe": NaN,
        "Gain On Sale Of Security": NaN,
        "Net Non Operating Interest Income Expense": -101600000.0,
        "Total Other Finance Cost": NaN,
        "Interest Expense Non Operating": 121700000.0,
        "Interest Income Non Operating": 20100000.0,
        "Operating Income": 405200000.0,
        "Operating Expense": 1079900000.0,
        "Other Operating Expenses": NaN,
        "Depreciation Amortization Depletion Income Statement": 65200000.0,
        "Depreciation And Amortization In Income Statement": 65200000.0,
        "Selling General And Administration": 1014700000.0,
        "Selling And Marketing Expense": 64000000.0,
        "General And Administrative Expense": 950700000.0,
        "Other Gand A": 210200000.0,
        "Rent And Landing Fees": 99500000.0,
        "Salaries And Wages": 641000000.0,
        "Gross Profit": 1485100000.0,
        "Cost Of Revenue": 8097900000.0,
        "Total Revenue": 9583000000.0,
        "Operating Revenue": 9583000000.0
    },
    "2025-09-30": {
        "Tax Effect Of Unusual Items": -4890574.06095,
        "Tax Rate For Calcs": 0.225372,
        "Normalized EBITDA": 603200000.0,
        "Total Unusual Items": -21700000.0,
        "Total Unusual Items Excluding Goodwill": -21700000.0,
        "Net Income From Continuing Operation Net Minority Interest": 217100000.0,
        "Reconciled Depreciation": 102500000.0,
        "Reconciled Cost Of Revenue": 8172800000.0,
        "EBITDA": 581500000.0,
        "EBIT": 479000000.0,
        "Net Interest Income": -68500000.0,
        "Interest Expense": 196800000.0,
        "Interest Income": 128300000.0,
        "Normalized Income": 233909425.93905,
        "Net Income From Continuing And Discontinued Operation": 217100000.0,
        "Total Expenses": 9311800000.0,
        "Rent Expense Supplemental": 107600000.0,
        "Total Operating Income As Reported": 421600000.0,
        "Diluted Average Shares": 25200000.0,
        "Basic Average Shares": 24400000.0,
        "Diluted EPS": 8.61,
        "Basic EPS": 8.897541,
        "Diluted NI Availto Com Stockholders": 217100000.0,
        "Net Income Common Stockholders": 217100000.0,
        "Net Income": 217100000.0,
        "Minority Interests": -1500000.0,
        "Net Income Including Noncontrolling Interests": 218600000.0,
        "Net Income Continuous Operations": 218600000.0,
        "Tax Provision": 63600000.0,
        "Pretax Income": 282200000.0,
        "Other Income Expense": -13300000.0,
        "Other Non Operating Income Expenses": 8400000.0,
        "Special Income Charges": NaN,
        "Gain On Sale Of Ppe": NaN,
        "Gain On Sale Of Security": -21700000.0,
        "Net Non Operating Interest Income Expense": -68500000.0,
        "Total Other Finance Cost": NaN,
        "Interest Expense Non Operating": 196800000.0,
        "Interest Income Non Operating": 128300000.0,
        "Operating Income": 364000000.0,
        "Operating Expense": 1102000000.0,
        "Other Operating Expenses": 25800000.0,
        "Depreciation Amortization Depletion Income Statement": 65500000.0,
        "Depreciation And Amortization In Income Statement": 65500000.0,
        "Selling General And Administration": 1010700000.0,
        "Selling And Marketing Expense": 64900000.0,
        "General And Administrative Expense": 945800000.0,
        "Other Gand A": 218600000.0,
        "Rent And Landing Fees": 107600000.0,
        "Salaries And Wages": 619600000.0,
        "Gross Profit": 1466000000.0,
        "Cost Of Revenue": 8209800000.0,
        "Total Revenue": 9675800000.0,
        "Operating Revenue": 9675800000.0
    }
}