{
    "2024-09-30": {
        "Tax Effect Of Unusual Items": 0.0,
        "Tax Rate For Calcs": 0.0,
        "Normalized EBITDA": 4511000.0,
        "Total Unusual Items": -381000.0,
        "Total Unusual Items Excluding Goodwill": -381000.0,
        "Net Income From Continuing Operation Net Minority Interest": -2406000.0,
        "Reconciled Depreciation": 153000.0,
        "Reconciled Cost Of Revenue": NaN,
        "EBITDA": 4130000.0,
        "EBIT": 3977000.0,
        "Net Interest Income": 6824000.0,
        "Interest Expense": 6384000.0,
        "Interest Income": 13034000.0,
        "Normalized Income": -2025000.0,
        "Net Income From Continuing And Discontinued Operation": -2406000.0,
        "Total Expenses": 7807000.0,
        "Diluted Average Shares": 161451000.0,
        "Basic Average Shares": 161451000.0,
        "Diluted EPS": -0.01,
        "Basic EPS": -0.01,
        "Diluted NI Availto Com Stockholders": -2406000.0,
        "Net Income Common Stockholders": -2406000.0,
        "Net Income": -2406000.0,
        "Minority Interests": NaN,
        "Net Income Including Noncontrolling Interests": -2407000.0,
        "Net Income Discontinuous Operations": 0.0,
        "Net Income Continuous Operations": -2407000.0,
        "Tax Provision": 0.0,
        "Pretax Income": -2407000.0,
        "Other Income Expense": -1424000.0,
        "Special Income Charges": -805000.0,
        "Gain On Sale Of Business": NaN,
        "Restructuring And Mergern Acquisition": 805000.0,
        "Earnings From Equity Interest": -1043000.0,
        "Gain On Sale Of Security": 424000.0,
        "Net Non Operating Interest Income Expense": 6824000.0,
        "Total Other Finance Cost": -174000.0,
        "Interest Expense Non Operating": 6384000.0,
        "Interest Income Non Operating": 13034000.0,
        "Operating Income": -7807000.0,
        "Operating Expense": 7807000.0,
        "Other Operating Expenses": 1761000.0,
        "Depreciation Amortization Depletion Income Statement": 122000.0,
        "Depreciation And Amortization In Income Statement": 122000.0,
        "Depreciation Income Statement": 122000.0,
        "Selling General And Administration": 5924000.0,
        "General And Administrative Expense": 5924000.0,
        "Other Gand A": 1778000.0,
        "Salaries And Wages": 4146000.0,
        "Gross Profit": NaN,
        "Cost Of Revenue": NaN,
        "Total Revenue": 0.0,
        "Operating Revenue": 0.0
    },
    "2024-06-30": {
        "Tax Effect Of Unusual Items": 569925.0,
        "Tax Rate For Calcs": 0.085,
        "Normalized EBITDA": -8909000.0,
        "Total Unusual Items": 6705000.0,
        "Total Unusual Items Excluding Goodwill": 6705000.0,
        "Net Income From Continuing Operation Net Minority Interest": 2175000.0,
        "Reconciled Depreciation": 196000.0,
        "Reconciled Cost Of Revenue": 138000.0,
        "EBITDA": -2204000.0,
        "EBIT": -2400000.0,
        "Net Interest Income": 6260000.0,
        "Interest Expense": 6176000.0,
        "Interest Income": 12265000.0,
        "Normalized Income": -3960075.0,
        "Net Income From Continuing And Discontinued Operation": 2175000.0,
        "Total Expenses": 6983000.0,
        "Diluted Average Shares": 166199000.0,
        "Basic Average Shares": 161194000.0,
        "Diluted EPS": 0.01,
        "Basic EPS": 0.01,
        "Diluted NI Availto Com Stockholders": 2175000.0,
        "Net Income Common Stockholders": 2175000.0,
        "Net Income": 2175000.0,
        "Minority Interests": 0.0,
        "Net Income Including Noncontrolling Interests": 2175000.0,
        "Net Income Discontinuous Operations": 0.0,
        "Net Income Continuous Operations": 2175000.0,
        "Tax Provision": -10751000.0,
        "Pretax Income": -8576000.0,
        "Other Income Expense": -7853000.0,
        "Special Income Charges": -512000.0,
        "Gain On Sale Of Business": NaN,
        "Restructuring And Mergern Acquisition": 512000.0,
        "Earnings From Equity Interest": -14558000.0,
        "Gain On Sale Of Security": 7217000.0,
        "Net Non Operating Interest Income Expense": 6260000.0,
        "Total Other Finance Cost": -171000.0,
        "Interest Expense Non Operating": 6176000.0,
        "Interest Income Non Operating": 12265000.0,
        "Operating Income": -6983000.0,
        "Operating Expense": 6845000.0,
        "Other Operating Expenses": 2756000.0,
        "Depreciation Amortization Depletion Income Statement": 138000.0,
        "Depreciation And Amortization In Income Statement": 138000.0,
        "Depreciation Income Statement": 138000.0,
        "Selling General And Administration": 4089000.0,
        "General And Administrative Expense": 4089000.0,
        "Other Gand A": 1972000.0,
        "Salaries And Wages": 2117000.0,
        "Gross Profit": -138000.0,
        "Cost Of Revenue": 138000.0,
        "Total Revenue": 0.0,
        "Operating Revenue": 0.0
    },
    "2024-03-31": {
        "Tax Effect Of Unusual Items": NaN,
        "Tax Rate For Calcs": NaN,
        "Normalized EBITDA": NaN,
        "Total Unusual Items": NaN,
        "Total Unusual Items Excluding Goodwill": NaN,
        "Net Income From Continuing Operation Net Minority Interest": NaN,
        "Reconciled Depreciation": NaN,
        "Reconciled Cost Of Revenue": 177000.0,
        "EBITDA": NaN,
        "EBIT": NaN,
        "Net Interest Income": NaN,
        "Interest Expense": NaN,
        "Interest Income": NaN,
        "Normalized Income": NaN,
        "Net Income From Continuing And Discontinued Operation": NaN,
        "Total Expenses": NaN,
        "Diluted Average Shares": 160767000.0,
        "Basic Average Shares": 160767000.0,
        "Diluted EPS": -0.06,
        "Basic EPS": -0.06,
        "Diluted NI Availto Com Stockholders": NaN,
        "Net Income Common Stockholders": NaN,
        "Net Income": NaN,
        "Minority Interests": 0.0,
        "Net Income Including Noncontrolling Interests": NaN,
        "Net Income Discontinuous Operations": 0.0,
        "Net Income Continuous Operations": NaN,
        "Tax Provision": NaN,
        "Pretax Income": NaN,
        "Other Income Expense": NaN,
        "Special Income Charges": NaN,
        "Gain On Sale Of Business": -272000.0,
        "Restructuring And Mergern Acquisition": NaN,
        "Earnings From Equity Interest": NaN,
        "Gain On Sale Of Security": NaN,
        "Net Non Operating Interest Income Expense": NaN,
        "Total Other Finance Cost": NaN,
        "Interest Expense Non Operating": NaN,
        "Interest Income Non Operating": NaN,
        "Operating Income": NaN,
        "Operating Expense": NaN,
        "Other Operating Expenses": NaN,
        "Depreciation Amortization Depletion Income Statement": NaN,
        "Depreciation And Amortization In Income Statement": NaN,
        "Depreciation Income Statement": NaN,
        "Selling General And Administration": NaN,
        "General And Administrative Expense": NaN,
        "Other Gand A": NaN,
        "Salaries And Wages": NaN,
        "Gross Profit": -177000.0,
        "Cost Of Revenue": 177000.0,
        "Total Revenue": NaN,
        "Operating Revenue": NaN
    },
    "2023-12-31": {
        "Tax Effect Of Unusual Items": NaN,
        "Tax Rate For Calcs": NaN,
        "Normalized EBITDA": NaN,
        "Total Unusual Items": NaN,
        "Total Unusual Items Excluding Goodwill": NaN,
        "Net Income From Continuing Operation Net Minority Interest": NaN,
        "Reconciled Depreciation": NaN,
        "Reconciled Cost Of Revenue": NaN,
        "EBITDA": NaN,
        "EBIT": NaN,
        "Net Interest Income": NaN,
        "Interest Expense": NaN,
        "Interest Income": NaN,
        "Normalized Income": NaN,
        "Net Income From Continuing And Discontinued Operation": NaN,
        "Total Expenses": NaN,
        "Diluted Average Shares": NaN,
        "Basic Average Shares": NaN,
        "Diluted EPS": NaN,
        "Basic EPS": NaN,
        "Diluted NI Availto Com Stockholders": NaN,
        "Net Income Common Stockholders": NaN,
        "Net Income": NaN,
        "Minority Interests": NaN,
        "Net Income Including Noncontrolling Interests": NaN,
        "Net Income Discontinuous Operations": 1263380000.0,
        "Net Income Continuous Operations": NaN,
        "Tax Provision": NaN,
        "Pretax Income": NaN,
        "Other Income Expense": NaN,
        "Special Income Charges": NaN,
        "Gain On Sale Of Business": NaN,
        "Restructuring And Mergern Acquisition": NaN,
        "Earnings From Equity Interest": NaN,
        "Gain On Sale Of Security": NaN,
        "Net Non Operating Interest Income Expense": NaN,
        "Total Other Finance Cost": NaN,
        "Interest Expense Non Operating": NaN,
        "Interest Income Non Operating": NaN,
        "Operating Income": NaN,
        "Operating Expense": NaN,
        "Other Operating Expenses": NaN,
        "Depreciation Amortization Depletion Income Statement": 129000.0,
        "Depreciation And Amortization In Income Statement": 129000.0,
        "Depreciation Income Statement": 129000.0,
        "Selling General And Administration": NaN,
        "General And Administrative Expense": NaN,
        "Other Gand A": NaN,
        "Salaries And Wages": NaN,
        "Gross Profit": NaN,
        "Cost Of Revenue": NaN,
        "Total Revenue": NaN,
        "Operating Revenue": NaN
    },
    "2023-09-30": {
        "Tax Effect Of Unusual Items": NaN,
        "Tax Rate For Calcs": NaN,
        "Normalized EBITDA": NaN,
        "Total Unusual Items": NaN,
        "Total Unusual Items Excluding Goodwill": NaN,
        "Net Income From Continuing Operation Net Minority Interest": NaN,
        "Reconciled Depreciation": NaN,
        "Reconciled Cost Of Revenue": NaN,
        "EBITDA": NaN,
        "EBIT": NaN,
        "Net Interest Income": NaN,
        "Interest Expense": NaN,
        "Interest Income": NaN,
        "Normalized Income": NaN,
        "Net Income From Continuing And Discontinued Operation": NaN,
        "Total Expenses": NaN,
        "Diluted Average Shares": 163773000.0,
        "Basic Average Shares": 159919000.0,
        "Diluted EPS": 0.04,
        "Basic EPS": 0.04,
        "Diluted NI Availto Com Stockholders": NaN,
        "Net Income Common Stockholders": NaN,
        "Net Income": NaN,
        "Minority Interests": NaN,
        "Net Income Including Noncontrolling Interests": NaN,
        "Net Income Discontinuous Operations": NaN,
        "Net Income Continuous Operations": NaN,
        "Tax Provision": NaN,
        "Pretax Income": NaN,
        "Other Income Expense": NaN,
        "Special Income Charges": NaN,
        "Gain On Sale Of Business": NaN,
        "Restructuring And Mergern Acquisition": NaN,
        "Earnings From Equity Interest": NaN,
        "Gain On Sale Of Security": NaN,
        "Net Non Operating Interest Income Expense": NaN,
        "Total Other Finance Cost": NaN,
        "Interest Expense Non Operating": NaN,
        "Interest Income Non Operating": NaN,
        "Operating Income": NaN,
        "Operating Expense": NaN,
        "Other Operating Expenses": NaN,
        "Depreciation Amortization Depletion Income Statement": 100000.0,
        "Depreciation And Amortization In Income Statement": 100000.0,
        "Depreciation Income Statement": 100000.0,
        "Selling General And Administration": NaN,
        "General And Administrative Expense": NaN,
        "Other Gand A": NaN,
        "Salaries And Wages": NaN,
        "Gross Profit": NaN,
        "Cost Of Revenue": NaN,
        "Total Revenue": NaN,
        "Operating Revenue": NaN
    },
    "2023-06-30": {
        "Tax Effect Of Unusual Items": NaN,
        "Tax Rate For Calcs": NaN,
        "Normalized EBITDA": NaN,
        "Total Unusual Items": NaN,
        "Total Unusual Items Excluding Goodwill": NaN,
        "Net Income From Continuing Operation Net Minority Interest": NaN,
        "Reconciled Depreciation": NaN,
        "Reconciled Cost Of Revenue": NaN,
        "EBITDA": NaN,
        "EBIT": NaN,
        "Net Interest Income": NaN,
        "Interest Expense": NaN,
        "Interest Income": NaN,
        "Normalized Income": NaN,
        "Net Income From Continuing And Discontinued Operation": NaN,
        "Total Expenses": NaN,
        "Diluted Average Shares": 161822000.0,
        "Basic Average Shares": 157834000.0,
        "Diluted EPS": 0.16,
        "Basic EPS": 0.16,
        "Diluted NI Availto Com Stockholders": NaN,
        "Net Income Common Stockholders": NaN,
        "Net Income": NaN,
        "Net Income Including Noncontrolling Interests": NaN,
        "Net Income Discontinuous Operations": NaN,
        "Net Income Continuous Operations": NaN,
        "Tax Provision": 0.0,
        "Pretax Income": NaN,
        "Other Income Expense": NaN,
        "Special Income Charges": NaN,
        "Gain On Sale Of Business": NaN,
        "Restructuring And Mergern Acquisition": NaN,
        "Earnings From Equity Interest": NaN,
        "Gain On Sale Of Security": NaN,
        "Net Non Operating Interest Income Expense": NaN,
        "Total Other Finance Cost": NaN,
        "Interest Expense Non Operating": NaN,
        "Interest Income Non Operating": NaN,
        "Operating Income": NaN,
        "Operating Expense": NaN,
        "Other Operating Expenses": NaN,
        "Depreciation Amortization Depletion Income Statement": 98000.0,
        "Depreciation And Amortization In Income Statement": 98000.0,
        "Depreciation Income Statement": 98000.0,
        "Selling General And Administration": NaN,
        "General And Administrative Expense": NaN,
        "Other Gand A": NaN,
        "Salaries And Wages": NaN,
        "Gross Profit": NaN,
        "Cost Of Revenue": NaN,
        "Total Revenue": NaN,
        "Operating Revenue": NaN
    },
    "2024-12-31": {
        "Tax Effect Of Unusual Items": 0.0,
        "Tax Rate For Calcs": 0.0,
        "Normalized EBITDA": 5052000.0,
        "Total Unusual Items": -3117000.0,
        "Total Unusual Items Excluding Goodwill": -3117000.0,
        "Net Income From Continuing Operation Net Minority Interest": -4819000.0,
        "Reconciled Depreciation": 181000.0,
        "Reconciled Cost Of Revenue": NaN,
        "EBITDA": 1935000.0,
        "EBIT": 1754000.0,
        "Net Interest Income": 7323000.0,
        "Interest Expense": 6578000.0,
        "Interest Income": 13911000.0,
        "Normalized Income": -1702000.0,
        "Net Income From Continuing And Discontinued Operation": -4819000.0,
        "Total Expenses": 8658000.0,
        "Diluted Average Shares": NaN,
        "Basic Average Shares": NaN,
        "Diluted EPS": NaN,
        "Basic EPS": NaN,
        "Diluted NI Availto Com Stockholders": -4819000.0,
        "Net Income Common Stockholders": -4819000.0,
        "Net Income": -4819000.0,
        "Minority Interests": NaN,
        "Net Income Including Noncontrolling Interests": -4824000.0,
        "Net Income Discontinuous Operations": 0.0,
        "Net Income Continuous Operations": -4824000.0,
        "Tax Provision": 0.0,
        "Pretax Income": -4824000.0,
        "Other Income Expense": -3489000.0,
        "Special Income Charges": -4931000.0,
        "Gain On Sale Of Business": NaN,
        "Restructuring And Mergern Acquisition": 4755000.0,
        "Earnings From Equity Interest": -372000.0,
        "Gain On Sale Of Security": 1814000.0,
        "Net Non Operating Interest Income Expense": 7323000.0,
        "Total Other Finance Cost": 10000.0,
        "Interest Expense Non Operating": 6578000.0,
        "Interest Income Non Operating": 13911000.0,
        "Operating Income": -8658000.0,
        "Operating Expense": 8098000.0,
        "Other Operating Expenses": 2476000.0,
        "Depreciation Amortization Depletion Income Statement": NaN,
        "Depreciation And Amortization In Income Statement": NaN,
        "Depreciation Income Statement": NaN,
        "Selling General And Administration": 6059000.0,
        "General And Administrative Expense": 6059000.0,
        "Other Gand A": 1942000.0,
        "Salaries And Wages": 4117000.0,
        "Gross Profit": NaN,
        "Cost Of Revenue": NaN,
        "Total Revenue": 0.0,
        "Operating Revenue": 0.0
    },
    "2025-03-31": {
        "Tax Effect Of Unusual Items": -155720.0,
        "Tax Rate For Calcs": 0.085,
        "Normalized EBITDA": 3229000.0,
        "Total Unusual Items": -1832000.0,
        "Total Unusual Items Excluding Goodwill": -1832000.0,
        "Net Income From Continuing Operation Net Minority Interest": -7214000.0,
        "Reconciled Depreciation": 158000.0,
        "Reconciled Cost Of Revenue": 117000.0,
        "EBITDA": 1397000.0,
        "EBIT": 1239000.0,
        "Net Interest Income": 7117000.0,
        "Interest Expense": 6582000.0,
        "Interest Income": 13524000.0,
        "Normalized Income": -5537720.0,
        "Net Income From Continuing And Discontinued Operation": -7214000.0,
        "Total Expenses": 10147000.0,
        "Diluted Average Shares": 161943000.0,
        "Basic Average Shares": 161943000.0,
        "Diluted EPS": -0.04,
        "Basic EPS": -0.04,
        "Diluted NI Availto Com Stockholders": -7214000.0,
        "Net Income Common Stockholders": -7214000.0,
        "Net Income": -7214000.0,
        "Minority Interests": -44000.0,
        "Net Income Including Noncontrolling Interests": -7170000.0,
        "Net Income Discontinuous Operations": NaN,
        "Net Income Continuous Operations": -7170000.0,
        "Tax Provision": 1827000.0,
        "Pretax Income": -5343000.0,
        "Other Income Expense": -2313000.0,
        "Special Income Charges": -2158000.0,
        "Gain On Sale Of Business": -67000.0,
        "Restructuring And Mergern Acquisition": 2091000.0,
        "Earnings From Equity Interest": -481000.0,
        "Gain On Sale Of Security": 326000.0,
        "Net Non Operating Interest Income Expense": 7117000.0,
        "Total Other Finance Cost": -175000.0,
        "Interest Expense Non Operating": 6582000.0,
        "Interest Income Non Operating": 13524000.0,
        "Operating Income": -10147000.0,
        "Operating Expense": 10030000.0,
        "Other Operating Expenses": 1811000.0,
        "Depreciation Amortization Depletion Income Statement": NaN,
        "Depreciation And Amortization In Income Statement": NaN,
        "Depreciation Income Statement": NaN,
        "Selling General And Administration": 8219000.0,
        "General And Administrative Expense": 8219000.0,
        "Other Gand A": 1728000.0,
        "Salaries And Wages": 6491000.0,
        "Gross Profit": -117000.0,
        "Cost Of Revenue": 117000.0,
        "Total Revenue": 0.0,
        "Operating Revenue": 0.0
    },
    "2025-06-30": {
        "Tax Effect Of Unusual Items": 0.0,
        "Tax Rate For Calcs": 0.0,
        "Normalized EBITDA": 3070000.0,
        "Total Unusual Items": -208000.0,
        "Total Unusual Items Excluding Goodwill": -208000.0,
        "Net Income From Continuing Operation Net Minority Interest": -4089000.0,
        "Reconciled Depreciation": 108000.0,
        "Reconciled Cost Of Revenue": 68000.0,
        "EBITDA": 2862000.0,
        "EBIT": 2754000.0,
        "Net Interest Income": 7077000.0,
        "Interest Expense": 6854000.0,
        "Interest Income": 14300000.0,
        "Normalized Income": -3881000.0,
        "Net Income From Continuing And Discontinued Operation": -4089000.0,
        "Total Expenses": 10480000.0,
        "Diluted Average Shares": 161999000.0,
        "Basic Average Shares": 161999000.0,
        "Diluted EPS": -0.03,
        "Basic EPS": -0.03,
        "Diluted NI Availto Com Stockholders": -4089000.0,
        "Net Income Common Stockholders": -4089000.0,
        "Net Income": -4089000.0,
        "Minority Interests": 11000.0,
        "Net Income Including Noncontrolling Interests": -4100000.0,
        "Net Income Discontinuous Operations": NaN,
        "Net Income Continuous Operations": -4100000.0,
        "Tax Provision": 0.0,
        "Pretax Income": -4100000.0,
        "Other Income Expense": -697000.0,
        "Special Income Charges": -225000.0,
        "Gain On Sale Of Business": NaN,
        "Restructuring And Mergern Acquisition": 225000.0,
        "Earnings From Equity Interest": -489000.0,
        "Gain On Sale Of Security": 17000.0,
        "Net Non Operating Interest Income Expense": 7077000.0,
        "Total Other Finance Cost": 369000.0,
        "Interest Expense Non Operating": 6854000.0,
        "Interest Income Non Operating": 14300000.0,
        "Operating Income": -10480000.0,
        "Operating Expense": 10412000.0,
        "Other Operating Expenses": 2198000.0,
        "Depreciation Amortization Depletion Income Statement": NaN,
        "Depreciation And Amortization In Income Statement": NaN,
        "Depreciation Income Statement": NaN,
        "Selling General And Administration": 8214000.0,
        "General And Administrative Expense": 8214000.0,
        "Other Gand A": 2132000.0,
        "Salaries And Wages": 6082000.0,
        "Gross Profit": -68000.0,
        "Cost Of Revenue": 68000.0,
        "Total Revenue": 0.0,
        "Operating Revenue": 0.0
    }
}