{
    "2023-12-31": {
        "Tax Effect Of Unusual Items": 0.0,
        "Tax Rate For Calcs": 0.005605,
        "Normalized EBITDA": 102410000.0,
        "Total Unusual Items": NaN,
        "Total Unusual Items Excluding Goodwill": NaN,
        "Net Income From Continuing Operation Net Minority Interest": 63567000.0,
        "Reconciled Depreciation": 10771000.0,
        "Reconciled Cost Of Revenue": 586657000.0,
        "EBITDA": 102410000.0,
        "EBIT": 91639000.0,
        "Net Interest Income": -12816000.0,
        "Interest Expense": 19742000.0,
        "Interest Income": 6926000.0,
        "Normalized Income": 63567000.0,
        "Net Income From Continuing And Discontinued Operation": 63567000.0,
        "Total Expenses": 734363000.0,
        "Rent Expense Supplemental": 33436000.0,
        "Total Operating Income As Reported": 71897000.0,
        "Diluted Average Shares": 94989330.0,
        "Basic Average Shares": 90228532.0,
        "Diluted EPS": 0.65,
        "Basic EPS": 0.69,
        "Diluted NI Availto Com Stockholders": 62044000.0,
        "Average Dilution Earnings": 0.0,
        "Net Income Common Stockholders": 62044000.0,
        "Otherunder Preferred Stock Dividend": 1523000.0,
        "Net Income": 63567000.0,
        "Minority Interests": -7927000.0,
        "Net Income Including Noncontrolling Interests": 71494000.0,
        "Net Income Continuous Operations": 71494000.0,
        "Tax Provision": 403000.0,
        "Pretax Income": 71897000.0,
        "Other Income Expense": NaN,
        "Special Income Charges": NaN,
        "Restructuring And Mergern Acquisition": NaN,
        "Net Non Operating Interest Income Expense": -12816000.0,
        "Interest Expense Non Operating": 19742000.0,
        "Interest Income Non Operating": 6926000.0,
        "Operating Income": 84474000.0,
        "Operating Expense": 147706000.0,
        "Other Operating Expenses": 63548000.0,
        "Selling General And Administration": 83824000.0,
        "Selling And Marketing Expense": 27259000.0,
        "General And Administrative Expense": 56565000.0,
        "Other Gand A": 23129000.0,
        "Rent And Landing Fees": 33436000.0,
        "Gross Profit": 232180000.0,
        "Cost Of Revenue": 586657000.0,
        "Total Revenue": 818837000.0,
        "Operating Revenue": 770010000.0
    },
    "2023-09-30": {
        "Tax Effect Of Unusual Items": NaN,
        "Tax Rate For Calcs": NaN,
        "Normalized EBITDA": NaN,
        "Total Unusual Items": -96000.0,
        "Total Unusual Items Excluding Goodwill": -96000.0,
        "Net Income From Continuing Operation Net Minority Interest": NaN,
        "Reconciled Depreciation": NaN,
        "Reconciled Cost Of Revenue": NaN,
        "EBITDA": NaN,
        "EBIT": NaN,
        "Net Interest Income": NaN,
        "Interest Expense": NaN,
        "Interest Income": NaN,
        "Normalized Income": NaN,
        "Net Income From Continuing And Discontinued Operation": NaN,
        "Total Expenses": NaN,
        "Rent Expense Supplemental": NaN,
        "Total Operating Income As Reported": NaN,
        "Diluted Average Shares": NaN,
        "Basic Average Shares": NaN,
        "Diluted EPS": NaN,
        "Basic EPS": NaN,
        "Diluted NI Availto Com Stockholders": NaN,
        "Average Dilution Earnings": NaN,
        "Net Income Common Stockholders": NaN,
        "Otherunder Preferred Stock Dividend": NaN,
        "Net Income": NaN,
        "Minority Interests": NaN,
        "Net Income Including Noncontrolling Interests": NaN,
        "Net Income Continuous Operations": NaN,
        "Tax Provision": NaN,
        "Pretax Income": NaN,
        "Other Income Expense": -96000.0,
        "Special Income Charges": -96000.0,
        "Restructuring And Mergern Acquisition": 96000.0,
        "Net Non Operating Interest Income Expense": NaN,
        "Interest Expense Non Operating": NaN,
        "Interest Income Non Operating": NaN,
        "Operating Income": NaN,
        "Operating Expense": NaN,
        "Other Operating Expenses": NaN,
        "Selling General And Administration": NaN,
        "Selling And Marketing Expense": NaN,
        "General And Administrative Expense": NaN,
        "Other Gand A": NaN,
        "Rent And Landing Fees": NaN,
        "Gross Profit": NaN,
        "Cost Of Revenue": NaN,
        "Total Revenue": NaN,
        "Operating Revenue": NaN
    },
    "2023-06-30": {
        "Tax Effect Of Unusual Items": NaN,
        "Tax Rate For Calcs": NaN,
        "Normalized EBITDA": NaN,
        "Total Unusual Items": -95000.0,
        "Total Unusual Items Excluding Goodwill": -95000.0,
        "Net Income From Continuing Operation Net Minority Interest": NaN,
        "Reconciled Depreciation": NaN,
        "Reconciled Cost Of Revenue": NaN,
        "EBITDA": NaN,
        "EBIT": NaN,
        "Net Interest Income": NaN,
        "Interest Expense": NaN,
        "Interest Income": NaN,
        "Normalized Income": NaN,
        "Net Income From Continuing And Discontinued Operation": NaN,
        "Total Expenses": NaN,
        "Rent Expense Supplemental": NaN,
        "Total Operating Income As Reported": NaN,
        "Diluted Average Shares": NaN,
        "Basic Average Shares": NaN,
        "Diluted EPS": NaN,
        "Basic EPS": NaN,
        "Diluted NI Availto Com Stockholders": NaN,
        "Average Dilution Earnings": NaN,
        "Net Income Common Stockholders": NaN,
        "Otherunder Preferred Stock Dividend": NaN,
        "Net Income": NaN,
        "Minority Interests": NaN,
        "Net Income Including Noncontrolling Interests": NaN,
        "Net Income Continuous Operations": NaN,
        "Tax Provision": NaN,
        "Pretax Income": NaN,
        "Other Income Expense": -95000.0,
        "Special Income Charges": -95000.0,
        "Restructuring And Mergern Acquisition": 95000.0,
        "Net Non Operating Interest Income Expense": NaN,
        "Interest Expense Non Operating": NaN,
        "Interest Income Non Operating": NaN,
        "Operating Income": NaN,
        "Operating Expense": NaN,
        "Other Operating Expenses": NaN,
        "Selling General And Administration": NaN,
        "Selling And Marketing Expense": NaN,
        "General And Administrative Expense": NaN,
        "Other Gand A": NaN,
        "Rent And Landing Fees": NaN,
        "Gross Profit": NaN,
        "Cost Of Revenue": NaN,
        "Total Revenue": NaN,
        "Operating Revenue": NaN
    },
    "2023-03-31": {
        "Tax Effect Of Unusual Items": NaN,
        "Tax Rate For Calcs": NaN,
        "Normalized EBITDA": NaN,
        "Total Unusual Items": -48000.0,
        "Total Unusual Items Excluding Goodwill": -48000.0,
        "Net Income From Continuing Operation Net Minority Interest": NaN,
        "Reconciled Depreciation": NaN,
        "Reconciled Cost Of Revenue": NaN,
        "EBITDA": NaN,
        "EBIT": NaN,
        "Net Interest Income": NaN,
        "Interest Expense": NaN,
        "Interest Income": NaN,
        "Normalized Income": NaN,
        "Net Income From Continuing And Discontinued Operation": NaN,
        "Total Expenses": NaN,
        "Rent Expense Supplemental": NaN,
        "Total Operating Income As Reported": NaN,
        "Diluted Average Shares": NaN,
        "Basic Average Shares": NaN,
        "Diluted EPS": NaN,
        "Basic EPS": NaN,
        "Diluted NI Availto Com Stockholders": NaN,
        "Average Dilution Earnings": NaN,
        "Net Income Common Stockholders": NaN,
        "Otherunder Preferred Stock Dividend": NaN,
        "Net Income": NaN,
        "Minority Interests": NaN,
        "Net Income Including Noncontrolling Interests": NaN,
        "Net Income Continuous Operations": NaN,
        "Tax Provision": NaN,
        "Pretax Income": NaN,
        "Other Income Expense": -48000.0,
        "Special Income Charges": -48000.0,
        "Restructuring And Mergern Acquisition": 48000.0,
        "Net Non Operating Interest Income Expense": NaN,
        "Interest Expense Non Operating": NaN,
        "Interest Income Non Operating": NaN,
        "Operating Income": NaN,
        "Operating Expense": NaN,
        "Other Operating Expenses": NaN,
        "Selling General And Administration": NaN,
        "Selling And Marketing Expense": NaN,
        "General And Administrative Expense": NaN,
        "Other Gand A": NaN,
        "Rent And Landing Fees": NaN,
        "Gross Profit": NaN,
        "Cost Of Revenue": NaN,
        "Total Revenue": NaN,
        "Operating Revenue": NaN
    },
    "2024-03-31": {
        "Tax Effect Of Unusual Items": NaN,
        "Tax Rate For Calcs": NaN,
        "Normalized EBITDA": NaN,
        "Total Unusual Items": -68000.0,
        "Total Unusual Items Excluding Goodwill": -68000.0,
        "Net Income From Continuing Operation Net Minority Interest": NaN,
        "Reconciled Depreciation": NaN,
        "Reconciled Cost Of Revenue": NaN,
        "EBITDA": NaN,
        "EBIT": NaN,
        "Net Interest Income": NaN,
        "Interest Expense": NaN,
        "Interest Income": NaN,
        "Normalized Income": NaN,
        "Net Income From Continuing And Discontinued Operation": NaN,
        "Total Expenses": NaN,
        "Rent Expense Supplemental": NaN,
        "Total Operating Income As Reported": NaN,
        "Diluted Average Shares": NaN,
        "Basic Average Shares": NaN,
        "Diluted EPS": NaN,
        "Basic EPS": NaN,
        "Diluted NI Availto Com Stockholders": NaN,
        "Average Dilution Earnings": NaN,
        "Net Income Common Stockholders": NaN,
        "Otherunder Preferred Stock Dividend": NaN,
        "Net Income": NaN,
        "Minority Interests": NaN,
        "Net Income Including Noncontrolling Interests": NaN,
        "Net Income Continuous Operations": NaN,
        "Tax Provision": NaN,
        "Pretax Income": NaN,
        "Other Income Expense": -68000.0,
        "Special Income Charges": -68000.0,
        "Restructuring And Mergern Acquisition": 68000.0,
        "Net Non Operating Interest Income Expense": NaN,
        "Interest Expense Non Operating": NaN,
        "Interest Income Non Operating": NaN,
        "Operating Income": NaN,
        "Operating Expense": NaN,
        "Other Operating Expenses": NaN,
        "Selling General And Administration": NaN,
        "Selling And Marketing Expense": NaN,
        "General And Administrative Expense": NaN,
        "Other Gand A": NaN,
        "Rent And Landing Fees": NaN,
        "Gross Profit": NaN,
        "Cost Of Revenue": NaN,
        "Total Revenue": NaN,
        "Operating Revenue": NaN
    },
    "2022-12-31": {
        "Tax Effect Of Unusual Items": NaN,
        "Tax Rate For Calcs": NaN,
        "Normalized EBITDA": NaN,
        "Total Unusual Items": NaN,
        "Total Unusual Items Excluding Goodwill": NaN,
        "Net Income From Continuing Operation Net Minority Interest": NaN,
        "Reconciled Depreciation": NaN,
        "Reconciled Cost Of Revenue": NaN,
        "EBITDA": NaN,
        "EBIT": NaN,
        "Net Interest Income": NaN,
        "Interest Expense": NaN,
        "Interest Income": NaN,
        "Normalized Income": NaN,
        "Net Income From Continuing And Discontinued Operation": NaN,
        "Total Expenses": NaN,
        "Rent Expense Supplemental": NaN,
        "Total Operating Income As Reported": NaN,
        "Diluted Average Shares": NaN,
        "Basic Average Shares": NaN,
        "Diluted EPS": NaN,
        "Basic EPS": NaN,
        "Diluted NI Availto Com Stockholders": NaN,
        "Average Dilution Earnings": NaN,
        "Net Income Common Stockholders": NaN,
        "Otherunder Preferred Stock Dividend": NaN,
        "Net Income": NaN,
        "Minority Interests": NaN,
        "Net Income Including Noncontrolling Interests": NaN,
        "Net Income Continuous Operations": NaN,
        "Tax Provision": NaN,
        "Pretax Income": NaN,
        "Other Income Expense": NaN,
        "Special Income Charges": NaN,
        "Restructuring And Mergern Acquisition": NaN,
        "Net Non Operating Interest Income Expense": NaN,
        "Interest Expense Non Operating": NaN,
        "Interest Income Non Operating": NaN,
        "Operating Income": NaN,
        "Operating Expense": NaN,
        "Other Operating Expenses": NaN,
        "Depreciation Amortization Depletion Income Statement": 15000.0,
        "Depreciation And Amortization In Income Statement": 15000.0,
        "Amortization": 15000.0,
        "Amortization Of Intangibles Income Statement": 15000.0,
        "Selling General And Administration": NaN,
        "Selling And Marketing Expense": NaN,
        "General And Administrative Expense": NaN,
        "Other Gand A": NaN,
        "Rent And Landing Fees": NaN,
        "Gross Profit": NaN,
        "Cost Of Revenue": NaN,
        "Total Revenue": NaN,
        "Operating Revenue": NaN
    },
    "2022-09-30": {
        "Tax Effect Of Unusual Items": NaN,
        "Tax Rate For Calcs": NaN,
        "Normalized EBITDA": NaN,
        "Total Unusual Items": -15000.0,
        "Total Unusual Items Excluding Goodwill": -15000.0,
        "Net Income From Continuing Operation Net Minority Interest": NaN,
        "Reconciled Depreciation": NaN,
        "Reconciled Cost Of Revenue": NaN,
        "EBITDA": NaN,
        "EBIT": NaN,
        "Net Interest Income": NaN,
        "Interest Expense": NaN,
        "Interest Income": NaN,
        "Normalized Income": NaN,
        "Net Income From Continuing And Discontinued Operation": NaN,
        "Total Expenses": NaN,
        "Rent Expense Supplemental": NaN,
        "Total Operating Income As Reported": NaN,
        "Diluted Average Shares": NaN,
        "Basic Average Shares": NaN,
        "Diluted EPS": NaN,
        "Basic EPS": NaN,
        "Diluted NI Availto Com Stockholders": NaN,
        "Average Dilution Earnings": NaN,
        "Net Income Common Stockholders": NaN,
        "Otherunder Preferred Stock Dividend": NaN,
        "Net Income": NaN,
        "Minority Interests": NaN,
        "Net Income Including Noncontrolling Interests": NaN,
        "Net Income Continuous Operations": NaN,
        "Tax Provision": NaN,
        "Pretax Income": NaN,
        "Other Income Expense": -15000.0,
        "Special Income Charges": -15000.0,
        "Restructuring And Mergern Acquisition": 15000.0,
        "Net Non Operating Interest Income Expense": NaN,
        "Interest Expense Non Operating": NaN,
        "Interest Income Non Operating": NaN,
        "Operating Income": NaN,
        "Operating Expense": NaN,
        "Other Operating Expenses": NaN,
        "Depreciation Amortization Depletion Income Statement": 15000.0,
        "Depreciation And Amortization In Income Statement": 15000.0,
        "Amortization": 15000.0,
        "Amortization Of Intangibles Income Statement": 15000.0,
        "Selling General And Administration": NaN,
        "Selling And Marketing Expense": NaN,
        "General And Administrative Expense": NaN,
        "Other Gand A": NaN,
        "Rent And Landing Fees": NaN,
        "Gross Profit": NaN,
        "Cost Of Revenue": NaN,
        "Total Revenue": NaN,
        "Operating Revenue": NaN
    },
    "2024-06-30": {
        "Tax Effect Of Unusual Items": 0.0,
        "Tax Rate For Calcs": 0.182071,
        "Normalized EBITDA": 95467000.0,
        "Total Unusual Items": -68000.0,
        "Total Unusual Items Excluding Goodwill": -68000.0,
        "Net Income From Continuing Operation Net Minority Interest": 49909000.0,
        "Reconciled Depreciation": 9185000.0,
        "Reconciled Cost Of Revenue": 452560000.0,
        "EBITDA": 95467000.0,
        "EBIT": 86282000.0,
        "Net Interest Income": -9788000.0,
        "Interest Expense": 22642000.0,
        "Interest Income": 12854000.0,
        "Normalized Income": 49909000.0,
        "Net Income From Continuing And Discontinued Operation": 49909000.0,
        "Total Expenses": 621709000.0,
        "Rent Expense Supplemental": 32031000.0,
        "Total Operating Income As Reported": 63640000.0,
        "Diluted Average Shares": 100627867.0,
        "Basic Average Shares": 92886364.0,
        "Diluted EPS": 0.49,
        "Basic EPS": 0.53,
        "Diluted NI Availto Com Stockholders": 49242000.0,
        "Average Dilution Earnings": 206000.0,
        "Net Income Common Stockholders": 49036000.0,
        "Otherunder Preferred Stock Dividend": 873000.0,
        "Net Income": 49909000.0,
        "Minority Interests": -2144000.0,
        "Net Income Including Noncontrolling Interests": 52053000.0,
        "Net Income Continuous Operations": 52053000.0,
        "Tax Provision": 11587000.0,
        "Pretax Income": 63640000.0,
        "Other Income Expense": -68000.0,
        "Special Income Charges": -68000.0,
        "Restructuring And Mergern Acquisition": 68000.0,
        "Net Non Operating Interest Income Expense": -9788000.0,
        "Interest Expense Non Operating": 22642000.0,
        "Interest Income Non Operating": 12854000.0,
        "Operating Income": 73428000.0,
        "Operating Expense": 169149000.0,
        "Other Operating Expenses": 60777000.0,
        "Selling General And Administration": 108372000.0,
        "Selling And Marketing Expense": 25493000.0,
        "General And Administrative Expense": 82879000.0,
        "Other Gand A": 50848000.0,
        "Rent And Landing Fees": 32031000.0,
        "Gross Profit": 242577000.0,
        "Cost Of Revenue": 452560000.0,
        "Total Revenue": 695137000.0,
        "Operating Revenue": 676687000.0
    },
    "2024-09-30": {
        "Tax Effect Of Unusual Items": -14840.0,
        "Tax Rate For Calcs": 0.28,
        "Normalized EBITDA": 192942000.0,
        "Total Unusual Items": -53000.0,
        "Total Unusual Items Excluding Goodwill": -53000.0,
        "Net Income From Continuing Operation Net Minority Interest": 107938000.0,
        "Reconciled Depreciation": 9154000.0,
        "Reconciled Cost Of Revenue": 465405000.0,
        "EBITDA": 192889000.0,
        "EBIT": 183735000.0,
        "Net Interest Income": -7543000.0,
        "Interest Expense": 22548000.0,
        "Interest Income": 15005000.0,
        "Normalized Income": 107976160.0,
        "Net Income From Continuing And Discontinued Operation": 107938000.0,
        "Total Expenses": 623626000.0,
        "Rent Expense Supplemental": 34249000.0,
        "Total Operating Income As Reported": 161187000.0,
        "Diluted Average Shares": 103475234.0,
        "Basic Average Shares": 93627476.0,
        "Diluted EPS": 1.02,
        "Basic EPS": 1.13,
        "Diluted NI Availto Com Stockholders": 105822000.0,
        "Average Dilution Earnings": 463000.0,
        "Net Income Common Stockholders": 105359000.0,
        "Otherunder Preferred Stock Dividend": 2579000.0,
        "Net Income": 107938000.0,
        "Minority Interests": -8197000.0,
        "Net Income Including Noncontrolling Interests": 116135000.0,
        "Net Income Continuous Operations": 116135000.0,
        "Tax Provision": 45052000.0,
        "Pretax Income": 161187000.0,
        "Other Income Expense": -53000.0,
        "Special Income Charges": -53000.0,
        "Restructuring And Mergern Acquisition": 53000.0,
        "Net Non Operating Interest Income Expense": -7543000.0,
        "Interest Expense Non Operating": 22548000.0,
        "Interest Income Non Operating": 15005000.0,
        "Operating Income": 168783000.0,
        "Operating Expense": 158221000.0,
        "Other Operating Expenses": 54653000.0,
        "Selling General And Administration": 103568000.0,
        "Selling And Marketing Expense": 21782000.0,
        "General And Administrative Expense": 81786000.0,
        "Other Gand A": 47537000.0,
        "Rent And Landing Fees": 34249000.0,
        "Gross Profit": 327004000.0,
        "Cost Of Revenue": 465405000.0,
        "Total Revenue": 792409000.0,
        "Operating Revenue": 645048000.0
    },
    "2024-12-31": {
        "Tax Effect Of Unusual Items": 0.0,
        "Tax Rate For Calcs": 0.268836,
        "Normalized EBITDA": 138041000.0,
        "Total Unusual Items": NaN,
        "Total Unusual Items Excluding Goodwill": NaN,
        "Net Income From Continuing Operation Net Minority Interest": 86310000.0,
        "Reconciled Depreciation": 8808000.0,
        "Reconciled Cost Of Revenue": 534423000.0,
        "EBITDA": 138041000.0,
        "EBIT": 129233000.0,
        "Net Interest Income": -7875000.0,
        "Interest Expense": 22149000.0,
        "Interest Income": 14274000.0,
        "Normalized Income": 86310000.0,
        "Net Income From Continuing And Discontinued Operation": 86310000.0,
        "Total Expenses": 709974000.0,
        "Rent Expense Supplemental": 33798000.0,
        "Total Operating Income As Reported": 107084000.0,
        "Diluted Average Shares": 106113813.0,
        "Basic Average Shares": 94783104.0,
        "Diluted EPS": 0.8,
        "Basic EPS": 0.89,
        "Diluted NI Availto Com Stockholders": 84525000.0,
        "Average Dilution Earnings": 369000.0,
        "Net Income Common Stockholders": 84156000.0,
        "Otherunder Preferred Stock Dividend": 2154000.0,
        "Net Income": 86310000.0,
        "Minority Interests": 8014000.0,
        "Net Income Including Noncontrolling Interests": 78296000.0,
        "Net Income Continuous Operations": 78296000.0,
        "Tax Provision": 28788000.0,
        "Pretax Income": 107084000.0,
        "Other Income Expense": NaN,
        "Special Income Charges": NaN,
        "Restructuring And Mergern Acquisition": NaN,
        "Net Non Operating Interest Income Expense": -7875000.0,
        "Interest Expense Non Operating": 22149000.0,
        "Interest Income Non Operating": 14274000.0,
        "Operating Income": 114770000.0,
        "Operating Expense": 175551000.0,
        "Other Operating Expenses": 63304000.0,
        "Selling General And Administration": 112247000.0,
        "Selling And Marketing Expense": 28572000.0,
        "General And Administrative Expense": 83675000.0,
        "Other Gand A": 49877000.0,
        "Rent And Landing Fees": 33798000.0,
        "Gross Profit": 290321000.0,
        "Cost Of Revenue": 534423000.0,
        "Total Revenue": 824744000.0,
        "Operating Revenue": 810601000.0
    },
    "2025-03-31": {
        "Tax Effect Of Unusual Items": 0.0,
        "Tax Rate For Calcs": 0.21,
        "Normalized EBITDA": 84191000.0,
        "Total Unusual Items": NaN,
        "Total Unusual Items Excluding Goodwill": NaN,
        "Net Income From Continuing Operation Net Minority Interest": 60375000.0,
        "Reconciled Depreciation": 8443000.0,
        "Reconciled Cost Of Revenue": 430270000.0,
        "EBITDA": 84191000.0,
        "EBIT": 75748000.0,
        "Net Interest Income": -9451000.0,
        "Interest Expense": 21113000.0,
        "Interest Income": 11662000.0,
        "Normalized Income": 60375000.0,
        "Net Income From Continuing And Discontinued Operation": 60375000.0,
        "Total Expenses": 593416000.0,
        "Rent Expense Supplemental": 35413000.0,
        "Total Operating Income As Reported": 54635000.0,
        "Diluted Average Shares": 104828753.0,
        "Basic Average Shares": 95255423.0,
        "Diluted EPS": 0.56,
        "Basic EPS": 0.61,
        "Diluted NI Availto Com Stockholders": 58565000.0,
        "Average Dilution Earnings": 0.0,
        "Net Income Common Stockholders": 58565000.0,
        "Otherunder Preferred Stock Dividend": 1810000.0,
        "Net Income": 60375000.0,
        "Minority Interests": -1614000.0,
        "Net Income Including Noncontrolling Interests": 61989000.0,
        "Net Income Continuous Operations": 61989000.0,
        "Tax Provision": -7354000.0,
        "Pretax Income": 54635000.0,
        "Other Income Expense": NaN,
        "Special Income Charges": NaN,
        "Restructuring And Mergern Acquisition": NaN,
        "Net Non Operating Interest Income Expense": -9451000.0,
        "Interest Expense Non Operating": 21113000.0,
        "Interest Income Non Operating": 11662000.0,
        "Operating Income": 64086000.0,
        "Operating Expense": 163146000.0,
        "Other Operating Expenses": 54620000.0,
        "Selling General And Administration": 108526000.0,
        "Selling And Marketing Expense": 27731000.0,
        "General And Administrative Expense": 80795000.0,
        "Other Gand A": 45382000.0,
        "Rent And Landing Fees": 35413000.0,
        "Gross Profit": 227232000.0,
        "Cost Of Revenue": 430270000.0,
        "Total Revenue": 657502000.0,
        "Operating Revenue": 624983000.0
    },
    "2025-06-30": {
        "Tax Effect Of Unusual Items": 0.0,
        "Tax Rate For Calcs": 0.341251,
        "Normalized EBITDA": 122871000.0,
        "Total Unusual Items": NaN,
        "Total Unusual Items Excluding Goodwill": NaN,
        "Net Income From Continuing Operation Net Minority Interest": 55346000.0,
        "Reconciled Depreciation": 8627000.0,
        "Reconciled Cost Of Revenue": 519208000.0,
        "EBITDA": 122871000.0,
        "EBIT": 114244000.0,
        "Net Interest Income": -11956000.0,
        "Interest Expense": 21163000.0,
        "Interest Income": 9207000.0,
        "Normalized Income": 55346000.0,
        "Net Income From Continuing And Discontinued Operation": 55346000.0,
        "Total Expenses": 702916000.0,
        "Rent Expense Supplemental": 33703000.0,
        "Total Operating Income As Reported": 93081000.0,
        "Diluted Average Shares": 104870193.0,
        "Basic Average Shares": 96394871.0,
        "Diluted EPS": 1.08,
        "Basic EPS": 1.17,
        "Diluted NI Availto Com Stockholders": 54442000.0,
        "Average Dilution Earnings": 0.0,
        "Net Income Common Stockholders": 54442000.0,
        "Otherunder Preferred Stock Dividend": 904000.0,
        "Net Income": 55346000.0,
        "Minority Interests": -5971000.0,
        "Net Income Including Noncontrolling Interests": 61317000.0,
        "Net Income Continuous Operations": 61317000.0,
        "Tax Provision": 31764000.0,
        "Pretax Income": 93081000.0,
        "Other Income Expense": NaN,
        "Special Income Charges": NaN,
        "Restructuring And Mergern Acquisition": NaN,
        "Net Non Operating Interest Income Expense": -11956000.0,
        "Interest Expense Non Operating": 21163000.0,
        "Interest Income Non Operating": 9207000.0,
        "Operating Income": 105037000.0,
        "Operating Expense": 183708000.0,
        "Other Operating Expenses": 65769000.0,
        "Selling General And Administration": 117939000.0,
        "Selling And Marketing Expense": 29593000.0,
        "General And Administrative Expense": 88346000.0,
        "Other Gand A": 54643000.0,
        "Rent And Landing Fees": 33703000.0,
        "Gross Profit": 288745000.0,
        "Cost Of Revenue": 519208000.0,
        "Total Revenue": 807953000.0,
        "Operating Revenue": 768831000.0
    }
}