{
    "2023-03-31": {
        "Tax Effect Of Unusual Items": NaN,
        "Tax Rate For Calcs": NaN,
        "Normalized EBITDA": NaN,
        "Total Unusual Items": NaN,
        "Total Unusual Items Excluding Goodwill": NaN,
        "Net Income From Continuing Operation Net Minority Interest": NaN,
        "Reconciled Depreciation": NaN,
        "Reconciled Cost Of Revenue": NaN,
        "EBITDA": NaN,
        "EBIT": NaN,
        "Net Interest Income": NaN,
        "Interest Expense": NaN,
        "Interest Income": NaN,
        "Normalized Income": NaN,
        "Net Income From Continuing And Discontinued Operation": NaN,
        "Total Expenses": NaN,
        "Total Operating Income As Reported": NaN,
        "Diluted Average Shares": NaN,
        "Basic Average Shares": NaN,
        "Diluted EPS": NaN,
        "Basic EPS": NaN,
        "Diluted NI Availto Com Stockholders": NaN,
        "Average Dilution Earnings": NaN,
        "Net Income Common Stockholders": NaN,
        "Net Income": NaN,
        "Net Income Including Noncontrolling Interests": NaN,
        "Net Income Continuous Operations": NaN,
        "Tax Provision": NaN,
        "Pretax Income": NaN,
        "Other Income Expense": NaN,
        "Other Non Operating Income Expenses": -4065000.0,
        "Special Income Charges": NaN,
        "Other Special Charges": NaN,
        "Impairment Of Capital Assets": NaN,
        "Restructuring And Mergern Acquisition": NaN,
        "Gain On Sale Of Security": NaN,
        "Net Non Operating Interest Income Expense": NaN,
        "Interest Expense Non Operating": NaN,
        "Interest Income Non Operating": NaN,
        "Operating Income": NaN,
        "Operating Expense": NaN,
        "Research And Development": NaN,
        "Selling General And Administration": NaN,
        "Selling And Marketing Expense": NaN,
        "General And Administrative Expense": NaN,
        "Other Gand A": NaN,
        "Gross Profit": NaN,
        "Cost Of Revenue": NaN,
        "Total Revenue": NaN,
        "Operating Revenue": NaN
    },
    "2022-12-31": {
        "Tax Effect Of Unusual Items": -722190.0,
        "Tax Rate For Calcs": 0.21,
        "Normalized EBITDA": -135367000.0,
        "Total Unusual Items": -3439000.0,
        "Total Unusual Items Excluding Goodwill": -3439000.0,
        "Net Income From Continuing Operation Net Minority Interest": -144817000.0,
        "Reconciled Depreciation": 3898000.0,
        "Reconciled Cost Of Revenue": 27726000.0,
        "EBITDA": -138806000.0,
        "EBIT": -142704000.0,
        "Net Interest Income": -595000.0,
        "Interest Expense": 2007000.0,
        "Interest Income": 1412000.0,
        "Normalized Income": -142100190.0,
        "Net Income From Continuing And Discontinued Operation": -144817000.0,
        "Total Expenses": 151803000.0,
        "Total Operating Income As Reported": -140677000.0,
        "Diluted Average Shares": 363996601.0,
        "Basic Average Shares": 363996601.0,
        "Diluted EPS": -0.4,
        "Basic EPS": -0.4,
        "Diluted NI Availto Com Stockholders": -144817000.0,
        "Net Income Common Stockholders": -144817000.0,
        "Net Income": -144817000.0,
        "Net Income Including Noncontrolling Interests": -144817000.0,
        "Net Income Continuous Operations": -144817000.0,
        "Tax Provision": 106000.0,
        "Pretax Income": -144711000.0,
        "Other Income Expense": -3439000.0,
        "Other Non Operating Income Expenses": NaN,
        "Gain On Sale Of Security": 2577000.0,
        "Net Non Operating Interest Income Expense": -595000.0,
        "Interest Expense Non Operating": 2007000.0,
        "Interest Income Non Operating": 1412000.0,
        "Operating Income": -140677000.0,
        "Operating Expense": 124077000.0,
        "Research And Development": 64925000.0,
        "Selling General And Administration": 59152000.0,
        "Selling And Marketing Expense": 11974000.0,
        "General And Administrative Expense": 47178000.0,
        "Other Gand A": 47178000.0,
        "Gross Profit": -16600000.0,
        "Cost Of Revenue": 27726000.0,
        "Total Revenue": 11126000.0,
        "Operating Revenue": 11126000.0
    },
    "2022-09-30": {
        "Tax Effect Of Unusual Items": NaN,
        "Tax Rate For Calcs": NaN,
        "Normalized EBITDA": NaN,
        "Total Unusual Items": NaN,
        "Total Unusual Items Excluding Goodwill": NaN,
        "Net Income From Continuing Operation Net Minority Interest": NaN,
        "Reconciled Depreciation": NaN,
        "Reconciled Cost Of Revenue": NaN,
        "EBITDA": NaN,
        "EBIT": NaN,
        "Net Interest Income": NaN,
        "Interest Expense": NaN,
        "Interest Income": NaN,
        "Normalized Income": NaN,
        "Net Income From Continuing And Discontinued Operation": NaN,
        "Total Expenses": NaN,
        "Total Operating Income As Reported": NaN,
        "Diluted Average Shares": NaN,
        "Basic Average Shares": NaN,
        "Diluted EPS": NaN,
        "Basic EPS": NaN,
        "Diluted NI Availto Com Stockholders": NaN,
        "Net Income Common Stockholders": NaN,
        "Net Income": NaN,
        "Net Income Including Noncontrolling Interests": NaN,
        "Net Income Continuous Operations": NaN,
        "Tax Provision": NaN,
        "Pretax Income": NaN,
        "Other Income Expense": NaN,
        "Other Non Operating Income Expenses": -83000.0,
        "Special Income Charges": NaN,
        "Restructuring And Mergern Acquisition": NaN,
        "Gain On Sale Of Security": NaN,
        "Net Non Operating Interest Income Expense": NaN,
        "Interest Expense Non Operating": NaN,
        "Interest Income Non Operating": NaN,
        "Operating Income": NaN,
        "Operating Expense": NaN,
        "Research And Development": NaN,
        "Selling General And Administration": NaN,
        "Selling And Marketing Expense": NaN,
        "General And Administrative Expense": NaN,
        "Other Gand A": NaN,
        "Gross Profit": NaN,
        "Cost Of Revenue": NaN,
        "Total Revenue": NaN,
        "Operating Revenue": NaN
    },
    "2022-06-30": {
        "Tax Effect Of Unusual Items": 1601.320707,
        "Tax Rate For Calcs": 0.000136,
        "Normalized EBITDA": -103837000.0,
        "Total Unusual Items": 11733000.0,
        "Total Unusual Items Excluding Goodwill": 11733000.0,
        "Net Income From Continuing Operation Net Minority Interest": -95239000.0,
        "Reconciled Depreciation": 1739000.0,
        "Reconciled Cost Of Revenue": 28092000.0,
        "EBITDA": -92104000.0,
        "EBIT": -92104000.0,
        "Net Interest Income": -2545000.0,
        "Interest Expense": 3148000.0,
        "Interest Income": 603000.0,
        "Normalized Income": -106970398.679293,
        "Net Income From Continuing And Discontinued Operation": -95239000.0,
        "Total Expenses": 114372000.0,
        "Total Operating Income As Reported": -104440000.0,
        "Diluted Average Shares": 352054529.0,
        "Basic Average Shares": 352054529.0,
        "Diluted EPS": -0.27,
        "Basic EPS": -0.27,
        "Diluted NI Availto Com Stockholders": -95239000.0,
        "Net Income Common Stockholders": -95239000.0,
        "Net Income": -95239000.0,
        "Net Income Including Noncontrolling Interests": -95239000.0,
        "Net Income Continuous Operations": -95239000.0,
        "Tax Provision": -13000.0,
        "Pretax Income": -95252000.0,
        "Other Income Expense": 11733000.0,
        "Other Non Operating Income Expenses": NaN,
        "Special Income Charges": NaN,
        "Write Off": NaN,
        "Gain On Sale Of Security": 11733000.0,
        "Net Non Operating Interest Income Expense": -2545000.0,
        "Interest Expense Non Operating": 3148000.0,
        "Interest Income Non Operating": 603000.0,
        "Operating Income": -104440000.0,
        "Operating Expense": 86280000.0,
        "Research And Development": 40941000.0,
        "Selling General And Administration": 45339000.0,
        "Selling And Marketing Expense": 7189000.0,
        "General And Administrative Expense": 38150000.0,
        "Other Gand A": 38150000.0,
        "Salaries And Wages": NaN,
        "Gross Profit": -18160000.0,
        "Cost Of Revenue": 28092000.0,
        "Total Revenue": 9932000.0,
        "Operating Revenue": 9932000.0
    },
    "2022-03-31": {
        "Diluted EPS": -0.25,
        "Total Revenue": 7,
        "Gross Profit": -10,
        "Operating Income": -82,
        "EBIT": -80,
        "Net Income": -88
    },
    "2021-12-31": {
        "Diluted EPS": -0.2,
        "Total Revenue": 12,
        "Gross Profit": -7,
        "Operating Income": -71,
        "EBIT": -68,
        "Net Income": -74
    },
    "2021-09-30": {
        "Diluted EPS": -0.15,
        "Total Revenue": 8,
        "Gross Profit": -3,
        "Operating Income": -70,
        "EBIT": -69,
        "Net Income": -51
    },
    "2021-06-30": {
        "Diluted EPS": -0.11,
        "Total Revenue": 6,
        "Gross Profit": -2,
        "Operating Income": -44,
        "EBIT": -43,
        "Net Income": -37
    },
    "2021-03-31": {
        "Diluted EPS": -0.23,
        "Total Revenue": 5,
        "Gross Profit": -2,
        "Operating Income": -29,
        "EBIT": -28,
        "Net Income": -76
    },
    "2020-12-31": {
        "Diluted EPS": -1.93,
        "Total Revenue": 2,
        "Gross Profit": -4,
        "Operating Income": -30,
        "EBIT": -30,
        "Net Income": -291
    },
    "2020-09-30": {
        "Diluted EPS": -0.29,
        "Total Revenue": 4,
        "Gross Profit": -3,
        "Operating Income": -22,
        "EBIT": -21,
        "Net Income": -37
    },
    "2020-06-30": {
        "Diluted EPS": -0.2,
        "Total Revenue": 3,
        "Gross Profit": -4,
        "Operating Income": -20,
        "EBIT": -19,
        "Net Income": -25
    },
    "2020-03-31": {
        "Diluted EPS": -0.12,
        "Total Revenue": 4,
        "Gross Profit": 0,
        "Operating Income": -15,
        "EBIT": -14,
        "Net Income": -16
    },
    "2019-12-31": {
        "Diluted EPS": -0.93,
        "Total Revenue": NaN,
        "Gross Profit": NaN,
        "Operating Income": -75,
        "EBIT": -75,
        "Net Income": -104
    },
    "2019-09-30": {
        "Diluted EPS": 0.03,
        "Total Revenue": NaN,
        "Gross Profit": NaN,
        "Operating Income": 0,
        "EBIT": 0,
        "Net Income": 2
    },
    "2019-06-30": {
        "Diluted EPS": 0.04,
        "Total Revenue": NaN,
        "Gross Profit": NaN,
        "Operating Income": 0,
        "EBIT": 0,
        "Net Income": 2
    },
    "2019-03-31": {
        "Diluted EPS": 0.03,
        "Total Revenue": NaN,
        "Gross Profit": NaN,
        "Operating Income": 0,
        "EBIT": 0,
        "Net Income": 1
    },
    "2018-12-31": {
        "Diluted EPS": 0.0,
        "Total Revenue": NaN,
        "Gross Profit": NaN,
        "Operating Income": NaN,
        "EBIT": NaN,
        "Net Income": NaN
    },
    "2023-06-30": {
        "Tax Effect Of Unusual Items": NaN,
        "Tax Rate For Calcs": NaN,
        "Normalized EBITDA": NaN,
        "Total Unusual Items": NaN,
        "Total Unusual Items Excluding Goodwill": NaN,
        "Net Income From Continuing Operation Net Minority Interest": NaN,
        "Reconciled Depreciation": NaN,
        "Reconciled Cost Of Revenue": NaN,
        "EBITDA": NaN,
        "EBIT": NaN,
        "Net Interest Income": NaN,
        "Interest Expense": NaN,
        "Interest Income": NaN,
        "Normalized Income": NaN,
        "Net Income From Continuing And Discontinued Operation": NaN,
        "Total Expenses": NaN,
        "Total Operating Income As Reported": NaN,
        "Diluted Average Shares": NaN,
        "Basic Average Shares": NaN,
        "Diluted EPS": NaN,
        "Basic EPS": NaN,
        "Diluted NI Availto Com Stockholders": NaN,
        "Average Dilution Earnings": NaN,
        "Net Income Common Stockholders": NaN,
        "Net Income": NaN,
        "Net Income Including Noncontrolling Interests": NaN,
        "Net Income Continuous Operations": NaN,
        "Tax Provision": NaN,
        "Pretax Income": NaN,
        "Other Income Expense": NaN,
        "Other Non Operating Income Expenses": 1787000.0,
        "Special Income Charges": 0.0,
        "Other Special Charges": NaN,
        "Impairment Of Capital Assets": NaN,
        "Restructuring And Mergern Acquisition": 0.0,
        "Gain On Sale Of Security": NaN,
        "Net Non Operating Interest Income Expense": NaN,
        "Interest Expense Non Operating": NaN,
        "Interest Income Non Operating": NaN,
        "Operating Income": NaN,
        "Operating Expense": NaN,
        "Research And Development": NaN,
        "Selling General And Administration": NaN,
        "Selling And Marketing Expense": NaN,
        "General And Administrative Expense": NaN,
        "Other Gand A": NaN,
        "Gross Profit": NaN,
        "Cost Of Revenue": NaN,
        "Total Revenue": NaN,
        "Operating Revenue": NaN
    },
    "2023-09-30": {
        "Tax Effect Of Unusual Items": NaN,
        "Tax Rate For Calcs": NaN,
        "Normalized EBITDA": NaN,
        "Total Unusual Items": NaN,
        "Total Unusual Items Excluding Goodwill": NaN,
        "Net Income From Continuing Operation Net Minority Interest": NaN,
        "Reconciled Depreciation": NaN,
        "Reconciled Cost Of Revenue": NaN,
        "EBITDA": NaN,
        "EBIT": NaN,
        "Net Interest Income": NaN,
        "Interest Expense": NaN,
        "Interest Income": NaN,
        "Normalized Income": NaN,
        "Net Income From Continuing And Discontinued Operation": NaN,
        "Total Expenses": NaN,
        "Total Operating Income As Reported": NaN,
        "Diluted Average Shares": NaN,
        "Basic Average Shares": NaN,
        "Diluted EPS": NaN,
        "Basic EPS": NaN,
        "Diluted NI Availto Com Stockholders": NaN,
        "Average Dilution Earnings": 0.0,
        "Net Income Common Stockholders": NaN,
        "Net Income": NaN,
        "Net Income Including Noncontrolling Interests": NaN,
        "Net Income Continuous Operations": NaN,
        "Tax Provision": NaN,
        "Pretax Income": NaN,
        "Other Income Expense": NaN,
        "Other Non Operating Income Expenses": -5967000.0,
        "Special Income Charges": NaN,
        "Other Special Charges": NaN,
        "Impairment Of Capital Assets": 0.0,
        "Restructuring And Mergern Acquisition": NaN,
        "Gain On Sale Of Security": NaN,
        "Net Non Operating Interest Income Expense": NaN,
        "Interest Expense Non Operating": NaN,
        "Interest Income Non Operating": NaN,
        "Operating Income": NaN,
        "Operating Expense": NaN,
        "Research And Development": NaN,
        "Selling General And Administration": NaN,
        "Selling And Marketing Expense": NaN,
        "General And Administrative Expense": NaN,
        "Other Gand A": NaN,
        "Gross Profit": NaN,
        "Cost Of Revenue": NaN,
        "Total Revenue": NaN,
        "Operating Revenue": NaN
    },
    "2023-12-31": {
        "Tax Effect Of Unusual Items": -5283600.0,
        "Tax Rate For Calcs": 0.21,
        "Normalized EBITDA": -107471000.0,
        "Total Unusual Items": -25160000.0,
        "Total Unusual Items Excluding Goodwill": -25160000.0,
        "Net Income From Continuing Operation Net Minority Interest": -148401000.0,
        "Reconciled Depreciation": 9048000.0,
        "Reconciled Cost Of Revenue": 43685000.0,
        "EBITDA": -132631000.0,
        "EBIT": -141679000.0,
        "Net Interest Income": 3008000.0,
        "Interest Expense": 5331000.0,
        "Interest Income": 8339000.0,
        "Normalized Income": -128524600.0,
        "Net Income From Continuing And Discontinued Operation": NaN,
        "Total Expenses": 155217000.0,
        "Total Operating Income As Reported": -148592000.0,
        "Diluted Average Shares": 27283636.0,
        "Basic Average Shares": 27283636.0,
        "Diluted EPS": -5.4,
        "Basic EPS": -5.4,
        "Diluted NI Availto Com Stockholders": -148401000.0,
        "Average Dilution Earnings": NaN,
        "Net Income Common Stockholders": -148401000.0,
        "Net Income": -148401000.0,
        "Net Income Including Noncontrolling Interests": -148401000.0,
        "Net Income Continuous Operations": -148401000.0,
        "Tax Provision": 1391000.0,
        "Pretax Income": -147010000.0,
        "Other Income Expense": -16915000.0,
        "Other Non Operating Income Expenses": NaN,
        "Special Income Charges": NaN,
        "Other Special Charges": NaN,
        "Impairment Of Capital Assets": NaN,
        "Restructuring And Mergern Acquisition": NaN,
        "Gain On Sale Of Security": 591000.0,
        "Net Non Operating Interest Income Expense": 3008000.0,
        "Interest Expense Non Operating": 5331000.0,
        "Interest Income Non Operating": 8339000.0,
        "Operating Income": -133103000.0,
        "Operating Expense": 111532000.0,
        "Research And Development": 62745000.0,
        "Selling General And Administration": 48787000.0,
        "Selling And Marketing Expense": 11317000.0,
        "General And Administrative Expense": 37470000.0,
        "Other Gand A": 37470000.0,
        "Gross Profit": -21571000.0,
        "Cost Of Revenue": 43685000.0,
        "Total Revenue": 22114000.0,
        "Operating Revenue": 22114000.0
    },
    "2024-03-31": {
        "Tax Effect Of Unusual Items": -6510.0,
        "Tax Rate For Calcs": 0.21,
        "Normalized EBITDA": -112263000.0,
        "Total Unusual Items": -31000.0,
        "Total Unusual Items Excluding Goodwill": -31000.0,
        "Net Income From Continuing Operation Net Minority Interest": -125714000.0,
        "Reconciled Depreciation": 10076000.0,
        "Reconciled Cost Of Revenue": 31423000.0,
        "EBITDA": -112294000.0,
        "EBIT": -122370000.0,
        "Net Interest Income": 673000.0,
        "Interest Expense": 2757000.0,
        "Interest Income": 3430000.0,
        "Normalized Income": -125689510.0,
        "Net Income From Continuing And Discontinued Operation": -125714000.0,
        "Total Expenses": 146737000.0,
        "Total Operating Income As Reported": -125769000.0,
        "Diluted Average Shares": 28307044.0,
        "Basic Average Shares": 28307044.0,
        "Diluted EPS": -4.44,
        "Basic EPS": -4.44,
        "Diluted NI Availto Com Stockholders": -125714000.0,
        "Average Dilution Earnings": NaN,
        "Net Income Common Stockholders": -125714000.0,
        "Net Income": -125714000.0,
        "Net Income Including Noncontrolling Interests": -125714000.0,
        "Net Income Continuous Operations": -125714000.0,
        "Tax Provision": 587000.0,
        "Pretax Income": -125127000.0,
        "Other Income Expense": -31000.0,
        "Special Income Charges": 1752000.0,
        "Other Special Charges": NaN,
        "Impairment Of Capital Assets": NaN,
        "Restructuring And Mergern Acquisition": -1752000.0,
        "Gain On Sale Of Security": -1783000.0,
        "Net Non Operating Interest Income Expense": 673000.0,
        "Interest Expense Non Operating": 2757000.0,
        "Interest Income Non Operating": 3430000.0,
        "Operating Income": -125769000.0,
        "Operating Expense": 115314000.0,
        "Research And Development": 67750000.0,
        "Selling General And Administration": 47564000.0,
        "Selling And Marketing Expense": 14515000.0,
        "General And Administrative Expense": 33049000.0,
        "Other Gand A": 33049000.0,
        "Gross Profit": -10455000.0,
        "Cost Of Revenue": 31423000.0,
        "Total Revenue": 20968000.0,
        "Operating Revenue": 20968000.0
    },
    "2024-06-30": {
        "Tax Effect Of Unusual Items": NaN,
        "Tax Rate For Calcs": NaN,
        "Normalized EBITDA": NaN,
        "Total Unusual Items": NaN,
        "Total Unusual Items Excluding Goodwill": NaN,
        "Net Income From Continuing Operation Net Minority Interest": NaN,
        "Reconciled Depreciation": NaN,
        "Reconciled Cost Of Revenue": NaN,
        "EBITDA": NaN,
        "EBIT": NaN,
        "Net Interest Income": NaN,
        "Interest Expense": NaN,
        "Interest Income": NaN,
        "Normalized Income": NaN,
        "Net Income From Continuing And Discontinued Operation": NaN,
        "Total Expenses": NaN,
        "Total Operating Income As Reported": NaN,
        "Diluted Average Shares": NaN,
        "Basic Average Shares": NaN,
        "Diluted EPS": NaN,
        "Basic EPS": NaN,
        "Diluted NI Availto Com Stockholders": NaN,
        "Average Dilution Earnings": NaN,
        "Net Income Common Stockholders": NaN,
        "Preferred Stock Dividends": NaN,
        "Net Income": NaN,
        "Net Income Including Noncontrolling Interests": NaN,
        "Net Income Continuous Operations": NaN,
        "Tax Provision": NaN,
        "Pretax Income": NaN,
        "Other Income Expense": NaN,
        "Special Income Charges": NaN,
        "Other Special Charges": NaN,
        "Write Off": 3376000.0,
        "Impairment Of Capital Assets": NaN,
        "Restructuring And Mergern Acquisition": NaN,
        "Gain On Sale Of Security": NaN,
        "Net Non Operating Interest Income Expense": NaN,
        "Interest Expense Non Operating": NaN,
        "Interest Income Non Operating": NaN,
        "Operating Income": NaN,
        "Operating Expense": NaN,
        "Provision For Doubtful Accounts": NaN,
        "Research And Development": NaN,
        "Selling General And Administration": NaN,
        "Selling And Marketing Expense": NaN,
        "General And Administrative Expense": NaN,
        "Other Gand A": NaN,
        "Gross Profit": NaN,
        "Cost Of Revenue": NaN,
        "Total Revenue": NaN,
        "Operating Revenue": NaN
    },
    "2024-09-30": {
        "Tax Effect Of Unusual Items": 802514.567686,
        "Tax Rate For Calcs": 0.005733,
        "Normalized EBITDA": -95574000.0,
        "Total Unusual Items": 139988000.0,
        "Total Unusual Items Excluding Goodwill": 139988000.0,
        "Net Income From Continuing Operation Net Minority Interest": 27403000.0,
        "Reconciled Depreciation": 7945000.0,
        "Reconciled Cost Of Revenue": 29525000.0,
        "EBITDA": 44414000.0,
        "EBIT": 36469000.0,
        "Net Interest Income": -6501000.0,
        "Interest Expense": 8908000.0,
        "Interest Income": 2407000.0,
        "Normalized Income": -111782485.432314,
        "Net Income From Continuing And Discontinued Operation": 27403000.0,
        "Total Expenses": 121419000.0,
        "Total Operating Income As Reported": -115857000.0,
        "Diluted Average Shares": 32934998.0,
        "Basic Average Shares": 32001765.0,
        "Diluted EPS": -3.62,
        "Basic EPS": 0.86,
        "Diluted NI Availto Com Stockholders": 27403000.0,
        "Average Dilution Earnings": -146558000.0,
        "Net Income Common Stockholders": 27403000.0,
        "Preferred Stock Dividends": NaN,
        "Net Income": 27403000.0,
        "Net Income Including Noncontrolling Interests": 27403000.0,
        "Net Income Continuous Operations": 27403000.0,
        "Tax Provision": 158000.0,
        "Pretax Income": 27561000.0,
        "Other Income Expense": 139988000.0,
        "Special Income Charges": 137415000.0,
        "Other Special Charges": -147346000.0,
        "Write Off": -32000.0,
        "Impairment Of Capital Assets": 6647000.0,
        "Restructuring And Mergern Acquisition": 3284000.0,
        "Gain On Sale Of Security": 2573000.0,
        "Net Non Operating Interest Income Expense": -6501000.0,
        "Interest Expense Non Operating": 8908000.0,
        "Interest Income Non Operating": 2407000.0,
        "Operating Income": -105926000.0,
        "Operating Expense": 91894000.0,
        "Provision For Doubtful Accounts": 0.0,
        "Research And Development": 50591000.0,
        "Selling General And Administration": 41303000.0,
        "Selling And Marketing Expense": 11097000.0,
        "General And Administrative Expense": 30206000.0,
        "Other Gand A": 30206000.0,
        "Gross Profit": -14032000.0,
        "Cost Of Revenue": 29525000.0,
        "Total Revenue": 15493000.0,
        "Operating Revenue": 15493000.0
    },
    "2024-12-31": {
        "Tax Effect Of Unusual Items": 631042.08661,
        "Tax Rate For Calcs": 0.020445,
        "Normalized EBITDA": -56281000.0,
        "Total Unusual Items": 30865000.0,
        "Total Unusual Items Excluding Goodwill": 30865000.0,
        "Net Income From Continuing Operation Net Minority Interest": -44222000.0,
        "Reconciled Depreciation": 7119000.0,
        "Reconciled Cost Of Revenue": 10006000.0,
        "EBITDA": -25416000.0,
        "EBIT": -32535000.0,
        "Net Interest Income": -10548000.0,
        "Interest Expense": 12610000.0,
        "Interest Income": 2062000.0,
        "Normalized Income": -74455957.91339,
        "Net Income From Continuing And Discontinued Operation": -44222000.0,
        "Total Expenses": 87946000.0,
        "Total Operating Income As Reported": -65688000.0,
        "Diluted Average Shares": 35020843.0,
        "Basic Average Shares": 35020843.0,
        "Diluted EPS": -1.26,
        "Basic EPS": -1.26,
        "Diluted NI Availto Com Stockholders": 102336000.0,
        "Average Dilution Earnings": NaN,
        "Net Income Common Stockholders": -44222000.0,
        "Preferred Stock Dividends": NaN,
        "Net Income": -44222000.0,
        "Net Income Including Noncontrolling Interests": -44222000.0,
        "Net Income Continuous Operations": -44222000.0,
        "Tax Provision": -923000.0,
        "Pretax Income": -45145000.0,
        "Other Income Expense": 30865000.0,
        "Special Income Charges": -4354000.0,
        "Other Special Charges": -1314000.0,
        "Write Off": -783000.0,
        "Impairment Of Capital Assets": 0.0,
        "Restructuring And Mergern Acquisition": 504000.0,
        "Gain On Sale Of Security": 35219000.0,
        "Net Non Operating Interest Income Expense": -10548000.0,
        "Interest Expense Non Operating": 12610000.0,
        "Interest Income Non Operating": 2062000.0,
        "Operating Income": -65462000.0,
        "Operating Expense": 77940000.0,
        "Provision For Doubtful Accounts": NaN,
        "Research And Development": 47478000.0,
        "Selling General And Administration": 30462000.0,
        "Selling And Marketing Expense": 7736000.0,
        "General And Administrative Expense": 22726000.0,
        "Other Gand A": 22726000.0,
        "Gross Profit": 12478000.0,
        "Cost Of Revenue": 10006000.0,
        "Total Revenue": 22484000.0,
        "Operating Revenue": 22484000.0
    },
    "2025-03-31": {
        "Tax Effect Of Unusual Items": 465780.0,
        "Tax Rate For Calcs": 0.21,
        "Normalized EBITDA": -64110000.0,
        "Total Unusual Items": 2218000.0,
        "Total Unusual Items Excluding Goodwill": 2218000.0,
        "Net Income From Continuing Operation Net Minority Interest": -80691000.0,
        "Reconciled Depreciation": 6331000.0,
        "Reconciled Cost Of Revenue": 26986000.0,
        "EBITDA": -61892000.0,
        "EBIT": -68223000.0,
        "Net Interest Income": -10554000.0,
        "Interest Expense": 12321000.0,
        "Interest Income": 1767000.0,
        "Normalized Income": -82443220.0,
        "Net Income From Continuing And Discontinued Operation": -80691000.0,
        "Total Expenses": 91094000.0,
        "Total Operating Income As Reported": -72272000.0,
        "Diluted Average Shares": 42093255.0,
        "Basic Average Shares": 42093255.0,
        "Diluted EPS": -1.92,
        "Basic EPS": -1.92,
        "Diluted NI Availto Com Stockholders": -80691000.0,
        "Average Dilution Earnings": NaN,
        "Net Income Common Stockholders": -80691000.0,
        "Preferred Stock Dividends": NaN,
        "Net Income": -80691000.0,
        "Net Income Including Noncontrolling Interests": -80691000.0,
        "Net Income Continuous Operations": -80691000.0,
        "Tax Provision": 147000.0,
        "Pretax Income": -80544000.0,
        "Other Income Expense": 2218000.0,
        "Special Income Charges": 6663000.0,
        "Other Special Charges": -6775000.0,
        "Write Off": 774000.0,
        "Impairment Of Capital Assets": NaN,
        "Restructuring And Mergern Acquisition": 112000.0,
        "Gain On Sale Of Security": -4445000.0,
        "Net Non Operating Interest Income Expense": -10554000.0,
        "Interest Expense Non Operating": 12321000.0,
        "Interest Income Non Operating": 1767000.0,
        "Operating Income": -72208000.0,
        "Operating Expense": 64108000.0,
        "Provision For Doubtful Accounts": NaN,
        "Research And Development": 38288000.0,
        "Selling General And Administration": 25820000.0,
        "Selling And Marketing Expense": 4904000.0,
        "General And Administrative Expense": 20916000.0,
        "Other Gand A": 20916000.0,
        "Gross Profit": -8100000.0,
        "Cost Of Revenue": 26986000.0,
        "Total Revenue": 18886000.0,
        "Operating Revenue": 18886000.0
    },
    "2025-06-30": {
        "Tax Effect Of Unusual Items": 5572560.0,
        "Tax Rate For Calcs": 0.21,
        "Normalized EBITDA": -31143000.0,
        "Total Unusual Items": 26536000.0,
        "Total Unusual Items Excluding Goodwill": 26536000.0,
        "Net Income From Continuing Operation Net Minority Interest": -22899000.0,
        "Reconciled Depreciation": 5887000.0,
        "Reconciled Cost Of Revenue": 28061000.0,
        "EBITDA": -4607000.0,
        "EBIT": -10494000.0,
        "Net Interest Income": -10986000.0,
        "Interest Expense": 12255000.0,
        "Interest Income": 1269000.0,
        "Normalized Income": -43862440.0,
        "Net Income From Continuing And Discontinued Operation": -22899000.0,
        "Total Expenses": 53933000.0,
        "Total Operating Income As Reported": -39479000.0,
        "Diluted Average Shares": 49087995.0,
        "Basic Average Shares": 49087995.0,
        "Diluted EPS": -0.62,
        "Basic EPS": -0.62,
        "Diluted NI Availto Com Stockholders": -30501000.0,
        "Average Dilution Earnings": NaN,
        "Net Income Common Stockholders": -30501000.0,
        "Preferred Stock Dividends": 7602000.0,
        "Net Income": -22899000.0,
        "Net Income Including Noncontrolling Interests": -22899000.0,
        "Net Income Continuous Operations": -22899000.0,
        "Tax Provision": 150000.0,
        "Pretax Income": -22749000.0,
        "Other Income Expense": 26536000.0,
        "Special Income Charges": 14101000.0,
        "Other Special Charges": -15281000.0,
        "Write Off": -536000.0,
        "Impairment Of Capital Assets": NaN,
        "Restructuring And Mergern Acquisition": 1180000.0,
        "Gain On Sale Of Security": 12435000.0,
        "Net Non Operating Interest Income Expense": -10986000.0,
        "Interest Expense Non Operating": 12255000.0,
        "Interest Income Non Operating": 1269000.0,
        "Operating Income": -38299000.0,
        "Operating Expense": 25872000.0,
        "Provision For Doubtful Accounts": NaN,
        "Research And Development": 39328000.0,
        "Selling General And Administration": -13456000.0,
        "Selling And Marketing Expense": 5297000.0,
        "General And Administrative Expense": -18753000.0,
        "Other Gand A": -18753000.0,
        "Gross Profit": -12427000.0,
        "Cost Of Revenue": 28061000.0,
        "Total Revenue": 15634000.0,
        "Operating Revenue": 15634000.0
    },
    "2025-09-30": {
        "Tax Effect Of Unusual Items": -3080.528706,
        "Tax Rate For Calcs": 0.000291,
        "Normalized EBITDA": -57281000.0,
        "Total Unusual Items": -10581000.0,
        "Total Unusual Items Excluding Goodwill": -10581000.0,
        "Net Income From Continuing Operation Net Minority Interest": -85845000.0,
        "Reconciled Depreciation": 5666000.0,
        "Reconciled Cost Of Revenue": 26830000.0,
        "EBITDA": -67862000.0,
        "EBIT": -73528000.0,
        "Net Interest Income": -11381000.0,
        "Interest Expense": 12342000.0,
        "Interest Income": 961000.0,
        "Normalized Income": -75267080.528706,
        "Net Income From Continuing And Discontinued Operation": -85845000.0,
        "Total Expenses": 82657000.0,
        "Total Operating Income As Reported": -74662000.0,
        "Diluted Average Shares": 69281237.0,
        "Basic Average Shares": 69281237.0,
        "Diluted EPS": -1.29,
        "Basic EPS": -1.29,
        "Diluted NI Availto Com Stockholders": -89527000.0,
        "Average Dilution Earnings": NaN,
        "Net Income Common Stockholders": -89527000.0,
        "Preferred Stock Dividends": 3682000.0,
        "Net Income": -85845000.0,
        "Net Income Including Noncontrolling Interests": -85845000.0,
        "Net Income Continuous Operations": -85845000.0,
        "Tax Provision": -25000.0,
        "Pretax Income": -85870000.0,
        "Other Income Expense": -10581000.0,
        "Special Income Charges": -12940000.0,
        "Other Special Charges": NaN,
        "Write Off": NaN,
        "Impairment Of Capital Assets": 11232000.0,
        "Restructuring And Mergern Acquisition": 1708000.0,
        "Gain On Sale Of Security": 2359000.0,
        "Net Non Operating Interest Income Expense": -11381000.0,
        "Interest Expense Non Operating": 12342000.0,
        "Interest Income Non Operating": 961000.0,
        "Operating Income": -63908000.0,
        "Operating Expense": 55827000.0,
        "Provision For Doubtful Accounts": 2186000.0,
        "Research And Development": 35268000.0,
        "Selling General And Administration": 18373000.0,
        "Selling And Marketing Expense": 4264000.0,
        "General And Administrative Expense": 14109000.0,
        "Other Gand A": 14109000.0,
        "Gross Profit": -8081000.0,
        "Cost Of Revenue": 26830000.0,
        "Total Revenue": 18749000.0,
        "Operating Revenue": 18749000.0
    }
}