{
    "2023-06-30": {
        "Tax Effect Of Unusual Items": NaN,
        "Tax Rate For Calcs": NaN,
        "Normalized EBITDA": NaN,
        "Total Unusual Items": NaN,
        "Total Unusual Items Excluding Goodwill": NaN,
        "Net Income From Continuing Operation Net Minority Interest": NaN,
        "Reconciled Depreciation": NaN,
        "Reconciled Cost Of Revenue": NaN,
        "EBITDA": NaN,
        "EBIT": NaN,
        "Net Interest Income": NaN,
        "Interest Expense": NaN,
        "Interest Income": NaN,
        "Normalized Income": NaN,
        "Net Income From Continuing And Discontinued Operation": NaN,
        "Total Expenses": NaN,
        "Total Operating Income As Reported": NaN,
        "Diluted Average Shares": 441780412.0,
        "Basic Average Shares": 441780412.0,
        "Diluted EPS": -1.13,
        "Basic EPS": -1.13,
        "Diluted NI Availto Com Stockholders": NaN,
        "Net Income Common Stockholders": NaN,
        "Net Income": NaN,
        "Minority Interests": NaN,
        "Net Income Including Noncontrolling Interests": NaN,
        "Net Income Discontinuous Operations": 0.0,
        "Net Income Continuous Operations": NaN,
        "Tax Provision": NaN,
        "Pretax Income": NaN,
        "Other Income Expense": NaN,
        "Other Non Operating Income Expenses": NaN,
        "Special Income Charges": NaN,
        "Gain On Sale Of Ppe": NaN,
        "Write Off": NaN,
        "Restructuring And Mergern Acquisition": NaN,
        "Earnings From Equity Interest": NaN,
        "Gain On Sale Of Security": NaN,
        "Net Non Operating Interest Income Expense": NaN,
        "Interest Expense Non Operating": NaN,
        "Interest Income Non Operating": NaN,
        "Operating Income": NaN,
        "Operating Expense": NaN,
        "Other Operating Expenses": NaN,
        "Depreciation Amortization Depletion Income Statement": NaN,
        "Depreciation And Amortization In Income Statement": NaN,
        "Selling General And Administration": NaN,
        "General And Administrative Expense": NaN,
        "Other Gand A": NaN,
        "Salaries And Wages": NaN,
        "Gross Profit": NaN,
        "Cost Of Revenue": NaN,
        "Total Revenue": NaN,
        "Operating Revenue": NaN
    },
    "2023-03-31": {
        "Tax Effect Of Unusual Items": NaN,
        "Tax Rate For Calcs": NaN,
        "Normalized EBITDA": NaN,
        "Total Unusual Items": NaN,
        "Total Unusual Items Excluding Goodwill": NaN,
        "Net Income From Continuing Operation Net Minority Interest": NaN,
        "Reconciled Depreciation": NaN,
        "Reconciled Cost Of Revenue": NaN,
        "EBITDA": NaN,
        "EBIT": NaN,
        "Net Interest Income": NaN,
        "Interest Expense": NaN,
        "Interest Income": NaN,
        "Normalized Income": NaN,
        "Net Income From Continuing And Discontinued Operation": NaN,
        "Total Expenses": NaN,
        "Total Operating Income As Reported": NaN,
        "Diluted Average Shares": NaN,
        "Basic Average Shares": NaN,
        "Diluted EPS": NaN,
        "Basic EPS": NaN,
        "Diluted NI Availto Com Stockholders": NaN,
        "Net Income Common Stockholders": NaN,
        "Net Income": NaN,
        "Minority Interests": NaN,
        "Net Income Including Noncontrolling Interests": NaN,
        "Net Income Discontinuous Operations": 0.0,
        "Net Income Continuous Operations": NaN,
        "Tax Provision": NaN,
        "Pretax Income": NaN,
        "Other Income Expense": NaN,
        "Other Non Operating Income Expenses": NaN,
        "Special Income Charges": NaN,
        "Gain On Sale Of Ppe": NaN,
        "Other Special Charges": 2500000.0,
        "Write Off": NaN,
        "Restructuring And Mergern Acquisition": 13900000.0,
        "Earnings From Equity Interest": NaN,
        "Gain On Sale Of Security": NaN,
        "Net Non Operating Interest Income Expense": NaN,
        "Interest Expense Non Operating": NaN,
        "Interest Income Non Operating": NaN,
        "Operating Income": NaN,
        "Operating Expense": NaN,
        "Other Operating Expenses": NaN,
        "Depreciation Amortization Depletion Income Statement": NaN,
        "Depreciation And Amortization In Income Statement": NaN,
        "Selling General And Administration": NaN,
        "General And Administrative Expense": NaN,
        "Other Gand A": NaN,
        "Salaries And Wages": NaN,
        "Gross Profit": NaN,
        "Cost Of Revenue": NaN,
        "Total Revenue": NaN,
        "Operating Revenue": NaN
    },
    "2022-12-31": {
        "Tax Effect Of Unusual Items": NaN,
        "Tax Rate For Calcs": NaN,
        "Normalized EBITDA": NaN,
        "Total Unusual Items": NaN,
        "Total Unusual Items Excluding Goodwill": NaN,
        "Net Income From Continuing Operation Net Minority Interest": NaN,
        "Reconciled Depreciation": NaN,
        "Reconciled Cost Of Revenue": NaN,
        "EBITDA": NaN,
        "EBIT": NaN,
        "Net Interest Income": NaN,
        "Interest Expense": NaN,
        "Interest Income": NaN,
        "Normalized Income": NaN,
        "Net Income From Continuing And Discontinued Operation": NaN,
        "Total Expenses": NaN,
        "Total Operating Income As Reported": NaN,
        "Diluted Average Shares": NaN,
        "Basic Average Shares": NaN,
        "Diluted EPS": NaN,
        "Basic EPS": NaN,
        "Diluted NI Availto Com Stockholders": NaN,
        "Net Income Common Stockholders": NaN,
        "Net Income": NaN,
        "Minority Interests": NaN,
        "Net Income Including Noncontrolling Interests": NaN,
        "Net Income Discontinuous Operations": -2500000.0,
        "Net Income Continuous Operations": NaN,
        "Tax Provision": NaN,
        "Pretax Income": NaN,
        "Other Income Expense": NaN,
        "Other Non Operating Income Expenses": NaN,
        "Special Income Charges": NaN,
        "Gain On Sale Of Ppe": 100000.0,
        "Other Special Charges": 0.0,
        "Write Off": NaN,
        "Restructuring And Mergern Acquisition": NaN,
        "Earnings From Equity Interest": NaN,
        "Gain On Sale Of Security": NaN,
        "Net Non Operating Interest Income Expense": NaN,
        "Interest Expense Non Operating": NaN,
        "Interest Income Non Operating": NaN,
        "Operating Income": NaN,
        "Operating Expense": NaN,
        "Other Operating Expenses": NaN,
        "Depreciation Amortization Depletion Income Statement": NaN,
        "Depreciation And Amortization In Income Statement": NaN,
        "Selling General And Administration": NaN,
        "General And Administrative Expense": NaN,
        "Other Gand A": NaN,
        "Salaries And Wages": NaN,
        "Gross Profit": NaN,
        "Cost Of Revenue": NaN,
        "Total Revenue": NaN,
        "Operating Revenue": NaN
    },
    "2022-09-30": {
        "Tax Effect Of Unusual Items": NaN,
        "Tax Rate For Calcs": NaN,
        "Normalized EBITDA": NaN,
        "Total Unusual Items": NaN,
        "Total Unusual Items Excluding Goodwill": NaN,
        "Net Income From Continuing Operation Net Minority Interest": NaN,
        "Reconciled Depreciation": NaN,
        "Reconciled Cost Of Revenue": NaN,
        "EBITDA": NaN,
        "EBIT": NaN,
        "Net Interest Income": NaN,
        "Interest Expense": NaN,
        "Interest Income": 16300000.0,
        "Normalized Income": NaN,
        "Net Income From Continuing And Discontinued Operation": NaN,
        "Total Expenses": NaN,
        "Total Operating Income As Reported": NaN,
        "Diluted Average Shares": 482515940.0,
        "Basic Average Shares": 477176983.0,
        "Diluted EPS": 4.87,
        "Basic EPS": 4.92,
        "Diluted NI Availto Com Stockholders": NaN,
        "Net Income Common Stockholders": NaN,
        "Net Income": NaN,
        "Minority Interests": NaN,
        "Net Income Including Noncontrolling Interests": NaN,
        "Net Income Discontinuous Operations": NaN,
        "Net Income Continuous Operations": NaN,
        "Tax Provision": NaN,
        "Pretax Income": NaN,
        "Other Income Expense": NaN,
        "Other Non Operating Income Expenses": NaN,
        "Special Income Charges": NaN,
        "Gain On Sale Of Ppe": 7100000.0,
        "Other Special Charges": NaN,
        "Write Off": NaN,
        "Restructuring And Mergern Acquisition": 0.0,
        "Earnings From Equity Interest": NaN,
        "Gain On Sale Of Security": NaN,
        "Net Non Operating Interest Income Expense": NaN,
        "Interest Expense Non Operating": NaN,
        "Interest Income Non Operating": 16300000.0,
        "Operating Income": NaN,
        "Operating Expense": NaN,
        "Other Operating Expenses": NaN,
        "Depreciation Amortization Depletion Income Statement": NaN,
        "Depreciation And Amortization In Income Statement": NaN,
        "Selling General And Administration": NaN,
        "General And Administrative Expense": NaN,
        "Other Gand A": NaN,
        "Salaries And Wages": NaN,
        "Gross Profit": NaN,
        "Cost Of Revenue": NaN,
        "Total Revenue": NaN,
        "Operating Revenue": NaN
    },
    "2022-06-30": {
        "Tax Effect Of Unusual Items": 62038332.338648,
        "Tax Rate For Calcs": 0.027112,
        "Normalized EBITDA": 708200000.0,
        "Total Unusual Items": 2288200000.0,
        "Total Unusual Items Excluding Goodwill": 2288200000.0,
        "Net Income From Continuing Operation Net Minority Interest": 1937700000.0,
        "Reconciled Depreciation": 517700000.0,
        "Reconciled Cost Of Revenue": 480600000.0,
        "EBITDA": 2996400000.0,
        "EBIT": 2478700000.0,
        "Net Interest Income": -132900000.0,
        "Interest Expense": 132900000.0,
        "Interest Income": NaN,
        "Normalized Income": -288461667.661352,
        "Net Income From Continuing And Discontinued Operation": 2786600000.0,
        "Total Expenses": 1671400000.0,
        "Total Operating Income As Reported": 24500000.0,
        "Diluted Average Shares": 509442605.0,
        "Basic Average Shares": 501406664.0,
        "Diluted EPS": 5.47,
        "Basic EPS": 5.56,
        "Diluted NI Availto Com Stockholders": 2786600000.0,
        "Net Income Common Stockholders": 2786600000.0,
        "Net Income": 2786600000.0,
        "Minority Interests": -344500000.0,
        "Net Income Including Noncontrolling Interests": 3131100000.0,
        "Net Income Discontinuous Operations": 848900000.0,
        "Net Income Continuous Operations": 2282200000.0,
        "Tax Provision": 63600000.0,
        "Pretax Income": 2345800000.0,
        "Other Income Expense": 2395900000.0,
        "Other Non Operating Income Expenses": 26600000.0,
        "Special Income Charges": 637800000.0,
        "Gain On Sale Of Ppe": 693300000.0,
        "Other Special Charges": -2800000.0,
        "Write Off": 58300000.0,
        "Restructuring And Mergern Acquisition": NaN,
        "Earnings From Equity Interest": 81100000.0,
        "Gain On Sale Of Security": 1650400000.0,
        "Net Non Operating Interest Income Expense": -132900000.0,
        "Interest Expense Non Operating": 132900000.0,
        "Interest Income Non Operating": NaN,
        "Operating Income": 82800000.0,
        "Operating Expense": 1190800000.0,
        "Other Operating Expenses": 265200000.0,
        "Depreciation Amortization Depletion Income Statement": 517700000.0,
        "Depreciation And Amortization In Income Statement": 517700000.0,
        "Selling General And Administration": 407900000.0,
        "General And Administrative Expense": 407900000.0,
        "Other Gand A": 358600000.0,
        "Salaries And Wages": 49300000.0,
        "Gross Profit": 1273600000.0,
        "Cost Of Revenue": 480600000.0,
        "Total Revenue": 1754200000.0,
        "Operating Revenue": 1754200000.0
    },
    "2022-03-31": {
        "Diluted EPS": 1.95,
        "Total Revenue": NaN,
        "Gross Profit": NaN,
        "Operating Income": 59,
        "EBIT": 629,
        "Net Income": NaN
    },
    "2021-12-31": {
        "Diluted EPS": 1.18,
        "Total Revenue": NaN,
        "Gross Profit": NaN,
        "Operating Income": 81,
        "EBIT": 696,
        "Net Income": 636
    },
    "2021-09-30": {
        "Diluted EPS": 0.49,
        "Total Revenue": NaN,
        "Gross Profit": NaN,
        "Operating Income": 101,
        "EBIT": 690,
        "Net Income": 277
    },
    "2021-06-30": {
        "Diluted EPS": 19.55,
        "Total Revenue": NaN,
        "Gross Profit": NaN,
        "Operating Income": 537,
        "EBIT": NaN,
        "Net Income": NaN
    },
    "2021-03-31": {
        "Diluted EPS": 2.37,
        "Total Revenue": NaN,
        "Gross Profit": NaN,
        "Operating Income": 601,
        "EBIT": NaN,
        "Net Income": NaN
    },
    "2020-12-31": {
        "Diluted EPS": -1.61,
        "Total Revenue": NaN,
        "Gross Profit": NaN,
        "Operating Income": 580,
        "EBIT": NaN,
        "Net Income": NaN
    },
    "2020-09-30": {
        "Diluted EPS": -1.73,
        "Total Revenue": NaN,
        "Gross Profit": NaN,
        "Operating Income": 644,
        "EBIT": NaN,
        "Net Income": NaN
    },
    "2020-06-30": {
        "Diluted EPS": -0.86,
        "Total Revenue": NaN,
        "Gross Profit": NaN,
        "Operating Income": 527,
        "EBIT": NaN,
        "Net Income": -524
    },
    "2020-03-31": {
        "Diluted EPS": 1.5,
        "Total Revenue": NaN,
        "Gross Profit": NaN,
        "Operating Income": 281,
        "EBIT": NaN,
        "Net Income": 950
    },
    "2019-12-31": {
        "Diluted EPS": 16.48,
        "Total Revenue": NaN,
        "Gross Profit": 654,
        "Operating Income": 197,
        "EBIT": NaN,
        "Net Income": NaN
    },
    "2019-09-30": {
        "Diluted EPS": 0.77,
        "Total Revenue": NaN,
        "Gross Profit": NaN,
        "Operating Income": 209,
        "EBIT": NaN,
        "Net Income": NaN
    },
    "2019-06-30": {
        "Diluted EPS": -0.5,
        "Total Revenue": NaN,
        "Gross Profit": NaN,
        "Operating Income": 149,
        "EBIT": NaN,
        "Net Income": 53
    },
    "2019-03-31": {
        "Diluted EPS": -0.43,
        "Total Revenue": NaN,
        "Gross Profit": NaN,
        "Operating Income": 106,
        "EBIT": NaN,
        "Net Income": 7
    },
    "2018-12-31": {
        "Diluted EPS": -0.5,
        "Total Revenue": NaN,
        "Gross Profit": 886,
        "Operating Income": 252,
        "EBIT": NaN,
        "Net Income": 25
    },
    "2018-09-30": {
        "Diluted EPS": -0.57,
        "Total Revenue": NaN,
        "Gross Profit": NaN,
        "Operating Income": 205,
        "EBIT": NaN,
        "Net Income": 974
    },
    "2018-06-30": {
        "Diluted EPS": 0.8,
        "Total Revenue": NaN,
        "Gross Profit": NaN,
        "Operating Income": 264,
        "EBIT": NaN,
        "Net Income": 913
    },
    "2018-03-31": {
        "Diluted EPS": -1.7,
        "Total Revenue": NaN,
        "Gross Profit": NaN,
        "Operating Income": 118,
        "EBIT": NaN,
        "Net Income": NaN
    },
    "2017-12-31": {
        "Diluted EPS": -0.91,
        "Total Revenue": NaN,
        "Gross Profit": NaN,
        "Operating Income": -65,
        "EBIT": 997,
        "Net Income": -992
    },
    "2017-09-30": {
        "Diluted EPS": -0.7,
        "Total Revenue": NaN,
        "Gross Profit": NaN,
        "Operating Income": 222,
        "EBIT": NaN,
        "Net Income": -792
    },
    "2017-06-30": {
        "Diluted EPS": -0.9,
        "Total Revenue": NaN,
        "Gross Profit": NaN,
        "Operating Income": 209,
        "EBIT": 885,
        "Net Income": -674
    },
    "2017-03-31": {
        "Diluted EPS": -0.35,
        "Total Revenue": NaN,
        "Gross Profit": NaN,
        "Operating Income": 427,
        "EBIT": NaN,
        "Net Income": -320
    },
    "2016-12-31": {
        "Diluted EPS": 2.35,
        "Total Revenue": NaN,
        "Gross Profit": -938,
        "Operating Income": -407,
        "EBIT": -680,
        "Net Income": NaN
    },
    "2016-09-30": {
        "Diluted EPS": -0.23,
        "Total Revenue": NaN,
        "Gross Profit": NaN,
        "Operating Income": 903,
        "EBIT": NaN,
        "Net Income": -250
    },
    "2016-06-30": {
        "Diluted EPS": 0.11,
        "Total Revenue": NaN,
        "Gross Profit": NaN,
        "Operating Income": 488,
        "EBIT": NaN,
        "Net Income": 101
    },
    "2016-03-31": {
        "Diluted EPS": -0.42,
        "Total Revenue": NaN,
        "Gross Profit": NaN,
        "Operating Income": 587,
        "EBIT": NaN,
        "Net Income": -369
    },
    "2015-12-31": {
        "Diluted EPS": -0.29,
        "Total Revenue": NaN,
        "Gross Profit": NaN,
        "Operating Income": 373,
        "EBIT": NaN,
        "Net Income": -284
    },
    "2015-09-30": {
        "Diluted EPS": 0.14,
        "Total Revenue": NaN,
        "Gross Profit": NaN,
        "Operating Income": 546,
        "EBIT": NaN,
        "Net Income": 133
    },
    "2015-06-30": {
        "Diluted EPS": -0.51,
        "Total Revenue": NaN,
        "Gross Profit": NaN,
        "Operating Income": 625,
        "EBIT": NaN,
        "Net Income": -465
    },
    "2015-03-31": {
        "Diluted EPS": -0.61,
        "Total Revenue": NaN,
        "Gross Profit": NaN,
        "Operating Income": 558,
        "EBIT": NaN,
        "Net Income": -538
    },
    "2014-12-31": {
        "Diluted EPS": -0.65,
        "Total Revenue": NaN,
        "Gross Profit": NaN,
        "Operating Income": 273,
        "EBIT": NaN,
        "Net Income": -523
    },
    "2014-09-30": {
        "Diluted EPS": 0.2,
        "Total Revenue": NaN,
        "Gross Profit": NaN,
        "Operating Income": 704,
        "EBIT": NaN,
        "Net Income": 157
    },
    "2014-06-30": {
        "Diluted EPS": -0.32,
        "Total Revenue": NaN,
        "Gross Profit": NaN,
        "Operating Income": 670,
        "EBIT": NaN,
        "Net Income": -250
    },
    "2014-03-31": {
        "Diluted EPS": -0.1,
        "Total Revenue": NaN,
        "Gross Profit": NaN,
        "Operating Income": 582,
        "EBIT": NaN,
        "Net Income": -79
    },
    "2013-12-31": {
        "Diluted EPS": -0.37,
        "Total Revenue": NaN,
        "Gross Profit": NaN,
        "Operating Income": 518,
        "EBIT": NaN,
        "Net Income": -121
    },
    "2013-09-30": {
        "Diluted EPS": -1.04,
        "Total Revenue": NaN,
        "Gross Profit": NaN,
        "Operating Income": 521,
        "EBIT": NaN,
        "Net Income": -830
    },
    "2013-06-30": {
        "Diluted EPS": -0.02,
        "Total Revenue": NaN,
        "Gross Profit": NaN,
        "Operating Income": 445,
        "EBIT": NaN,
        "Net Income": -12
    },
    "2013-03-31": {
        "Diluted EPS": -0.0,
        "Total Revenue": NaN,
        "Gross Profit": NaN,
        "Operating Income": 528,
        "EBIT": NaN,
        "Net Income": -1
    },
    "2012-12-31": {
        "Diluted EPS": -1.83,
        "Total Revenue": NaN,
        "Gross Profit": NaN,
        "Operating Income": 501,
        "EBIT": NaN,
        "Net Income": -331
    },
    "2012-09-30": {
        "Diluted EPS": -0.08,
        "Total Revenue": NaN,
        "Gross Profit": NaN,
        "Operating Income": 509,
        "EBIT": NaN,
        "Net Income": -22
    },
    "2012-06-30": {
        "Diluted EPS": 2.6,
        "Total Revenue": NaN,
        "Gross Profit": NaN,
        "Operating Income": 479,
        "EBIT": NaN,
        "Net Income": 702
    },
    "2012-03-31": {
        "Diluted EPS": -0.09,
        "Total Revenue": NaN,
        "Gross Profit": NaN,
        "Operating Income": 494,
        "EBIT": NaN,
        "Net Income": -25
    },
    "2011-12-31": {
        "Diluted EPS": -1.6,
        "Total Revenue": NaN,
        "Gross Profit": NaN,
        "Operating Income": 413,
        "EBIT": NaN,
        "Net Income": -435
    },
    "2011-09-30": {
        "Diluted EPS": -1.18,
        "Total Revenue": NaN,
        "Gross Profit": NaN,
        "Operating Income": 483,
        "EBIT": NaN,
        "Net Income": -333
    },
    "2011-06-30": {
        "Diluted EPS": -1.37,
        "Total Revenue": NaN,
        "Gross Profit": NaN,
        "Operating Income": 494,
        "EBIT": NaN,
        "Net Income": -347
    },
    "2011-03-31": {
        "Diluted EPS": 1.22,
        "Total Revenue": NaN,
        "Gross Profit": NaN,
        "Operating Income": 433,
        "EBIT": NaN,
        "Net Income": 342
    },
    "2010-12-31": {
        "Diluted EPS": 0.46,
        "Total Revenue": NaN,
        "Gross Profit": NaN,
        "Operating Income": 316,
        "EBIT": 829,
        "Net Income": 58
    },
    "2010-09-30": {
        "Diluted EPS": 0.99,
        "Total Revenue": NaN,
        "Gross Profit": NaN,
        "Operating Income": 447,
        "EBIT": NaN,
        "Net Income": 279
    },
    "2010-06-30": {
        "Diluted EPS": -2.66,
        "Total Revenue": NaN,
        "Gross Profit": NaN,
        "Operating Income": 327,
        "EBIT": 941,
        "Net Income": -684
    },
    "2010-03-31": {
        "Diluted EPS": 2.75,
        "Total Revenue": NaN,
        "Gross Profit": NaN,
        "Operating Income": 304,
        "EBIT": 918,
        "Net Income": 737
    },
    "2009-12-31": {
        "Diluted EPS": 0.34,
        "Total Revenue": NaN,
        "Gross Profit": 992,
        "Operating Income": 210,
        "EBIT": 697,
        "Net Income": 100
    },
    "2009-09-30": {
        "Diluted EPS": -0.45,
        "Total Revenue": NaN,
        "Gross Profit": NaN,
        "Operating Income": 309,
        "EBIT": 859,
        "Net Income": -120
    },
    "2009-06-30": {
        "Diluted EPS": -0.34,
        "Total Revenue": NaN,
        "Gross Profit": NaN,
        "Operating Income": 149,
        "EBIT": 672,
        "Net Income": -93
    },
    "2009-03-31": {
        "Diluted EPS": -1.08,
        "Total Revenue": NaN,
        "Gross Profit": NaN,
        "Operating Income": 237,
        "EBIT": 731,
        "Net Income": -299
    },
    "2023-09-30": {
        "Tax Effect Of Unusual Items": NaN,
        "Tax Rate For Calcs": NaN,
        "Normalized EBITDA": NaN,
        "Total Unusual Items": NaN,
        "Total Unusual Items Excluding Goodwill": NaN,
        "Net Income From Continuing Operation Net Minority Interest": NaN,
        "Reconciled Depreciation": NaN,
        "Reconciled Cost Of Revenue": NaN,
        "EBITDA": NaN,
        "EBIT": NaN,
        "Net Interest Income": NaN,
        "Interest Expense": NaN,
        "Interest Income": NaN,
        "Normalized Income": NaN,
        "Net Income From Continuing And Discontinued Operation": NaN,
        "Total Expenses": NaN,
        "Total Operating Income As Reported": NaN,
        "Diluted Average Shares": 420973362.0,
        "Basic Average Shares": 416014282.0,
        "Diluted EPS": 1.57,
        "Basic EPS": 1.58,
        "Diluted NI Availto Com Stockholders": NaN,
        "Net Income Common Stockholders": NaN,
        "Net Income": NaN,
        "Minority Interests": NaN,
        "Net Income Including Noncontrolling Interests": NaN,
        "Net Income Discontinuous Operations": 0.0,
        "Net Income Continuous Operations": NaN,
        "Tax Provision": NaN,
        "Pretax Income": NaN,
        "Other Income Expense": NaN,
        "Other Non Operating Income Expenses": NaN,
        "Special Income Charges": NaN,
        "Gain On Sale Of Ppe": 0.0,
        "Other Special Charges": NaN,
        "Write Off": NaN,
        "Restructuring And Mergern Acquisition": -377800000.0,
        "Earnings From Equity Interest": NaN,
        "Gain On Sale Of Security": NaN,
        "Net Non Operating Interest Income Expense": NaN,
        "Interest Expense Non Operating": NaN,
        "Interest Income Non Operating": NaN,
        "Operating Income": NaN,
        "Operating Expense": NaN,
        "Other Operating Expenses": NaN,
        "Depreciation Amortization Depletion Income Statement": NaN,
        "Depreciation And Amortization In Income Statement": NaN,
        "Selling General And Administration": NaN,
        "General And Administrative Expense": NaN,
        "Other Gand A": NaN,
        "Salaries And Wages": NaN,
        "Gross Profit": NaN,
        "Cost Of Revenue": NaN,
        "Total Revenue": NaN,
        "Operating Revenue": NaN
    },
    "2023-12-31": {
        "Tax Effect Of Unusual Items": NaN,
        "Tax Rate For Calcs": NaN,
        "Normalized EBITDA": NaN,
        "Total Unusual Items": NaN,
        "Total Unusual Items Excluding Goodwill": NaN,
        "Net Income From Continuing Operation Net Minority Interest": NaN,
        "Reconciled Depreciation": NaN,
        "Reconciled Cost Of Revenue": NaN,
        "EBITDA": NaN,
        "EBIT": NaN,
        "Net Interest Income": NaN,
        "Interest Expense": NaN,
        "Interest Income": NaN,
        "Normalized Income": NaN,
        "Net Income From Continuing And Discontinued Operation": NaN,
        "Total Expenses": NaN,
        "Total Operating Income As Reported": NaN,
        "Diluted Average Shares": NaN,
        "Basic Average Shares": NaN,
        "Diluted EPS": NaN,
        "Basic EPS": NaN,
        "Diluted NI Availto Com Stockholders": NaN,
        "Net Income Common Stockholders": NaN,
        "Net Income": NaN,
        "Minority Interests": NaN,
        "Net Income Including Noncontrolling Interests": NaN,
        "Net Income Discontinuous Operations": 0.0,
        "Net Income Continuous Operations": NaN,
        "Tax Provision": NaN,
        "Pretax Income": NaN,
        "Other Income Expense": NaN,
        "Other Non Operating Income Expenses": NaN,
        "Special Income Charges": NaN,
        "Gain On Sale Of Ppe": 0.0,
        "Gain On Sale Of Business": NaN,
        "Other Special Charges": NaN,
        "Write Off": NaN,
        "Restructuring And Mergern Acquisition": 0.0,
        "Earnings From Equity Interest": NaN,
        "Gain On Sale Of Security": NaN,
        "Net Non Operating Interest Income Expense": NaN,
        "Interest Expense Non Operating": NaN,
        "Interest Income Non Operating": NaN,
        "Operating Income": NaN,
        "Operating Expense": NaN,
        "Other Operating Expenses": NaN,
        "Depreciation Amortization Depletion Income Statement": NaN,
        "Depreciation And Amortization In Income Statement": NaN,
        "Selling General And Administration": NaN,
        "General And Administrative Expense": NaN,
        "Other Gand A": NaN,
        "Salaries And Wages": NaN,
        "Gross Profit": NaN,
        "Cost Of Revenue": NaN,
        "Total Revenue": NaN,
        "Operating Revenue": NaN
    },
    "2024-03-31": {
        "Tax Effect Of Unusual Items": NaN,
        "Tax Rate For Calcs": NaN,
        "Normalized EBITDA": NaN,
        "Total Unusual Items": NaN,
        "Total Unusual Items Excluding Goodwill": NaN,
        "Net Income From Continuing Operation Net Minority Interest": NaN,
        "Reconciled Depreciation": NaN,
        "Reconciled Cost Of Revenue": NaN,
        "EBITDA": NaN,
        "EBIT": NaN,
        "Net Interest Income": NaN,
        "Interest Expense": NaN,
        "Interest Income": NaN,
        "Normalized Income": NaN,
        "Net Income From Continuing And Discontinued Operation": NaN,
        "Total Expenses": NaN,
        "Total Operating Income As Reported": NaN,
        "Diluted Average Shares": 385109631.0,
        "Basic Average Shares": 377747016.0,
        "Diluted EPS": 1.32,
        "Basic EPS": 1.35,
        "Diluted NI Availto Com Stockholders": NaN,
        "Net Income Common Stockholders": NaN,
        "Net Income": NaN,
        "Minority Interests": NaN,
        "Net Income Including Noncontrolling Interests": NaN,
        "Net Income Discontinuous Operations": -107500000.0,
        "Net Income Continuous Operations": NaN,
        "Tax Provision": NaN,
        "Pretax Income": NaN,
        "Other Income Expense": NaN,
        "Other Non Operating Income Expenses": NaN,
        "Special Income Charges": NaN,
        "Gain On Sale Of Ppe": NaN,
        "Gain On Sale Of Business": NaN,
        "Other Special Charges": 17500000.0,
        "Write Off": NaN,
        "Restructuring And Mergern Acquisition": 15200000.0,
        "Earnings From Equity Interest": NaN,
        "Gain On Sale Of Security": NaN,
        "Net Non Operating Interest Income Expense": NaN,
        "Interest Expense Non Operating": NaN,
        "Interest Income Non Operating": NaN,
        "Operating Income": NaN,
        "Operating Expense": NaN,
        "Other Operating Expenses": NaN,
        "Depreciation Amortization Depletion Income Statement": NaN,
        "Depreciation And Amortization In Income Statement": NaN,
        "Selling General And Administration": NaN,
        "General And Administrative Expense": NaN,
        "Other Gand A": NaN,
        "Salaries And Wages": NaN,
        "Gross Profit": NaN,
        "Cost Of Revenue": NaN,
        "Total Revenue": NaN,
        "Operating Revenue": NaN
    },
    "2024-06-30": {
        "Tax Effect Of Unusual Items": NaN,
        "Tax Rate For Calcs": NaN,
        "Normalized EBITDA": NaN,
        "Total Unusual Items": NaN,
        "Total Unusual Items Excluding Goodwill": NaN,
        "Net Income From Continuing Operation Net Minority Interest": NaN,
        "Reconciled Depreciation": NaN,
        "Reconciled Cost Of Revenue": NaN,
        "EBITDA": NaN,
        "EBIT": NaN,
        "Net Interest Income": NaN,
        "Interest Expense": NaN,
        "Interest Income": NaN,
        "Normalized Income": NaN,
        "Net Income From Continuing And Discontinued Operation": NaN,
        "Total Expenses": NaN,
        "Total Operating Income As Reported": NaN,
        "Diluted Average Shares": 377454014.0,
        "Basic Average Shares": 371200838.0,
        "Diluted EPS": 0.71,
        "Basic EPS": 0.72,
        "Diluted NI Availto Com Stockholders": NaN,
        "Net Income Common Stockholders": NaN,
        "Net Income": NaN,
        "Minority Interests": NaN,
        "Net Income Including Noncontrolling Interests": NaN,
        "Net Income Discontinuous Operations": -48900000.0,
        "Net Income Continuous Operations": NaN,
        "Tax Provision": NaN,
        "Pretax Income": NaN,
        "Other Income Expense": NaN,
        "Other Non Operating Income Expenses": NaN,
        "Special Income Charges": NaN,
        "Gain On Sale Of Ppe": 242900000.0,
        "Gain On Sale Of Business": 242900000.0,
        "Other Special Charges": NaN,
        "Write Off": NaN,
        "Restructuring And Mergern Acquisition": NaN,
        "Earnings From Equity Interest": NaN,
        "Gain On Sale Of Security": NaN,
        "Net Non Operating Interest Income Expense": NaN,
        "Interest Expense Non Operating": NaN,
        "Interest Income Non Operating": NaN,
        "Operating Income": NaN,
        "Operating Expense": NaN,
        "Other Operating Expenses": NaN,
        "Depreciation Amortization Depletion Income Statement": NaN,
        "Depreciation And Amortization In Income Statement": NaN,
        "Selling General And Administration": NaN,
        "General And Administrative Expense": NaN,
        "Other Gand A": NaN,
        "Salaries And Wages": NaN,
        "Gross Profit": NaN,
        "Cost Of Revenue": NaN,
        "Total Revenue": NaN,
        "Operating Revenue": NaN
    },
    "2024-09-30": {
        "Tax Effect Of Unusual Items": -10002400.0,
        "Tax Rate For Calcs": 0.008,
        "Normalized EBITDA": 204700000.0,
        "Total Unusual Items": -1250300000.0,
        "Total Unusual Items Excluding Goodwill": -1250300000.0,
        "Net Income From Continuing Operation Net Minority Interest": -1446900000.0,
        "Reconciled Depreciation": 245000000.0,
        "Reconciled Cost Of Revenue": 320400000.0,
        "EBITDA": -1045600000.0,
        "EBIT": -1290600000.0,
        "Net Interest Income": -90900000.0,
        "Interest Expense": 144300000.0,
        "Interest Income": 53400000.0,
        "Normalized Income": -206602400.0,
        "Net Income From Continuing And Discontinued Operation": -1434100000.0,
        "Total Expenses": 1030100000.0,
        "Total Operating Income As Reported": 33400000.0,
        "Diluted Average Shares": 363156702.0,
        "Basic Average Shares": 363156702.0,
        "Diluted EPS": -3.95,
        "Basic EPS": -3.95,
        "Diluted NI Availto Com Stockholders": -1434100000.0,
        "Net Income Common Stockholders": -1434100000.0,
        "Net Income": -1434100000.0,
        "Minority Interests": -23200000.0,
        "Net Income Including Noncontrolling Interests": -1410900000.0,
        "Net Income Discontinuous Operations": NaN,
        "Net Income Continuous Operations": -1423700000.0,
        "Tax Provision": -11200000.0,
        "Pretax Income": -1434900000.0,
        "Other Income Expense": -1383400000.0,
        "Other Non Operating Income Expenses": -300000.0,
        "Special Income Charges": -6000000.0,
        "Gain On Sale Of Ppe": 0.0,
        "Gain On Sale Of Business": NaN,
        "Other Special Charges": NaN,
        "Write Off": 6000000.0,
        "Restructuring And Mergern Acquisition": 0.0,
        "Earnings From Equity Interest": -132800000.0,
        "Gain On Sale Of Security": -1244300000.0,
        "Net Non Operating Interest Income Expense": -90900000.0,
        "Interest Expense Non Operating": 144300000.0,
        "Interest Income Non Operating": 53400000.0,
        "Operating Income": 39400000.0,
        "Operating Expense": 709700000.0,
        "Other Operating Expenses": 189200000.0,
        "Depreciation Amortization Depletion Income Statement": 245000000.0,
        "Depreciation And Amortization In Income Statement": 245000000.0,
        "Selling General And Administration": 275500000.0,
        "General And Administrative Expense": 275500000.0,
        "Other Gand A": 228500000.0,
        "Salaries And Wages": 47000000.0,
        "Gross Profit": 749100000.0,
        "Cost Of Revenue": 320400000.0,
        "Total Revenue": 1069500000.0,
        "Operating Revenue": 809800000.0
    },
    "2024-12-31": {
        "Tax Effect Of Unusual Items": 602625000.0,
        "Tax Rate For Calcs": 0.25,
        "Normalized EBITDA": -744200000.0,
        "Total Unusual Items": 2410500000.0,
        "Total Unusual Items Excluding Goodwill": 2410500000.0,
        "Net Income From Continuing Operation Net Minority Interest": 2467200000.0,
        "Reconciled Depreciation": -510700000.0,
        "Reconciled Cost Of Revenue": -402600000.0,
        "EBITDA": 1666300000.0,
        "EBIT": 2177000000.0,
        "Net Interest Income": 211000000.0,
        "Interest Expense": -181500000.0,
        "Interest Income": 29500000.0,
        "Normalized Income": 659325000.0,
        "Net Income From Continuing And Discontinued Operation": 2244000000.0,
        "Total Expenses": -1206900000.0,
        "Total Operating Income As Reported": -203100000.0,
        "Diluted Average Shares": NaN,
        "Basic Average Shares": NaN,
        "Diluted EPS": NaN,
        "Basic EPS": NaN,
        "Diluted NI Availto Com Stockholders": 2244000000.0,
        "Net Income Common Stockholders": 2244000000.0,
        "Net Income": 2244000000.0,
        "Minority Interests": -10600000.0,
        "Net Income Including Noncontrolling Interests": 2254600000.0,
        "Net Income Discontinuous Operations": NaN,
        "Net Income Continuous Operations": 2477800000.0,
        "Tax Provision": -119300000.0,
        "Pretax Income": 2358500000.0,
        "Other Income Expense": 2352700000.0,
        "Other Non Operating Income Expenses": -18800000.0,
        "Special Income Charges": 192800000.0,
        "Gain On Sale Of Ppe": -242900000.0,
        "Gain On Sale Of Business": NaN,
        "Other Special Charges": NaN,
        "Write Off": -2100000.0,
        "Restructuring And Mergern Acquisition": -190700000.0,
        "Earnings From Equity Interest": -39000000.0,
        "Gain On Sale Of Security": 2217700000.0,
        "Net Non Operating Interest Income Expense": 211000000.0,
        "Interest Expense Non Operating": -181500000.0,
        "Interest Income Non Operating": 29500000.0,
        "Operating Income": -205200000.0,
        "Operating Expense": -804300000.0,
        "Other Operating Expenses": -152100000.0,
        "Depreciation Amortization Depletion Income Statement": -510700000.0,
        "Depreciation And Amortization In Income Statement": -510700000.0,
        "Selling General And Administration": -141500000.0,
        "General And Administrative Expense": -443000000.0,
        "Other Gand A": -464300000.0,
        "Salaries And Wages": 21300000.0,
        "Gross Profit": -1009500000.0,
        "Cost Of Revenue": -402600000.0,
        "Total Revenue": -1412100000.0,
        "Operating Revenue": -556100000.0
    },
    "2025-03-31": {
        "Tax Effect Of Unusual Items": -59810000.0,
        "Tax Rate For Calcs": 0.05,
        "Normalized EBITDA": 162600000.0,
        "Total Unusual Items": -1196200000.0,
        "Total Unusual Items Excluding Goodwill": -1196200000.0,
        "Net Income From Continuing Operation Net Minority Interest": -1337300000.0,
        "Reconciled Depreciation": 232200000.0,
        "Reconciled Cost Of Revenue": 403400000.0,
        "EBITDA": -1033600000.0,
        "EBIT": -1265800000.0,
        "Net Interest Income": -109100000.0,
        "Interest Expense": 127500000.0,
        "Interest Income": 18400000.0,
        "Normalized Income": -200910000.0,
        "Net Income From Continuing And Discontinued Operation": -1337300000.0,
        "Total Expenses": 1112200000.0,
        "Total Operating Income As Reported": 60700000.0,
        "Diluted Average Shares": 348407676.0,
        "Basic Average Shares": 348407676.0,
        "Diluted EPS": -3.84,
        "Basic EPS": -3.84,
        "Diluted NI Availto Com Stockholders": -1337300000.0,
        "Net Income Common Stockholders": -1337300000.0,
        "Net Income": -1337300000.0,
        "Minority Interests": -14000000.0,
        "Net Income Including Noncontrolling Interests": -1323300000.0,
        "Net Income Discontinuous Operations": 0.0,
        "Net Income Continuous Operations": -1323300000.0,
        "Tax Provision": -70000000.0,
        "Pretax Income": -1393300000.0,
        "Other Income Expense": -1343200000.0,
        "Other Non Operating Income Expenses": 1000000.0,
        "Special Income Charges": -6300000.0,
        "Gain On Sale Of Ppe": NaN,
        "Gain On Sale Of Business": NaN,
        "Other Special Charges": 8000000.0,
        "Write Off": -1700000.0,
        "Restructuring And Mergern Acquisition": NaN,
        "Earnings From Equity Interest": -148000000.0,
        "Gain On Sale Of Security": -1189900000.0,
        "Net Non Operating Interest Income Expense": -109100000.0,
        "Interest Expense Non Operating": 127500000.0,
        "Interest Income Non Operating": 18400000.0,
        "Operating Income": 59000000.0,
        "Operating Expense": 708800000.0,
        "Other Operating Expenses": 188300000.0,
        "Depreciation Amortization Depletion Income Statement": 232200000.0,
        "Depreciation And Amortization In Income Statement": 232200000.0,
        "Selling General And Administration": 288300000.0,
        "General And Administrative Expense": 288300000.0,
        "Other Gand A": 254900000.0,
        "Salaries And Wages": 33400000.0,
        "Gross Profit": 767800000.0,
        "Cost Of Revenue": 403400000.0,
        "Total Revenue": 1171200000.0,
        "Operating Revenue": 1206600000.0
    },
    "2025-06-30": {
        "Tax Effect Of Unusual Items": 0.0,
        "Tax Rate For Calcs": 0.0,
        "Normalized EBITDA": 54400000.0,
        "Total Unusual Items": -2447000000.0,
        "Total Unusual Items Excluding Goodwill": -2447000000.0,
        "Net Income From Continuing Operation Net Minority Interest": -2792900000.0,
        "Reconciled Depreciation": 250800000.0,
        "Reconciled Cost Of Revenue": 465300000.0,
        "EBITDA": -2392600000.0,
        "EBIT": -2643400000.0,
        "Net Interest Income": -90300000.0,
        "Interest Expense": 129500000.0,
        "Interest Income": 39200000.0,
        "Normalized Income": -345900000.0,
        "Net Income From Continuing And Discontinued Operation": -2792900000.0,
        "Total Expenses": 1234000000.0,
        "Total Operating Income As Reported": 29600000.0,
        "Diluted Average Shares": 345025708.0,
        "Basic Average Shares": 345025708.0,
        "Diluted EPS": -8.09,
        "Basic EPS": -8.09,
        "Diluted NI Availto Com Stockholders": -2792900000.0,
        "Net Income Common Stockholders": -2792900000.0,
        "Net Income": -2792900000.0,
        "Minority Interests": -19100000.0,
        "Net Income Including Noncontrolling Interests": -2773800000.0,
        "Net Income Discontinuous Operations": 0.0,
        "Net Income Continuous Operations": -2773800000.0,
        "Tax Provision": 900000.0,
        "Pretax Income": -2772900000.0,
        "Other Income Expense": -2717700000.0,
        "Other Non Operating Income Expenses": -6100000.0,
        "Special Income Charges": -6400000.0,
        "Gain On Sale Of Ppe": NaN,
        "Gain On Sale Of Business": 0.0,
        "Other Special Charges": 900000.0,
        "Write Off": 5500000.0,
        "Restructuring And Mergern Acquisition": NaN,
        "Earnings From Equity Interest": -264600000.0,
        "Gain On Sale Of Security": -2440600000.0,
        "Net Non Operating Interest Income Expense": -90300000.0,
        "Interest Expense Non Operating": 129500000.0,
        "Interest Income Non Operating": 39200000.0,
        "Operating Income": 35100000.0,
        "Operating Expense": 768700000.0,
        "Other Operating Expenses": 209100000.0,
        "Depreciation Amortization Depletion Income Statement": 250800000.0,
        "Depreciation And Amortization In Income Statement": 250800000.0,
        "Selling General And Administration": 308800000.0,
        "General And Administrative Expense": 308800000.0,
        "Other Gand A": 259400000.0,
        "Salaries And Wages": 49400000.0,
        "Gross Profit": 803800000.0,
        "Cost Of Revenue": 465300000.0,
        "Total Revenue": 1269100000.0,
        "Operating Revenue": 832300000.0
    },
    "2025-09-30": {
        "Tax Effect Of Unusual Items": -1872000.0,
        "Tax Rate For Calcs": 0.36,
        "Normalized EBITDA": 274100000.0,
        "Total Unusual Items": -5200000.0,
        "Total Unusual Items Excluding Goodwill": -5200000.0,
        "Net Income From Continuing Operation Net Minority Interest": -90700000.0,
        "Reconciled Depreciation": 275900000.0,
        "Reconciled Cost Of Revenue": 392900000.0,
        "EBITDA": 268900000.0,
        "EBIT": -7000000.0,
        "Net Interest Income": -102800000.0,
        "Interest Expense": 123300000.0,
        "Interest Income": 20500000.0,
        "Normalized Income": -87372000.0,
        "Net Income From Continuing And Discontinued Operation": -90700000.0,
        "Total Expenses": 1193100000.0,
        "Total Operating Income As Reported": -8000000.0,
        "Diluted Average Shares": NaN,
        "Basic Average Shares": NaN,
        "Diluted EPS": NaN,
        "Basic EPS": NaN,
        "Diluted NI Availto Com Stockholders": -90700000.0,
        "Net Income Common Stockholders": -90700000.0,
        "Net Income": -90700000.0,
        "Minority Interests": -7300000.0,
        "Net Income Including Noncontrolling Interests": -83400000.0,
        "Net Income Discontinuous Operations": 0.0,
        "Net Income Continuous Operations": -83400000.0,
        "Tax Provision": -46900000.0,
        "Pretax Income": -130300000.0,
        "Other Income Expense": -41500000.0,
        "Other Non Operating Income Expenses": 7000000.0,
        "Special Income Charges": -33200000.0,
        "Gain On Sale Of Ppe": NaN,
        "Gain On Sale Of Business": 0.0,
        "Other Special Charges": 11200000.0,
        "Write Off": 22000000.0,
        "Restructuring And Mergern Acquisition": NaN,
        "Earnings From Equity Interest": -43300000.0,
        "Gain On Sale Of Security": 28000000.0,
        "Net Non Operating Interest Income Expense": -102800000.0,
        "Interest Expense Non Operating": 123300000.0,
        "Interest Income Non Operating": 20500000.0,
        "Operating Income": 14000000.0,
        "Operating Expense": 800200000.0,
        "Other Operating Expenses": 212800000.0,
        "Depreciation Amortization Depletion Income Statement": 275900000.0,
        "Depreciation And Amortization In Income Statement": 275900000.0,
        "Selling General And Administration": 311500000.0,
        "General And Administrative Expense": 311500000.0,
        "Other Gand A": 264900000.0,
        "Salaries And Wages": 46600000.0,
        "Gross Profit": 814200000.0,
        "Cost Of Revenue": 392900000.0,
        "Total Revenue": 1207100000.0,
        "Operating Revenue": 857700000.0
    }
}