{
    "2023-03-31": {
        "Tax Effect Of Unusual Items": NaN,
        "Tax Rate For Calcs": NaN,
        "Normalized EBITDA": NaN,
        "Total Unusual Items": NaN,
        "Total Unusual Items Excluding Goodwill": NaN,
        "Net Income From Continuing Operation Net Minority Interest": NaN,
        "Reconciled Depreciation": NaN,
        "Reconciled Cost Of Revenue": NaN,
        "EBITDA": NaN,
        "EBIT": NaN,
        "Net Interest Income": NaN,
        "Interest Expense": NaN,
        "Interest Income": NaN,
        "Normalized Income": NaN,
        "Net Income From Continuing And Discontinued Operation": NaN,
        "Total Expenses": NaN,
        "Total Operating Income As Reported": NaN,
        "Diluted Average Shares": NaN,
        "Basic Average Shares": NaN,
        "Diluted EPS": NaN,
        "Basic EPS": NaN,
        "Diluted NI Availto Com Stockholders": NaN,
        "Average Dilution Earnings": 0.0,
        "Net Income Common Stockholders": NaN,
        "Otherunder Preferred Stock Dividend": NaN,
        "Preferred Stock Dividends": NaN,
        "Net Income": NaN,
        "Net Income Including Noncontrolling Interests": NaN,
        "Net Income Continuous Operations": NaN,
        "Tax Provision": NaN,
        "Pretax Income": NaN,
        "Other Income Expense": NaN,
        "Other Non Operating Income Expenses": NaN,
        "Special Income Charges": NaN,
        "Restructuring And Mergern Acquisition": NaN,
        "Gain On Sale Of Security": NaN,
        "Net Non Operating Interest Income Expense": NaN,
        "Interest Expense Non Operating": NaN,
        "Interest Income Non Operating": NaN,
        "Operating Income": NaN,
        "Operating Expense": NaN,
        "Research And Development": NaN,
        "Selling General And Administration": NaN,
        "Gross Profit": NaN,
        "Cost Of Revenue": NaN,
        "Total Revenue": NaN,
        "Operating Revenue": NaN
    },
    "2022-12-31": {
        "Tax Effect Of Unusual Items": 87138.229179,
        "Tax Rate For Calcs": 0.000341,
        "Normalized EBITDA": -665393000.0,
        "Total Unusual Items": 255899000.0,
        "Total Unusual Items Excluding Goodwill": 255899000.0,
        "Net Income From Continuing Operation Net Minority Interest": -472648000.0,
        "Reconciled Depreciation": 55240000.0,
        "Reconciled Cost Of Revenue": 615291000.0,
        "EBITDA": -409494000.0,
        "EBIT": -464734000.0,
        "Net Interest Income": 21397000.0,
        "Interest Expense": 8075000.0,
        "Interest Income": 29472000.0,
        "Normalized Income": -728459861.770821,
        "Net Income From Continuing And Discontinued Operation": -472648000.0,
        "Total Expenses": 1007452000.0,
        "Total Operating Income As Reported": -749739000.0,
        "Diluted Average Shares": 1712951982.0,
        "Basic Average Shares": 1712951982.0,
        "Diluted EPS": -0.28,
        "Basic EPS": -0.28,
        "Diluted NI Availto Com Stockholders": -1726866000.0,
        "Average Dilution Earnings": NaN,
        "Net Income Common Stockholders": -472648000.0,
        "Net Income": -472648000.0,
        "Net Income Including Noncontrolling Interests": -472648000.0,
        "Net Income Continuous Operations": -472648000.0,
        "Tax Provision": -161000.0,
        "Pretax Income": -472809000.0,
        "Other Income Expense": 255533000.0,
        "Other Non Operating Income Expenses": -366000.0,
        "Special Income Charges": NaN,
        "Restructuring And Mergern Acquisition": NaN,
        "Gain On Sale Of Security": 255899000.0,
        "Net Non Operating Interest Income Expense": 21397000.0,
        "Interest Expense Non Operating": 8075000.0,
        "Interest Income Non Operating": 29472000.0,
        "Operating Income": -749739000.0,
        "Operating Expense": 392161000.0,
        "Research And Development": 221294000.0,
        "Selling General And Administration": 170867000.0,
        "Gross Profit": -357578000.0,
        "Cost Of Revenue": 615291000.0,
        "Total Revenue": 257713000.0,
        "Operating Revenue": 257713000.0
    },
    "2022-09-30": {
        "Tax Effect Of Unusual Items": NaN,
        "Tax Rate For Calcs": NaN,
        "Normalized EBITDA": NaN,
        "Total Unusual Items": NaN,
        "Total Unusual Items Excluding Goodwill": NaN,
        "Net Income From Continuing Operation Net Minority Interest": NaN,
        "Reconciled Depreciation": NaN,
        "Reconciled Cost Of Revenue": NaN,
        "EBITDA": NaN,
        "EBIT": NaN,
        "Net Interest Income": NaN,
        "Interest Expense": NaN,
        "Interest Income": NaN,
        "Normalized Income": NaN,
        "Net Income From Continuing And Discontinued Operation": NaN,
        "Total Expenses": NaN,
        "Total Operating Income As Reported": NaN,
        "Diluted Average Shares": NaN,
        "Basic Average Shares": NaN,
        "Diluted EPS": NaN,
        "Basic EPS": NaN,
        "Diluted NI Availto Com Stockholders": NaN,
        "Average Dilution Earnings": -140146000.0,
        "Net Income Common Stockholders": NaN,
        "Preferred Stock Dividends": NaN,
        "Net Income": NaN,
        "Net Income Including Noncontrolling Interests": NaN,
        "Net Income Continuous Operations": NaN,
        "Tax Provision": NaN,
        "Pretax Income": NaN,
        "Other Income Expense": NaN,
        "Other Non Operating Income Expenses": NaN,
        "Special Income Charges": NaN,
        "Restructuring And Mergern Acquisition": NaN,
        "Gain On Sale Of Security": NaN,
        "Net Non Operating Interest Income Expense": NaN,
        "Interest Expense Non Operating": NaN,
        "Interest Income Non Operating": NaN,
        "Operating Income": NaN,
        "Operating Expense": NaN,
        "Research And Development": NaN,
        "Selling General And Administration": NaN,
        "Gross Profit": NaN,
        "Cost Of Revenue": NaN,
        "Total Revenue": NaN,
        "Operating Revenue": NaN
    },
    "2022-06-30": {
        "Tax Effect Of Unusual Items": 0.0,
        "Tax Rate For Calcs": 0.0,
        "Normalized EBITDA": -505563000.0,
        "Total Unusual Items": 334843000.0,
        "Total Unusual Items Excluding Goodwill": 334843000.0,
        "Net Income From Continuing Operation Net Minority Interest": -220425000.0,
        "Reconciled Depreciation": 42448000.0,
        "Reconciled Cost Of Revenue": 292342000.0,
        "EBITDA": -170720000.0,
        "EBIT": -213168000.0,
        "Net Interest Income": -7189000.0,
        "Interest Expense": 7189000.0,
        "Interest Income": NaN,
        "Normalized Income": -555268000.0,
        "Net Income From Continuing And Discontinued Operation": -220425000.0,
        "Total Expenses": 656535000.0,
        "Total Operating Income As Reported": -559199000.0,
        "Diluted Average Shares": 1686815404.0,
        "Basic Average Shares": 1669303813.0,
        "Diluted EPS": -0.33,
        "Basic EPS": -0.13,
        "Diluted NI Availto Com Stockholders": -220425000.0,
        "Average Dilution Earnings": NaN,
        "Net Income Common Stockholders": -220425000.0,
        "Net Income": -220425000.0,
        "Net Income Including Noncontrolling Interests": -220425000.0,
        "Net Income Continuous Operations": -220425000.0,
        "Tax Provision": 68000.0,
        "Pretax Income": -220357000.0,
        "Other Income Expense": 346031000.0,
        "Other Non Operating Income Expenses": 11188000.0,
        "Special Income Charges": NaN,
        "Restructuring And Mergern Acquisition": NaN,
        "Gain On Sale Of Security": 334843000.0,
        "Net Non Operating Interest Income Expense": -7189000.0,
        "Interest Expense Non Operating": 7189000.0,
        "Interest Income Non Operating": NaN,
        "Operating Income": -559199000.0,
        "Operating Expense": 364193000.0,
        "Research And Development": 200381000.0,
        "Selling General And Administration": 163812000.0,
        "Gross Profit": -195006000.0,
        "Cost Of Revenue": 292342000.0,
        "Total Revenue": 97336000.0,
        "Operating Revenue": 97336000.0
    },
    "2022-03-31": {
        "Diluted EPS": -0.36,
        "Total Revenue": 58,
        "Gross Profit": -188,
        "Operating Income": -598,
        "EBIT": -552,
        "Net Income": -81
    },
    "2021-12-31": {
        "Diluted EPS": 90.52,
        "Total Revenue": 26,
        "Gross Profit": -125,
        "Operating Income": -486,
        "EBIT": -438,
        "Net Income": NaN
    },
    "2021-09-30": {
        "Diluted EPS": -0.43,
        "Total Revenue": 0,
        "Gross Profit": -3,
        "Operating Income": -497,
        "EBIT": -478,
        "Net Income": -524
    },
    "2021-06-30": {
        "Diluted EPS": -7.21,
        "Total Revenue": 0,
        "Gross Profit": 0,
        "Operating Income": -249,
        "EBIT": -239,
        "Net Income": -262
    },
    "2021-03-31": {
        "Diluted EPS": -89.29,
        "Total Revenue": 0,
        "Gross Profit": 0,
        "Operating Income": -299,
        "EBIT": -294,
        "Net Income": NaN
    },
    "2020-12-31": {
        "Diluted EPS": 0.0,
        "Total Revenue": NaN,
        "Gross Profit": NaN,
        "Operating Income": NaN,
        "EBIT": NaN,
        "Net Income": NaN
    },
    "2020-09-30": {
        "Diluted EPS": -6.64,
        "Total Revenue": 0,
        "Gross Profit": 0,
        "Operating Income": -162,
        "EBIT": -162,
        "Net Income": -161
    },
    "2020-06-30": {
        "Diluted EPS": 0.0,
        "Total Revenue": NaN,
        "Gross Profit": NaN,
        "Operating Income": 0,
        "EBIT": 0,
        "Net Income": 0
    },
    "2019-12-31": {
        "Diluted EPS": 0.0,
        "Total Revenue": NaN,
        "Gross Profit": NaN,
        "Operating Income": NaN,
        "EBIT": NaN,
        "Net Income": NaN
    },
    "2023-06-30": {
        "Tax Effect Of Unusual Items": NaN,
        "Tax Rate For Calcs": NaN,
        "Normalized EBITDA": NaN,
        "Total Unusual Items": NaN,
        "Total Unusual Items Excluding Goodwill": NaN,
        "Net Income From Continuing Operation Net Minority Interest": NaN,
        "Reconciled Depreciation": NaN,
        "Reconciled Cost Of Revenue": NaN,
        "EBITDA": NaN,
        "EBIT": NaN,
        "Net Interest Income": NaN,
        "Interest Expense": NaN,
        "Interest Income": NaN,
        "Normalized Income": NaN,
        "Net Income From Continuing And Discontinued Operation": NaN,
        "Total Expenses": NaN,
        "Total Operating Income As Reported": NaN,
        "Diluted Average Shares": NaN,
        "Basic Average Shares": NaN,
        "Diluted EPS": NaN,
        "Basic EPS": NaN,
        "Diluted NI Availto Com Stockholders": NaN,
        "Average Dilution Earnings": 0.0,
        "Net Income Common Stockholders": NaN,
        "Otherunder Preferred Stock Dividend": NaN,
        "Preferred Stock Dividends": NaN,
        "Net Income": NaN,
        "Net Income Including Noncontrolling Interests": NaN,
        "Net Income Continuous Operations": NaN,
        "Tax Provision": NaN,
        "Pretax Income": NaN,
        "Other Income Expense": NaN,
        "Other Non Operating Income Expenses": NaN,
        "Special Income Charges": NaN,
        "Restructuring And Mergern Acquisition": NaN,
        "Gain On Sale Of Security": NaN,
        "Net Non Operating Interest Income Expense": NaN,
        "Interest Expense Non Operating": NaN,
        "Interest Income Non Operating": NaN,
        "Operating Income": NaN,
        "Operating Expense": NaN,
        "Research And Development": NaN,
        "Selling General And Administration": NaN,
        "Gross Profit": NaN,
        "Cost Of Revenue": NaN,
        "Total Revenue": NaN,
        "Operating Revenue": NaN
    },
    "2023-09-30": {
        "Tax Effect Of Unusual Items": NaN,
        "Tax Rate For Calcs": NaN,
        "Normalized EBITDA": NaN,
        "Total Unusual Items": NaN,
        "Total Unusual Items Excluding Goodwill": NaN,
        "Net Income From Continuing Operation Net Minority Interest": NaN,
        "Reconciled Depreciation": NaN,
        "Reconciled Cost Of Revenue": NaN,
        "EBITDA": NaN,
        "EBIT": NaN,
        "Net Interest Income": NaN,
        "Interest Expense": NaN,
        "Interest Income": NaN,
        "Normalized Income": NaN,
        "Net Income From Continuing And Discontinued Operation": NaN,
        "Total Expenses": NaN,
        "Total Operating Income As Reported": NaN,
        "Diluted Average Shares": NaN,
        "Basic Average Shares": NaN,
        "Diluted EPS": NaN,
        "Basic EPS": NaN,
        "Diluted NI Availto Com Stockholders": NaN,
        "Average Dilution Earnings": 0.0,
        "Net Income Common Stockholders": NaN,
        "Otherunder Preferred Stock Dividend": 0.0,
        "Preferred Stock Dividends": NaN,
        "Net Income": NaN,
        "Net Income Including Noncontrolling Interests": NaN,
        "Net Income Continuous Operations": NaN,
        "Tax Provision": NaN,
        "Pretax Income": NaN,
        "Other Income Expense": NaN,
        "Other Non Operating Income Expenses": NaN,
        "Special Income Charges": NaN,
        "Restructuring And Mergern Acquisition": NaN,
        "Gain On Sale Of Security": NaN,
        "Net Non Operating Interest Income Expense": NaN,
        "Interest Expense Non Operating": NaN,
        "Interest Income Non Operating": NaN,
        "Operating Income": NaN,
        "Operating Expense": NaN,
        "Research And Development": NaN,
        "Selling General And Administration": NaN,
        "Gross Profit": NaN,
        "Cost Of Revenue": NaN,
        "Total Revenue": NaN,
        "Operating Revenue": NaN
    },
    "2023-12-31": {
        "Tax Effect Of Unusual Items": NaN,
        "Tax Rate For Calcs": NaN,
        "Normalized EBITDA": NaN,
        "Total Unusual Items": NaN,
        "Total Unusual Items Excluding Goodwill": NaN,
        "Net Income From Continuing Operation Net Minority Interest": NaN,
        "Reconciled Depreciation": NaN,
        "Reconciled Cost Of Revenue": NaN,
        "EBITDA": NaN,
        "EBIT": NaN,
        "Net Interest Income": NaN,
        "Interest Expense": NaN,
        "Interest Income": NaN,
        "Normalized Income": NaN,
        "Net Income From Continuing And Discontinued Operation": NaN,
        "Total Expenses": NaN,
        "Total Operating Income As Reported": NaN,
        "Diluted Average Shares": NaN,
        "Basic Average Shares": NaN,
        "Diluted EPS": NaN,
        "Basic EPS": NaN,
        "Diluted NI Availto Com Stockholders": NaN,
        "Average Dilution Earnings": 0.0,
        "Net Income Common Stockholders": NaN,
        "Otherunder Preferred Stock Dividend": NaN,
        "Preferred Stock Dividends": NaN,
        "Net Income": NaN,
        "Net Income Including Noncontrolling Interests": NaN,
        "Net Income Continuous Operations": NaN,
        "Tax Provision": NaN,
        "Pretax Income": NaN,
        "Other Income Expense": NaN,
        "Other Non Operating Income Expenses": NaN,
        "Special Income Charges": NaN,
        "Other Special Charges": NaN,
        "Restructuring And Mergern Acquisition": NaN,
        "Gain On Sale Of Security": NaN,
        "Net Non Operating Interest Income Expense": NaN,
        "Interest Expense Non Operating": NaN,
        "Interest Income Non Operating": NaN,
        "Operating Income": NaN,
        "Operating Expense": NaN,
        "Research And Development": NaN,
        "Selling General And Administration": NaN,
        "Gross Profit": NaN,
        "Cost Of Revenue": NaN,
        "Total Revenue": NaN,
        "Operating Revenue": NaN
    },
    "2024-03-31": {
        "Tax Effect Of Unusual Items": NaN,
        "Tax Rate For Calcs": NaN,
        "Normalized EBITDA": NaN,
        "Total Unusual Items": NaN,
        "Total Unusual Items Excluding Goodwill": NaN,
        "Net Income From Continuing Operation Net Minority Interest": NaN,
        "Reconciled Depreciation": NaN,
        "Reconciled Cost Of Revenue": NaN,
        "EBITDA": NaN,
        "EBIT": NaN,
        "Net Interest Income": NaN,
        "Interest Expense": NaN,
        "Interest Income": NaN,
        "Normalized Income": NaN,
        "Net Income From Continuing And Discontinued Operation": NaN,
        "Total Expenses": NaN,
        "Total Operating Income As Reported": NaN,
        "Diluted Average Shares": NaN,
        "Basic Average Shares": NaN,
        "Diluted EPS": NaN,
        "Basic EPS": NaN,
        "Diluted NI Availto Com Stockholders": NaN,
        "Average Dilution Earnings": NaN,
        "Net Income Common Stockholders": NaN,
        "Otherunder Preferred Stock Dividend": NaN,
        "Preferred Stock Dividends": 3901000.0,
        "Net Income": NaN,
        "Net Income Including Noncontrolling Interests": NaN,
        "Net Income Continuous Operations": NaN,
        "Tax Provision": NaN,
        "Pretax Income": NaN,
        "Other Income Expense": NaN,
        "Other Non Operating Income Expenses": NaN,
        "Special Income Charges": 0.0,
        "Other Special Charges": NaN,
        "Restructuring And Mergern Acquisition": 0.0,
        "Gain On Sale Of Security": NaN,
        "Net Non Operating Interest Income Expense": NaN,
        "Interest Expense Non Operating": NaN,
        "Interest Income Non Operating": NaN,
        "Operating Income": NaN,
        "Operating Expense": NaN,
        "Research And Development": NaN,
        "Selling General And Administration": NaN,
        "Gross Profit": NaN,
        "Cost Of Revenue": NaN,
        "Total Revenue": NaN,
        "Operating Revenue": NaN
    },
    "2024-06-30": {
        "Tax Effect Of Unusual Items": 0.0,
        "Tax Rate For Calcs": 0.0,
        "Normalized EBITDA": -651520000.0,
        "Total Unusual Items": 80921000.0,
        "Total Unusual Items Excluding Goodwill": 80921000.0,
        "Net Income From Continuing Operation Net Minority Interest": -643390000.0,
        "Reconciled Depreciation": 66183000.0,
        "Reconciled Cost Of Revenue": 470355000.0,
        "EBITDA": -570599000.0,
        "EBIT": -636782000.0,
        "Net Interest Income": 47880000.0,
        "Interest Expense": 6673000.0,
        "Interest Income": 54553000.0,
        "Normalized Income": -724311000.0,
        "Net Income From Continuing And Discontinued Operation": -643390000.0,
        "Total Expenses": 967770000.0,
        "Total Operating Income As Reported": -787417000.0,
        "Diluted Average Shares": 231036052.0,
        "Basic Average Shares": 231036052.0,
        "Diluted EPS": -3.4,
        "Basic EPS": -3.4,
        "Diluted NI Availto Com Stockholders": -790251000.0,
        "Average Dilution Earnings": 0.0,
        "Net Income Common Stockholders": -790251000.0,
        "Otherunder Preferred Stock Dividend": NaN,
        "Preferred Stock Dividends": 146861000.0,
        "Net Income": -643390000.0,
        "Net Income Including Noncontrolling Interests": -643390000.0,
        "Net Income Continuous Operations": -643390000.0,
        "Tax Provision": -65000.0,
        "Pretax Income": -643455000.0,
        "Other Income Expense": 75854000.0,
        "Other Non Operating Income Expenses": -5067000.0,
        "Special Income Charges": -20228000.0,
        "Other Special Charges": NaN,
        "Restructuring And Mergern Acquisition": 20228000.0,
        "Gain On Sale Of Security": 101149000.0,
        "Net Non Operating Interest Income Expense": 47880000.0,
        "Interest Expense Non Operating": 6673000.0,
        "Interest Income Non Operating": 54553000.0,
        "Operating Income": -767189000.0,
        "Operating Expense": 497415000.0,
        "Research And Development": 287170000.0,
        "Selling General And Administration": 210245000.0,
        "Gross Profit": -269774000.0,
        "Cost Of Revenue": 470355000.0,
        "Total Revenue": 200581000.0,
        "Operating Revenue": 200581000.0
    },
    "2024-09-30": {
        "Tax Effect Of Unusual Items": 0.0,
        "Tax Rate For Calcs": 0.0,
        "Normalized EBITDA": -651127000.0,
        "Total Unusual Items": -262910000.0,
        "Total Unusual Items Excluding Goodwill": -262910000.0,
        "Net Income From Continuing Operation Net Minority Interest": -992475000.0,
        "Reconciled Depreciation": 69473000.0,
        "Reconciled Cost Of Revenue": 412544000.0,
        "EBITDA": -914037000.0,
        "EBIT": -983510000.0,
        "Net Interest Income": 41539000.0,
        "Interest Expense": 8478000.0,
        "Interest Income": 50017000.0,
        "Normalized Income": -729565000.0,
        "Net Income From Continuing And Discontinued Operation": -992475000.0,
        "Total Expenses": 970500000.0,
        "Total Operating Income As Reported": -770538000.0,
        "Diluted Average Shares": 232397154.0,
        "Basic Average Shares": 232397154.0,
        "Diluted EPS": -4.1,
        "Basic EPS": -4.1,
        "Diluted NI Availto Com Stockholders": -949637000.0,
        "Average Dilution Earnings": NaN,
        "Net Income Common Stockholders": -949637000.0,
        "Otherunder Preferred Stock Dividend": -42838000.0,
        "Preferred Stock Dividends": NaN,
        "Net Income": -992475000.0,
        "Net Income Including Noncontrolling Interests": -992475000.0,
        "Net Income Continuous Operations": -992475000.0,
        "Tax Provision": 487000.0,
        "Pretax Income": -991988000.0,
        "Other Income Expense": -263065000.0,
        "Other Non Operating Income Expenses": -155000.0,
        "Special Income Charges": -76000.0,
        "Other Special Charges": NaN,
        "Restructuring And Mergern Acquisition": 76000.0,
        "Gain On Sale Of Security": -262834000.0,
        "Net Non Operating Interest Income Expense": 41539000.0,
        "Interest Expense Non Operating": 8478000.0,
        "Interest Income Non Operating": 50017000.0,
        "Operating Income": -770462000.0,
        "Operating Expense": 557956000.0,
        "Research And Development": 324371000.0,
        "Selling General And Administration": 233585000.0,
        "Gross Profit": -212506000.0,
        "Cost Of Revenue": 412544000.0,
        "Total Revenue": 200038000.0,
        "Operating Revenue": 200038000.0
    },
    "2024-12-31": {
        "Tax Effect Of Unusual Items": 63211470.0,
        "Tax Rate For Calcs": 0.21,
        "Normalized EBITDA": -596522000.0,
        "Total Unusual Items": 301007000.0,
        "Total Unusual Items Excluding Goodwill": 301007000.0,
        "Net Income From Continuing Operation Net Minority Interest": -397218000.0,
        "Reconciled Depreciation": 90843000.0,
        "Reconciled Cost Of Revenue": 443248000.0,
        "EBITDA": -295515000.0,
        "EBIT": -386358000.0,
        "Net Interest Income": 47554000.0,
        "Interest Expense": 10271000.0,
        "Interest Income": 57825000.0,
        "Normalized Income": -635013530.0,
        "Net Income From Continuing And Discontinued Operation": -397218000.0,
        "Total Expenses": 967423000.0,
        "Total Operating Income As Reported": -732950000.0,
        "Diluted Average Shares": 284083801.0,
        "Basic Average Shares": 284083801.0,
        "Diluted EPS": -2.2,
        "Basic EPS": -2.2,
        "Diluted NI Availto Com Stockholders": -636904000.0,
        "Average Dilution Earnings": NaN,
        "Net Income Common Stockholders": -636904000.0,
        "Otherunder Preferred Stock Dividend": 239686000.0,
        "Preferred Stock Dividends": NaN,
        "Net Income": -397218000.0,
        "Net Income Including Noncontrolling Interests": -397218000.0,
        "Net Income Continuous Operations": -397218000.0,
        "Tax Provision": 589000.0,
        "Pretax Income": -396629000.0,
        "Other Income Expense": 288767000.0,
        "Other Non Operating Income Expenses": -12240000.0,
        "Special Income Charges": 0.0,
        "Other Special Charges": NaN,
        "Restructuring And Mergern Acquisition": 0.0,
        "Gain On Sale Of Security": 301007000.0,
        "Net Non Operating Interest Income Expense": 47554000.0,
        "Interest Expense Non Operating": 10271000.0,
        "Interest Income Non Operating": 57825000.0,
        "Operating Income": -732950000.0,
        "Operating Expense": 524175000.0,
        "Research And Development": 280285000.0,
        "Selling General And Administration": 243890000.0,
        "Gross Profit": -208775000.0,
        "Cost Of Revenue": 443248000.0,
        "Total Revenue": 234473000.0,
        "Operating Revenue": 234473000.0
    },
    "2025-03-31": {
        "Tax Effect Of Unusual Items": 1124432.0,
        "Tax Rate For Calcs": 0.004,
        "Normalized EBITDA": -538800000.0,
        "Total Unusual Items": 281108000.0,
        "Total Unusual Items Excluding Goodwill": 281108000.0,
        "Net Income From Continuing Operation Net Minority Interest": -366171000.0,
        "Reconciled Depreciation": 97959000.0,
        "Reconciled Cost Of Revenue": 463560000.0,
        "EBITDA": -257692000.0,
        "EBIT": -355651000.0,
        "Net Interest Income": 40326000.0,
        "Interest Expense": 11883000.0,
        "Interest Income": 52209000.0,
        "Normalized Income": -646154568.0,
        "Net Income From Continuing And Discontinued Operation": -366171000.0,
        "Total Expenses": 926981000.0,
        "Total Operating Income As Reported": -691933000.0,
        "Diluted Average Shares": 303631730.0,
        "Basic Average Shares": 303631730.0,
        "Diluted EPS": -2.4,
        "Basic EPS": -2.4,
        "Diluted NI Availto Com Stockholders": -731096000.0,
        "Average Dilution Earnings": NaN,
        "Net Income Common Stockholders": -731096000.0,
        "Otherunder Preferred Stock Dividend": NaN,
        "Preferred Stock Dividends": 364925000.0,
        "Net Income": -366171000.0,
        "Net Income Including Noncontrolling Interests": -366171000.0,
        "Net Income Continuous Operations": -366171000.0,
        "Tax Provision": -1363000.0,
        "Pretax Income": -367534000.0,
        "Other Income Expense": 284073000.0,
        "Other Non Operating Income Expenses": 2965000.0,
        "Special Income Charges": NaN,
        "Other Special Charges": NaN,
        "Restructuring And Mergern Acquisition": NaN,
        "Gain On Sale Of Security": 281108000.0,
        "Net Non Operating Interest Income Expense": 40326000.0,
        "Interest Expense Non Operating": 11883000.0,
        "Interest Income Non Operating": 52209000.0,
        "Operating Income": -691933000.0,
        "Operating Expense": 463421000.0,
        "Research And Development": 251246000.0,
        "Selling General And Administration": 212175000.0,
        "Gross Profit": -228512000.0,
        "Cost Of Revenue": 463560000.0,
        "Total Revenue": 235048000.0,
        "Operating Revenue": 235048000.0
    },
    "2025-06-30": {
        "Tax Effect Of Unusual Items": 948420.0,
        "Tax Rate For Calcs": 0.004,
        "Normalized EBITDA": -644069000.0,
        "Total Unusual Items": 237105000.0,
        "Total Unusual Items Excluding Goodwill": 237105000.0,
        "Net Income From Continuing Operation Net Minority Interest": -539432000.0,
        "Reconciled Depreciation": 111088000.0,
        "Reconciled Cost Of Revenue": 531783000.0,
        "EBITDA": -406964000.0,
        "EBIT": -518052000.0,
        "Net Interest Income": 20569000.0,
        "Interest Expense": 23749000.0,
        "Interest Income": 44318000.0,
        "Normalized Income": -775588580.0,
        "Net Income From Continuing And Discontinued Operation": -539432000.0,
        "Total Expenses": 1062479000.0,
        "Total Operating Income As Reported": -803047000.0,
        "Diluted Average Shares": 305788272.0,
        "Basic Average Shares": 305640483.0,
        "Diluted EPS": -2.8,
        "Basic EPS": -2.4,
        "Diluted NI Availto Com Stockholders": -855306000.0,
        "Average Dilution Earnings": -116051000.0,
        "Net Income Common Stockholders": -739255000.0,
        "Otherunder Preferred Stock Dividend": NaN,
        "Preferred Stock Dividends": 199823000.0,
        "Net Income": -539432000.0,
        "Net Income Including Noncontrolling Interests": -539432000.0,
        "Net Income Continuous Operations": -539432000.0,
        "Tax Provision": -2369000.0,
        "Pretax Income": -541801000.0,
        "Other Income Expense": 240677000.0,
        "Other Non Operating Income Expenses": 3572000.0,
        "Special Income Charges": 116360000.0,
        "Other Special Charges": -116360000.0,
        "Restructuring And Mergern Acquisition": 0.0,
        "Gain On Sale Of Security": 120745000.0,
        "Net Non Operating Interest Income Expense": 20569000.0,
        "Interest Expense Non Operating": 23749000.0,
        "Interest Income Non Operating": 44318000.0,
        "Operating Income": -803047000.0,
        "Operating Expense": 530696000.0,
        "Research And Development": 273839000.0,
        "Selling General And Administration": 256857000.0,
        "Gross Profit": -272351000.0,
        "Cost Of Revenue": 531783000.0,
        "Total Revenue": 259432000.0,
        "Operating Revenue": 259432000.0
    }
}