{
    "2023-03-31": {
        "Tax Effect Of Unusual Items": NaN,
        "Tax Rate For Calcs": NaN,
        "Normalized EBITDA": NaN,
        "Total Unusual Items": NaN,
        "Total Unusual Items Excluding Goodwill": NaN,
        "Net Income From Continuing Operation Net Minority Interest": NaN,
        "Reconciled Depreciation": NaN,
        "Reconciled Cost Of Revenue": NaN,
        "EBITDA": NaN,
        "EBIT": NaN,
        "Net Interest Income": NaN,
        "Interest Income": NaN,
        "Normalized Income": NaN,
        "Net Income From Continuing And Discontinued Operation": NaN,
        "Total Expenses": NaN,
        "Total Operating Income As Reported": NaN,
        "Diluted Average Shares": NaN,
        "Basic Average Shares": NaN,
        "Diluted EPS": NaN,
        "Basic EPS": NaN,
        "Diluted NI Availto Com Stockholders": NaN,
        "Net Income Common Stockholders": NaN,
        "Net Income": NaN,
        "Minority Interests": NaN,
        "Net Income Including Noncontrolling Interests": NaN,
        "Net Income Discontinuous Operations": NaN,
        "Net Income Continuous Operations": NaN,
        "Tax Provision": NaN,
        "Pretax Income": NaN,
        "Other Income Expense": 112000.0,
        "Other Non Operating Income Expenses": 112000.0,
        "Gain On Sale Of Security": NaN,
        "Net Non Operating Interest Income Expense": NaN,
        "Total Other Finance Cost": NaN,
        "Interest Income Non Operating": NaN,
        "Operating Income": NaN,
        "Operating Expense": NaN,
        "Selling General And Administration": NaN,
        "Selling And Marketing Expense": 660000.0,
        "General And Administrative Expense": 721000.0,
        "Other Gand A": 721000.0,
        "Gross Profit": NaN,
        "Cost Of Revenue": NaN,
        "Total Revenue": NaN,
        "Operating Revenue": NaN
    },
    "2022-12-31": {
        "Tax Effect Of Unusual Items": NaN,
        "Tax Rate For Calcs": NaN,
        "Normalized EBITDA": NaN,
        "Total Unusual Items": 0.0,
        "Total Unusual Items Excluding Goodwill": 0.0,
        "Net Income From Continuing Operation Net Minority Interest": NaN,
        "Reconciled Depreciation": NaN,
        "Reconciled Cost Of Revenue": 3762000.0,
        "EBITDA": NaN,
        "EBIT": NaN,
        "Net Interest Income": NaN,
        "Interest Income": NaN,
        "Normalized Income": NaN,
        "Net Income From Continuing And Discontinued Operation": NaN,
        "Total Expenses": NaN,
        "Total Operating Income As Reported": NaN,
        "Diluted Average Shares": NaN,
        "Basic Average Shares": NaN,
        "Diluted EPS": NaN,
        "Basic EPS": NaN,
        "Diluted NI Availto Com Stockholders": NaN,
        "Net Income Common Stockholders": NaN,
        "Net Income": NaN,
        "Minority Interests": NaN,
        "Net Income Including Noncontrolling Interests": NaN,
        "Net Income Discontinuous Operations": NaN,
        "Net Income Continuous Operations": NaN,
        "Tax Provision": NaN,
        "Pretax Income": NaN,
        "Other Income Expense": 122000.0,
        "Other Non Operating Income Expenses": 122000.0,
        "Special Income Charges": 0.0,
        "Other Special Charges": 0.0,
        "Gain On Sale Of Security": NaN,
        "Net Non Operating Interest Income Expense": NaN,
        "Total Other Finance Cost": NaN,
        "Interest Income Non Operating": NaN,
        "Operating Income": NaN,
        "Operating Expense": NaN,
        "Selling General And Administration": NaN,
        "Selling And Marketing Expense": 662000.0,
        "General And Administrative Expense": 1010000.0,
        "Other Gand A": 1010000.0,
        "Gross Profit": 767000.0,
        "Cost Of Revenue": 3762000.0,
        "Total Revenue": NaN,
        "Operating Revenue": NaN
    },
    "2022-09-30": {
        "Tax Effect Of Unusual Items": NaN,
        "Tax Rate For Calcs": NaN,
        "Normalized EBITDA": NaN,
        "Total Unusual Items": 12000000.0,
        "Total Unusual Items Excluding Goodwill": 12000000.0,
        "Net Income From Continuing Operation Net Minority Interest": NaN,
        "Reconciled Depreciation": NaN,
        "Reconciled Cost Of Revenue": 4031000.0,
        "EBITDA": NaN,
        "EBIT": NaN,
        "Net Interest Income": 55000.0,
        "Interest Income": 55000.0,
        "Normalized Income": NaN,
        "Net Income From Continuing And Discontinued Operation": NaN,
        "Total Expenses": NaN,
        "Total Operating Income As Reported": NaN,
        "Diluted Average Shares": NaN,
        "Basic Average Shares": NaN,
        "Diluted EPS": NaN,
        "Basic EPS": NaN,
        "Diluted NI Availto Com Stockholders": NaN,
        "Net Income Common Stockholders": NaN,
        "Net Income": NaN,
        "Minority Interests": NaN,
        "Net Income Including Noncontrolling Interests": NaN,
        "Net Income Discontinuous Operations": 12235000.0,
        "Net Income Continuous Operations": NaN,
        "Tax Provision": NaN,
        "Pretax Income": NaN,
        "Other Income Expense": 12072000.0,
        "Other Non Operating Income Expenses": 72000.0,
        "Special Income Charges": 12000000.0,
        "Other Special Charges": -12000000.0,
        "Gain On Sale Of Security": NaN,
        "Net Non Operating Interest Income Expense": 55000.0,
        "Total Other Finance Cost": NaN,
        "Interest Income Non Operating": 55000.0,
        "Operating Income": NaN,
        "Operating Expense": NaN,
        "Selling General And Administration": NaN,
        "Selling And Marketing Expense": 0.0,
        "General And Administrative Expense": 488000.0,
        "Other Gand A": 488000.0,
        "Gross Profit": 838000.0,
        "Cost Of Revenue": 4031000.0,
        "Total Revenue": NaN,
        "Operating Revenue": NaN
    },
    "2022-06-30": {
        "Tax Effect Of Unusual Items": 0.0,
        "Tax Rate For Calcs": 0.4,
        "Normalized EBITDA": -1086000.0,
        "Total Unusual Items": 0.0,
        "Total Unusual Items Excluding Goodwill": 0.0,
        "Net Income From Continuing Operation Net Minority Interest": -1084000.0,
        "Reconciled Depreciation": 15000.0,
        "Reconciled Cost Of Revenue": 2838000.0,
        "EBITDA": -1086000.0,
        "EBIT": -1101000.0,
        "Net Interest Income": NaN,
        "Interest Income": NaN,
        "Normalized Income": -1084000.0,
        "Net Income From Continuing And Discontinued Operation": -1084000.0,
        "Total Expenses": 4355000.0,
        "Total Operating Income As Reported": -1101000.0,
        "Diluted Average Shares": 1788000.0,
        "Basic Average Shares": 1788000.0,
        "Diluted EPS": -0.61,
        "Basic EPS": -0.61,
        "Diluted NI Availto Com Stockholders": -1084000.0,
        "Net Income Common Stockholders": -1084000.0,
        "Net Income": -1084000.0,
        "Net Income Including Noncontrolling Interests": -1084000.0,
        "Net Income Continuous Operations": -1084000.0,
        "Tax Provision": 14000.0,
        "Pretax Income": -1070000.0,
        "Other Income Expense": 31000.0,
        "Other Non Operating Income Expenses": 31000.0,
        "Special Income Charges": 0.0,
        "Other Special Charges": NaN,
        "Net Non Operating Interest Income Expense": NaN,
        "Interest Income Non Operating": NaN,
        "Operating Income": -1101000.0,
        "Operating Expense": 1517000.0,
        "Selling General And Administration": 1517000.0,
        "Selling And Marketing Expense": 569000.0,
        "General And Administrative Expense": 948000.0,
        "Other Gand A": 948000.0,
        "Gross Profit": 416000.0,
        "Cost Of Revenue": 2838000.0,
        "Total Revenue": 3254000.0,
        "Operating Revenue": 3254000.0
    },
    "2023-06-30": {
        "Tax Effect Of Unusual Items": 0.0,
        "Tax Rate For Calcs": 0.21,
        "Normalized EBITDA": -545000.0,
        "Total Unusual Items": NaN,
        "Total Unusual Items Excluding Goodwill": NaN,
        "Net Income From Continuing Operation Net Minority Interest": -426000.0,
        "Reconciled Depreciation": 12000.0,
        "Reconciled Cost Of Revenue": 0.0,
        "EBITDA": -545000.0,
        "EBIT": -557000.0,
        "Net Interest Income": 135000.0,
        "Interest Income": 135000.0,
        "Normalized Income": -426000.0,
        "Net Income From Continuing And Discontinued Operation": -36000.0,
        "Total Expenses": 557000.0,
        "Total Operating Income As Reported": -557000.0,
        "Diluted Average Shares": 1798000.0,
        "Basic Average Shares": 1798000.0,
        "Diluted EPS": -0.02,
        "Basic EPS": -0.02,
        "Diluted NI Availto Com Stockholders": -36000.0,
        "Net Income Common Stockholders": -36000.0,
        "Net Income": -36000.0,
        "Minority Interests": 0.0,
        "Net Income Including Noncontrolling Interests": -36000.0,
        "Net Income Discontinuous Operations": 390000.0,
        "Net Income Continuous Operations": -426000.0,
        "Tax Provision": 4000.0,
        "Pretax Income": -422000.0,
        "Other Income Expense": NaN,
        "Other Non Operating Income Expenses": NaN,
        "Gain On Sale Of Security": NaN,
        "Net Non Operating Interest Income Expense": 135000.0,
        "Total Other Finance Cost": -135000.0,
        "Interest Income Non Operating": 135000.0,
        "Operating Income": -557000.0,
        "Operating Expense": 557000.0,
        "Selling General And Administration": 557000.0,
        "Selling And Marketing Expense": 661000.0,
        "General And Administrative Expense": 1129000.0,
        "Other Gand A": 1129000.0,
        "Gross Profit": 0.0,
        "Cost Of Revenue": 0.0,
        "Total Revenue": 0.0,
        "Operating Revenue": 0.0
    },
    "2023-09-30": {
        "Tax Effect Of Unusual Items": NaN,
        "Tax Rate For Calcs": NaN,
        "Normalized EBITDA": NaN,
        "Total Unusual Items": NaN,
        "Total Unusual Items Excluding Goodwill": NaN,
        "Net Income From Continuing Operation Net Minority Interest": NaN,
        "Reconciled Depreciation": NaN,
        "Reconciled Cost Of Revenue": NaN,
        "EBITDA": NaN,
        "EBIT": NaN,
        "Net Interest Income": NaN,
        "Interest Expense": NaN,
        "Interest Income": 111000.0,
        "Normalized Income": NaN,
        "Net Income From Continuing And Discontinued Operation": NaN,
        "Total Expenses": NaN,
        "Total Operating Income As Reported": NaN,
        "Diluted Average Shares": 1785000.0,
        "Basic Average Shares": 1785000.0,
        "Diluted EPS": 0.63,
        "Basic EPS": 0.63,
        "Diluted NI Availto Com Stockholders": NaN,
        "Net Income Common Stockholders": NaN,
        "Net Income": NaN,
        "Minority Interests": NaN,
        "Net Income Including Noncontrolling Interests": NaN,
        "Net Income Discontinuous Operations": NaN,
        "Net Income Continuous Operations": NaN,
        "Tax Provision": NaN,
        "Pretax Income": NaN,
        "Other Income Expense": NaN,
        "Other Non Operating Income Expenses": NaN,
        "Gain On Sale Of Security": NaN,
        "Net Non Operating Interest Income Expense": NaN,
        "Total Other Finance Cost": -111000.0,
        "Interest Expense Non Operating": NaN,
        "Interest Income Non Operating": 111000.0,
        "Operating Income": NaN,
        "Operating Expense": NaN,
        "Selling General And Administration": NaN,
        "Selling And Marketing Expense": 69000.0,
        "General And Administrative Expense": 1564000.0,
        "Other Gand A": 1564000.0,
        "Gross Profit": NaN,
        "Cost Of Revenue": NaN,
        "Total Revenue": NaN,
        "Operating Revenue": NaN
    },
    "2024-03-31": {
        "Tax Effect Of Unusual Items": NaN,
        "Tax Rate For Calcs": NaN,
        "Normalized EBITDA": NaN,
        "Total Unusual Items": NaN,
        "Total Unusual Items Excluding Goodwill": NaN,
        "Net Income From Continuing Operation Net Minority Interest": NaN,
        "Reconciled Depreciation": NaN,
        "Reconciled Cost Of Revenue": NaN,
        "EBITDA": NaN,
        "EBIT": NaN,
        "Net Interest Income": NaN,
        "Interest Expense": 225000.0,
        "Normalized Income": NaN,
        "Net Income From Continuing And Discontinued Operation": NaN,
        "Total Expenses": NaN,
        "Total Operating Income As Reported": NaN,
        "Diluted Average Shares": NaN,
        "Basic Average Shares": NaN,
        "Diluted EPS": NaN,
        "Basic EPS": NaN,
        "Diluted NI Availto Com Stockholders": NaN,
        "Net Income Common Stockholders": NaN,
        "Net Income": NaN,
        "Minority Interests": NaN,
        "Net Income Including Noncontrolling Interests": NaN,
        "Net Income Discontinuous Operations": NaN,
        "Net Income Continuous Operations": NaN,
        "Tax Provision": NaN,
        "Pretax Income": NaN,
        "Other Income Expense": NaN,
        "Other Non Operating Income Expenses": NaN,
        "Gain On Sale Of Security": NaN,
        "Net Non Operating Interest Income Expense": NaN,
        "Total Other Finance Cost": 225000.0,
        "Interest Expense Non Operating": 225000.0,
        "Operating Income": NaN,
        "Operating Expense": NaN,
        "Selling General And Administration": NaN,
        "Gross Profit": NaN,
        "Cost Of Revenue": NaN,
        "Total Revenue": NaN,
        "Operating Revenue": NaN
    },
    "2024-06-30": {
        "Tax Effect Of Unusual Items": NaN,
        "Tax Rate For Calcs": NaN,
        "Normalized EBITDA": NaN,
        "Total Unusual Items": NaN,
        "Total Unusual Items Excluding Goodwill": NaN,
        "Net Income From Continuing Operation Net Minority Interest": NaN,
        "Reconciled Depreciation": NaN,
        "Reconciled Cost Of Revenue": NaN,
        "EBITDA": NaN,
        "EBIT": NaN,
        "Net Interest Income": NaN,
        "Interest Expense": NaN,
        "Normalized Income": NaN,
        "Net Income From Continuing And Discontinued Operation": NaN,
        "Total Expenses": NaN,
        "Total Operating Income As Reported": NaN,
        "Diluted Average Shares": 1770000.0,
        "Basic Average Shares": 1770000.0,
        "Diluted EPS": -0.42,
        "Basic EPS": -0.42,
        "Diluted NI Availto Com Stockholders": NaN,
        "Net Income Common Stockholders": NaN,
        "Net Income": NaN,
        "Minority Interests": NaN,
        "Net Income Including Noncontrolling Interests": NaN,
        "Net Income Discontinuous Operations": NaN,
        "Net Income Continuous Operations": NaN,
        "Tax Provision": NaN,
        "Pretax Income": NaN,
        "Other Income Expense": NaN,
        "Other Non Operating Income Expenses": NaN,
        "Gain On Sale Of Security": NaN,
        "Net Non Operating Interest Income Expense": NaN,
        "Total Other Finance Cost": 964000.0,
        "Interest Expense Non Operating": NaN,
        "Operating Income": NaN,
        "Operating Expense": NaN,
        "Selling General And Administration": NaN,
        "Gross Profit": NaN,
        "Cost Of Revenue": NaN,
        "Total Revenue": NaN,
        "Operating Revenue": NaN
    },
    "2024-09-30": {
        "Tax Effect Of Unusual Items": -15431.175934,
        "Tax Rate For Calcs": 0.33546,
        "Normalized EBITDA": -485000.0,
        "Total Unusual Items": -46000.0,
        "Total Unusual Items Excluding Goodwill": -46000.0,
        "Net Income From Continuing Operation Net Minority Interest": -1191000.0,
        "Reconciled Depreciation": 820000.0,
        "Reconciled Cost Of Revenue": 5188000.0,
        "EBITDA": -531000.0,
        "EBIT": -1351000.0,
        "Net Interest Income": -800000.0,
        "Interest Expense": NaN,
        "Normalized Income": -1160431.175934,
        "Net Income From Continuing And Discontinued Operation": -1125000.0,
        "Total Expenses": 7979000.0,
        "Total Operating Income As Reported": -1351000.0,
        "Diluted Average Shares": 1770000.0,
        "Basic Average Shares": 1770000.0,
        "Diluted EPS": -0.64,
        "Basic EPS": -0.64,
        "Diluted NI Availto Com Stockholders": -1125000.0,
        "Net Income Common Stockholders": -1125000.0,
        "Net Income": -1125000.0,
        "Minority Interests": 267000.0,
        "Net Income Including Noncontrolling Interests": -1392000.0,
        "Net Income Discontinuous Operations": 66000.0,
        "Net Income Continuous Operations": -1458000.0,
        "Tax Provision": -736000.0,
        "Pretax Income": -2194000.0,
        "Other Income Expense": -43000.0,
        "Other Non Operating Income Expenses": 3000.0,
        "Gain On Sale Of Security": -46000.0,
        "Net Non Operating Interest Income Expense": -800000.0,
        "Total Other Finance Cost": 800000.0,
        "Interest Expense Non Operating": NaN,
        "Operating Income": -1351000.0,
        "Operating Expense": 2791000.0,
        "Selling General And Administration": 2791000.0,
        "Gross Profit": 1440000.0,
        "Cost Of Revenue": 5188000.0,
        "Total Revenue": 6628000.0,
        "Operating Revenue": 6628000.0
    },
    "2024-12-31": {
        "Tax Effect Of Unusual Items": 97264.472191,
        "Tax Rate For Calcs": 0.23723,
        "Normalized EBITDA": -3585000.0,
        "Total Unusual Items": 410000.0,
        "Total Unusual Items Excluding Goodwill": 410000.0,
        "Net Income From Continuing Operation Net Minority Interest": -2962000.0,
        "Reconciled Depreciation": 713000.0,
        "Reconciled Cost Of Revenue": 6774000.0,
        "EBITDA": -3175000.0,
        "EBIT": -3888000.0,
        "Net Interest Income": -980000.0,
        "Interest Expense": NaN,
        "Normalized Income": -3274735.527809,
        "Net Income From Continuing And Discontinued Operation": -2940000.0,
        "Total Expenses": 10080000.0,
        "Total Operating Income As Reported": -3888000.0,
        "Diluted Average Shares": NaN,
        "Basic Average Shares": NaN,
        "Diluted EPS": NaN,
        "Basic EPS": NaN,
        "Diluted NI Availto Com Stockholders": -2940000.0,
        "Net Income Common Stockholders": -2940000.0,
        "Net Income": -2940000.0,
        "Minority Interests": 398000.0,
        "Net Income Including Noncontrolling Interests": -3338000.0,
        "Net Income Discontinuous Operations": 22000.0,
        "Net Income Continuous Operations": -3360000.0,
        "Tax Provision": -1045000.0,
        "Pretax Income": -4405000.0,
        "Other Income Expense": 463000.0,
        "Other Non Operating Income Expenses": 53000.0,
        "Gain On Sale Of Security": 410000.0,
        "Net Non Operating Interest Income Expense": -980000.0,
        "Total Other Finance Cost": 980000.0,
        "Interest Expense Non Operating": NaN,
        "Operating Income": -3888000.0,
        "Operating Expense": 3306000.0,
        "Selling General And Administration": 3306000.0,
        "Gross Profit": -582000.0,
        "Cost Of Revenue": 6774000.0,
        "Total Revenue": 6192000.0,
        "Operating Revenue": 6192000.0
    },
    "2023-12-31": {
        "Tax Effect Of Unusual Items": NaN,
        "Tax Rate For Calcs": NaN,
        "Normalized EBITDA": NaN,
        "Total Unusual Items": NaN,
        "Total Unusual Items Excluding Goodwill": NaN,
        "Net Income From Continuing Operation Net Minority Interest": NaN,
        "Reconciled Depreciation": NaN,
        "Reconciled Cost Of Revenue": NaN,
        "EBITDA": NaN,
        "EBIT": NaN,
        "Net Interest Income": NaN,
        "Interest Expense": NaN,
        "Interest Income": 193000.0,
        "Normalized Income": NaN,
        "Net Income From Continuing And Discontinued Operation": NaN,
        "Total Expenses": NaN,
        "Total Operating Income As Reported": NaN,
        "Diluted Average Shares": NaN,
        "Basic Average Shares": NaN,
        "Diluted EPS": NaN,
        "Basic EPS": NaN,
        "Diluted NI Availto Com Stockholders": NaN,
        "Net Income Common Stockholders": NaN,
        "Net Income": NaN,
        "Minority Interests": NaN,
        "Net Income Including Noncontrolling Interests": NaN,
        "Net Income Discontinuous Operations": NaN,
        "Net Income Continuous Operations": NaN,
        "Tax Provision": NaN,
        "Pretax Income": NaN,
        "Other Income Expense": NaN,
        "Other Non Operating Income Expenses": NaN,
        "Gain On Sale Of Security": NaN,
        "Net Non Operating Interest Income Expense": NaN,
        "Total Other Finance Cost": NaN,
        "Interest Expense Non Operating": NaN,
        "Interest Income Non Operating": 193000.0,
        "Operating Income": NaN,
        "Operating Expense": NaN,
        "Selling General And Administration": NaN,
        "Selling And Marketing Expense": 62000.0,
        "General And Administrative Expense": 474000.0,
        "Other Gand A": 474000.0,
        "Gross Profit": NaN,
        "Cost Of Revenue": NaN,
        "Total Revenue": NaN,
        "Operating Revenue": NaN
    },
    "2025-03-31": {
        "Tax Effect Of Unusual Items": 67670.0,
        "Tax Rate For Calcs": 0.202,
        "Normalized EBITDA": 2243000.0,
        "Total Unusual Items": 335000.0,
        "Total Unusual Items Excluding Goodwill": 335000.0,
        "Net Income From Continuing Operation Net Minority Interest": 439000.0,
        "Reconciled Depreciation": 835000.0,
        "Reconciled Cost Of Revenue": 8554000.0,
        "EBITDA": 2578000.0,
        "EBIT": 1743000.0,
        "Net Interest Income": -970000.0,
        "Interest Expense": 970000.0,
        "Normalized Income": 171670.0,
        "Net Income From Continuing And Discontinued Operation": 449000.0,
        "Total Expenses": 11011000.0,
        "Total Operating Income As Reported": 1432000.0,
        "Diluted Average Shares": 1770000.0,
        "Basic Average Shares": 1770000.0,
        "Diluted EPS": 0.25,
        "Basic EPS": 0.25,
        "Diluted NI Availto Com Stockholders": 449000.0,
        "Net Income Common Stockholders": 449000.0,
        "Net Income": 449000.0,
        "Minority Interests": -178000.0,
        "Net Income Including Noncontrolling Interests": 627000.0,
        "Net Income Discontinuous Operations": 10000.0,
        "Net Income Continuous Operations": 617000.0,
        "Tax Provision": 156000.0,
        "Pretax Income": 773000.0,
        "Other Income Expense": 311000.0,
        "Other Non Operating Income Expenses": -24000.0,
        "Gain On Sale Of Security": 335000.0,
        "Net Non Operating Interest Income Expense": -970000.0,
        "Total Other Finance Cost": NaN,
        "Interest Expense Non Operating": 970000.0,
        "Operating Income": 1432000.0,
        "Operating Expense": 2457000.0,
        "Selling General And Administration": 2457000.0,
        "Gross Profit": 3889000.0,
        "Cost Of Revenue": 8554000.0,
        "Total Revenue": 12443000.0,
        "Operating Revenue": 12443000.0
    },
    "2025-06-30": {
        "Tax Effect Of Unusual Items": -147210.0,
        "Tax Rate For Calcs": 0.21,
        "Normalized EBITDA": 3334000.0,
        "Total Unusual Items": -701000.0,
        "Total Unusual Items Excluding Goodwill": -701000.0,
        "Net Income From Continuing Operation Net Minority Interest": 1024000.0,
        "Reconciled Depreciation": 848000.0,
        "Reconciled Cost Of Revenue": 17788000.0,
        "EBITDA": 2633000.0,
        "EBIT": 1785000.0,
        "Net Interest Income": -935000.0,
        "Interest Expense": 935000.0,
        "Normalized Income": 1577790.0,
        "Net Income From Continuing And Discontinued Operation": 1047000.0,
        "Total Expenses": 20694000.0,
        "Total Operating Income As Reported": 2485000.0,
        "Diluted Average Shares": 1817000.0,
        "Basic Average Shares": 1770000.0,
        "Diluted EPS": 0.58,
        "Basic EPS": 0.59,
        "Diluted NI Availto Com Stockholders": 1047000.0,
        "Net Income Common Stockholders": 1047000.0,
        "Net Income": 1047000.0,
        "Minority Interests": -295000.0,
        "Net Income Including Noncontrolling Interests": 1342000.0,
        "Net Income Discontinuous Operations": 23000.0,
        "Net Income Continuous Operations": 1319000.0,
        "Tax Provision": -469000.0,
        "Pretax Income": 850000.0,
        "Other Income Expense": -700000.0,
        "Other Non Operating Income Expenses": 1000.0,
        "Gain On Sale Of Security": -701000.0,
        "Net Non Operating Interest Income Expense": -935000.0,
        "Total Other Finance Cost": NaN,
        "Interest Expense Non Operating": 935000.0,
        "Operating Income": 2485000.0,
        "Operating Expense": 2906000.0,
        "Selling General And Administration": 2906000.0,
        "Gross Profit": 5391000.0,
        "Cost Of Revenue": 17788000.0,
        "Total Revenue": 23179000.0,
        "Operating Revenue": 23179000.0
    },
    "2025-09-30": {
        "Tax Effect Of Unusual Items": -44528.0,
        "Tax Rate For Calcs": 0.176,
        "Normalized EBITDA": -2137000.0,
        "Total Unusual Items": -253000.0,
        "Total Unusual Items Excluding Goodwill": -253000.0,
        "Net Income From Continuing Operation Net Minority Interest": -2854000.0,
        "Reconciled Depreciation": 874000.0,
        "Reconciled Cost Of Revenue": 5213000.0,
        "EBITDA": -2390000.0,
        "EBIT": -3264000.0,
        "Net Interest Income": -822000.0,
        "Interest Expense": 822000.0,
        "Normalized Income": -2645528.0,
        "Net Income From Continuing And Discontinued Operation": -2854000.0,
        "Total Expenses": 8196000.0,
        "Total Operating Income As Reported": -3043000.0,
        "Diluted Average Shares": 1770000.0,
        "Basic Average Shares": 1770000.0,
        "Diluted EPS": -1.61,
        "Basic EPS": -1.61,
        "Diluted NI Availto Com Stockholders": -2854000.0,
        "Net Income Common Stockholders": -2854000.0,
        "Net Income": -2854000.0,
        "Minority Interests": 511000.0,
        "Net Income Including Noncontrolling Interests": -3365000.0,
        "Net Income Discontinuous Operations": 0.0,
        "Net Income Continuous Operations": -3365000.0,
        "Tax Provision": -721000.0,
        "Pretax Income": -4086000.0,
        "Other Income Expense": -221000.0,
        "Other Non Operating Income Expenses": 32000.0,
        "Gain On Sale Of Security": -253000.0,
        "Net Non Operating Interest Income Expense": -822000.0,
        "Total Other Finance Cost": NaN,
        "Interest Expense Non Operating": 822000.0,
        "Operating Income": -3043000.0,
        "Operating Expense": 2983000.0,
        "Selling General And Administration": 2983000.0,
        "Gross Profit": -60000.0,
        "Cost Of Revenue": 5213000.0,
        "Total Revenue": 5153000.0,
        "Operating Revenue": 5153000.0
    }
}