{
    "2023-04-30": {
        "Tax Effect Of Unusual Items": 0.0,
        "Tax Rate For Calcs": 0.241,
        "Normalized EBITDA": 19408000.0,
        "Total Unusual Items": NaN,
        "Total Unusual Items Excluding Goodwill": NaN,
        "Net Income From Continuing Operation Net Minority Interest": -1652000.0,
        "Reconciled Depreciation": 9301000.0,
        "Reconciled Cost Of Revenue": 171621000.0,
        "EBITDA": 19408000.0,
        "EBIT": 10107000.0,
        "Net Interest Income": -12283000.0,
        "Interest Expense": 12283000.0,
        "Normalized Income": -1652000.0,
        "Net Income From Continuing And Discontinued Operation": -1652000.0,
        "Total Expenses": 299638000.0,
        "Total Operating Income As Reported": 9920000.0,
        "Diluted Average Shares": 32443000.0,
        "Basic Average Shares": 32443000.0,
        "Diluted EPS": -0.05,
        "Basic EPS": -0.05,
        "Diluted NI Availto Com Stockholders": -1652000.0,
        "Net Income Common Stockholders": -1652000.0,
        "Net Income": -1652000.0,
        "Net Income Including Noncontrolling Interests": -1652000.0,
        "Net Income Continuous Operations": -1652000.0,
        "Tax Provision": -524000.0,
        "Pretax Income": -2176000.0,
        "Other Income Expense": 187000.0,
        "Other Non Operating Income Expenses": 187000.0,
        "Special Income Charges": NaN,
        "Impairment Of Capital Assets": NaN,
        "Net Non Operating Interest Income Expense": -12283000.0,
        "Interest Expense Non Operating": 12283000.0,
        "Operating Income": 9920000.0,
        "Operating Expense": 128017000.0,
        "Other Operating Expenses": 202000.0,
        "Depreciation Amortization Depletion Income Statement": 9301000.0,
        "Depreciation And Amortization In Income Statement": 9301000.0,
        "Selling General And Administration": 118514000.0,
        "Gross Profit": 137937000.0,
        "Cost Of Revenue": 171621000.0,
        "Total Revenue": 309558000.0,
        "Operating Revenue": 309558000.0
    },
    "2023-01-31": {
        "Tax Effect Of Unusual Items": 0.0,
        "Tax Rate For Calcs": 0.21,
        "Normalized EBITDA": 22320000.0,
        "Total Unusual Items": NaN,
        "Total Unusual Items Excluding Goodwill": NaN,
        "Net Income From Continuing Operation Net Minority Interest": -3298000.0,
        "Reconciled Depreciation": 9513000.0,
        "Reconciled Cost Of Revenue": 357459000.0,
        "EBITDA": 22320000.0,
        "EBIT": 12807000.0,
        "Net Interest Income": -11961000.0,
        "Interest Expense": 11961000.0,
        "Normalized Income": -3298000.0,
        "Net Income From Continuing And Discontinued Operation": -3298000.0,
        "Total Expenses": 517063000.0,
        "Total Operating Income As Reported": 12540000.0,
        "Diluted Average Shares": 32844000.0,
        "Basic Average Shares": 32844000.0,
        "Diluted EPS": -0.1,
        "Basic EPS": -0.1,
        "Diluted NI Availto Com Stockholders": -3298000.0,
        "Net Income Common Stockholders": -3298000.0,
        "Net Income": -3298000.0,
        "Net Income Including Noncontrolling Interests": -3298000.0,
        "Net Income Continuous Operations": -3298000.0,
        "Tax Provision": 4144000.0,
        "Pretax Income": 846000.0,
        "Other Income Expense": 267000.0,
        "Other Non Operating Income Expenses": 267000.0,
        "Special Income Charges": NaN,
        "Impairment Of Capital Assets": NaN,
        "Net Non Operating Interest Income Expense": -11961000.0,
        "Interest Expense Non Operating": 11961000.0,
        "Operating Income": 12540000.0,
        "Operating Expense": 159604000.0,
        "Other Operating Expenses": -209000.0,
        "Depreciation Amortization Depletion Income Statement": 9513000.0,
        "Depreciation And Amortization In Income Statement": 9513000.0,
        "Selling General And Administration": 150300000.0,
        "Gross Profit": 172144000.0,
        "Cost Of Revenue": 357459000.0,
        "Total Revenue": 529603000.0,
        "Operating Revenue": 529603000.0
    },
    "2022-10-31": {
        "Tax Effect Of Unusual Items": NaN,
        "Tax Rate For Calcs": NaN,
        "Normalized EBITDA": NaN,
        "Total Unusual Items": 0.0,
        "Total Unusual Items Excluding Goodwill": 0.0,
        "Net Income From Continuing Operation Net Minority Interest": NaN,
        "Reconciled Depreciation": NaN,
        "Reconciled Cost Of Revenue": NaN,
        "EBITDA": NaN,
        "EBIT": NaN,
        "Net Interest Income": NaN,
        "Interest Expense": NaN,
        "Normalized Income": NaN,
        "Net Income From Continuing And Discontinued Operation": NaN,
        "Total Expenses": NaN,
        "Total Operating Income As Reported": NaN,
        "Diluted Average Shares": NaN,
        "Basic Average Shares": NaN,
        "Diluted EPS": NaN,
        "Basic EPS": NaN,
        "Diluted NI Availto Com Stockholders": NaN,
        "Net Income Common Stockholders": NaN,
        "Net Income": NaN,
        "Net Income Including Noncontrolling Interests": NaN,
        "Net Income Continuous Operations": NaN,
        "Tax Provision": NaN,
        "Pretax Income": NaN,
        "Other Income Expense": NaN,
        "Other Non Operating Income Expenses": NaN,
        "Special Income Charges": 0.0,
        "Impairment Of Capital Assets": 0.0,
        "Net Non Operating Interest Income Expense": NaN,
        "Interest Expense Non Operating": NaN,
        "Operating Income": NaN,
        "Operating Expense": NaN,
        "Other Operating Expenses": NaN,
        "Depreciation Amortization Depletion Income Statement": NaN,
        "Depreciation And Amortization In Income Statement": NaN,
        "Selling General And Administration": NaN,
        "Gross Profit": NaN,
        "Cost Of Revenue": NaN,
        "Total Revenue": NaN,
        "Operating Revenue": NaN
    },
    "2022-07-31": {
        "Tax Effect Of Unusual Items": 0.0,
        "Tax Rate For Calcs": 0.298,
        "Normalized EBITDA": 15591000.0,
        "Net Income From Continuing Operation Net Minority Interest": -2179000.0,
        "Reconciled Depreciation": 9883000.0,
        "Reconciled Cost Of Revenue": 207141000.0,
        "EBITDA": 15591000.0,
        "EBIT": 5708000.0,
        "Net Interest Income": -8813000.0,
        "Interest Expense": 8813000.0,
        "Normalized Income": -2179000.0,
        "Net Income From Continuing And Discontinued Operation": -2179000.0,
        "Total Expenses": 345636000.0,
        "Total Operating Income As Reported": 5542000.0,
        "Diluted Average Shares": 33361000.0,
        "Basic Average Shares": 33361000.0,
        "Diluted EPS": -0.07,
        "Basic EPS": -0.07,
        "Diluted NI Availto Com Stockholders": -2179000.0,
        "Net Income Common Stockholders": -2179000.0,
        "Net Income": -2179000.0,
        "Net Income Including Noncontrolling Interests": -2179000.0,
        "Net Income Continuous Operations": -2179000.0,
        "Tax Provision": -926000.0,
        "Pretax Income": -3105000.0,
        "Other Income Expense": 166000.0,
        "Other Non Operating Income Expenses": 166000.0,
        "Net Non Operating Interest Income Expense": -8813000.0,
        "Interest Expense Non Operating": 8813000.0,
        "Operating Income": 5542000.0,
        "Operating Expense": 138495000.0,
        "Other Operating Expenses": 39000.0,
        "Depreciation Amortization Depletion Income Statement": 9883000.0,
        "Depreciation And Amortization In Income Statement": 9883000.0,
        "Selling General And Administration": 128573000.0,
        "Gross Profit": 144037000.0,
        "Cost Of Revenue": 207141000.0,
        "Total Revenue": 351178000.0,
        "Operating Revenue": 351178000.0
    },
    "2023-07-31": {
        "Tax Effect Of Unusual Items": 0.0,
        "Tax Rate For Calcs": 0.21,
        "Normalized EBITDA": 15510000.0,
        "Total Unusual Items": NaN,
        "Total Unusual Items Excluding Goodwill": NaN,
        "Net Income From Continuing Operation Net Minority Interest": -8018000.0,
        "Reconciled Depreciation": 9543000.0,
        "Reconciled Cost Of Revenue": 183766000.0,
        "EBITDA": 15510000.0,
        "EBIT": 5967000.0,
        "Net Interest Income": -12024000.0,
        "Interest Expense": 12024000.0,
        "Normalized Income": -8018000.0,
        "Net Income From Continuing And Discontinued Operation": -8018000.0,
        "Total Expenses": 317565000.0,
        "Total Operating Income As Reported": 5798000.0,
        "Diluted Average Shares": 32117000.0,
        "Basic Average Shares": 32117000.0,
        "Diluted EPS": -0.25,
        "Basic EPS": -0.25,
        "Diluted NI Availto Com Stockholders": -8018000.0,
        "Net Income Common Stockholders": -8018000.0,
        "Net Income": -8018000.0,
        "Net Income Including Noncontrolling Interests": -8018000.0,
        "Net Income Continuous Operations": -8018000.0,
        "Tax Provision": 1961000.0,
        "Pretax Income": -6057000.0,
        "Other Income Expense": 169000.0,
        "Other Non Operating Income Expenses": 169000.0,
        "Special Income Charges": NaN,
        "Impairment Of Capital Assets": NaN,
        "Net Non Operating Interest Income Expense": -12024000.0,
        "Interest Expense Non Operating": 12024000.0,
        "Operating Income": 5798000.0,
        "Operating Expense": 133799000.0,
        "Other Operating Expenses": 390000.0,
        "Depreciation Amortization Depletion Income Statement": 9543000.0,
        "Depreciation And Amortization In Income Statement": 9543000.0,
        "Selling General And Administration": 123866000.0,
        "Gross Profit": 139597000.0,
        "Cost Of Revenue": 183766000.0,
        "Total Revenue": 323363000.0,
        "Operating Revenue": 323363000.0
    },
    "2023-10-31": {
        "Tax Effect Of Unusual Items": NaN,
        "Tax Rate For Calcs": NaN,
        "Normalized EBITDA": NaN,
        "Total Unusual Items": -106700000.0,
        "Total Unusual Items Excluding Goodwill": -106700000.0,
        "Net Income From Continuing Operation Net Minority Interest": NaN,
        "Reconciled Depreciation": NaN,
        "Reconciled Cost Of Revenue": NaN,
        "EBITDA": NaN,
        "EBIT": NaN,
        "Net Interest Income": NaN,
        "Interest Expense": NaN,
        "Normalized Income": NaN,
        "Net Income From Continuing And Discontinued Operation": NaN,
        "Total Expenses": NaN,
        "Total Operating Income As Reported": NaN,
        "Diluted Average Shares": NaN,
        "Basic Average Shares": NaN,
        "Diluted EPS": NaN,
        "Basic EPS": NaN,
        "Diluted NI Availto Com Stockholders": NaN,
        "Net Income Common Stockholders": NaN,
        "Net Income": NaN,
        "Net Income Including Noncontrolling Interests": NaN,
        "Net Income Continuous Operations": NaN,
        "Tax Provision": NaN,
        "Pretax Income": NaN,
        "Other Income Expense": NaN,
        "Other Non Operating Income Expenses": NaN,
        "Special Income Charges": -106700000.0,
        "Impairment Of Capital Assets": 106700000.0,
        "Net Non Operating Interest Income Expense": NaN,
        "Interest Expense Non Operating": NaN,
        "Operating Income": NaN,
        "Operating Expense": NaN,
        "Other Operating Expenses": NaN,
        "Depreciation Amortization Depletion Income Statement": NaN,
        "Depreciation And Amortization In Income Statement": NaN,
        "Selling General And Administration": NaN,
        "Gross Profit": NaN,
        "Cost Of Revenue": NaN,
        "Total Revenue": NaN,
        "Operating Revenue": NaN
    },
    "2024-01-31": {
        "Tax Effect Of Unusual Items": NaN,
        "Tax Rate For Calcs": NaN,
        "Normalized EBITDA": NaN,
        "Total Unusual Items": -6666000.0,
        "Total Unusual Items Excluding Goodwill": -6666000.0,
        "Net Income From Continuing Operation Net Minority Interest": NaN,
        "Reconciled Depreciation": NaN,
        "Reconciled Cost Of Revenue": NaN,
        "EBITDA": NaN,
        "EBIT": NaN,
        "Net Interest Income": NaN,
        "Interest Expense": NaN,
        "Normalized Income": NaN,
        "Net Income From Continuing And Discontinued Operation": NaN,
        "Total Expenses": NaN,
        "Total Operating Income As Reported": NaN,
        "Diluted Average Shares": 31495000.0,
        "Basic Average Shares": 31495000.0,
        "Diluted EPS": -0.27,
        "Basic EPS": -0.27,
        "Diluted NI Availto Com Stockholders": NaN,
        "Net Income Common Stockholders": NaN,
        "Net Income": NaN,
        "Net Income Including Noncontrolling Interests": NaN,
        "Net Income Continuous Operations": NaN,
        "Tax Provision": NaN,
        "Pretax Income": NaN,
        "Other Income Expense": NaN,
        "Other Non Operating Income Expenses": NaN,
        "Special Income Charges": -6666000.0,
        "Impairment Of Capital Assets": 0.0,
        "Net Non Operating Interest Income Expense": NaN,
        "Interest Expense Non Operating": NaN,
        "Operating Income": NaN,
        "Operating Expense": NaN,
        "Other Operating Expenses": NaN,
        "Depreciation Amortization Depletion Income Statement": NaN,
        "Depreciation And Amortization In Income Statement": NaN,
        "Selling General And Administration": NaN,
        "Gross Profit": NaN,
        "Cost Of Revenue": NaN,
        "Total Revenue": NaN,
        "Operating Revenue": NaN
    },
    "2024-04-30": {
        "Tax Effect Of Unusual Items": 0.0,
        "Tax Rate For Calcs": 0.196,
        "Normalized EBITDA": 11326000.0,
        "Total Unusual Items": NaN,
        "Total Unusual Items Excluding Goodwill": NaN,
        "Net Income From Continuing Operation Net Minority Interest": -6442000.0,
        "Reconciled Depreciation": 9005000.0,
        "Reconciled Cost Of Revenue": 146491000.0,
        "EBITDA": 11326000.0,
        "EBIT": 2321000.0,
        "Net Interest Income": -10336000.0,
        "Interest Expense": 10336000.0,
        "Normalized Income": -6442000.0,
        "Net Income From Continuing And Discontinued Operation": -6442000.0,
        "Total Expenses": 283238000.0,
        "Total Operating Income As Reported": 2233000.0,
        "Diluted Average Shares": 31439000.0,
        "Basic Average Shares": 31439000.0,
        "Diluted EPS": -0.2,
        "Basic EPS": -0.2,
        "Diluted NI Availto Com Stockholders": -6442000.0,
        "Net Income Common Stockholders": -6442000.0,
        "Net Income": -6442000.0,
        "Net Income Including Noncontrolling Interests": -6442000.0,
        "Net Income Continuous Operations": -6442000.0,
        "Tax Provision": -1573000.0,
        "Pretax Income": -8015000.0,
        "Other Income Expense": 88000.0,
        "Other Non Operating Income Expenses": 88000.0,
        "Special Income Charges": NaN,
        "Impairment Of Capital Assets": NaN,
        "Net Non Operating Interest Income Expense": -10336000.0,
        "Interest Expense Non Operating": 10336000.0,
        "Operating Income": 2233000.0,
        "Operating Expense": 136747000.0,
        "Other Operating Expenses": 341000.0,
        "Depreciation Amortization Depletion Income Statement": 9005000.0,
        "Depreciation And Amortization In Income Statement": 9005000.0,
        "Selling General And Administration": 127401000.0,
        "Gross Profit": 138980000.0,
        "Cost Of Revenue": 146491000.0,
        "Total Revenue": 285471000.0,
        "Operating Revenue": 285471000.0
    },
    "2024-07-31": {
        "Tax Effect Of Unusual Items": 0.0,
        "Tax Rate For Calcs": 0.334,
        "Normalized EBITDA": 11262000.0,
        "Total Unusual Items": NaN,
        "Total Unusual Items Excluding Goodwill": NaN,
        "Net Income From Continuing Operation Net Minority Interest": -5251000.0,
        "Reconciled Depreciation": 8692000.0,
        "Reconciled Cost Of Revenue": 165288000.0,
        "EBITDA": 11262000.0,
        "EBIT": 2570000.0,
        "Net Interest Income": -10447000.0,
        "Interest Expense": 10447000.0,
        "Normalized Income": -5251000.0,
        "Net Income From Continuing And Discontinued Operation": -5251000.0,
        "Total Expenses": 314687000.0,
        "Total Operating Income As Reported": 2486000.0,
        "Diluted Average Shares": 31376000.0,
        "Basic Average Shares": 31376000.0,
        "Diluted EPS": -0.17,
        "Basic EPS": -0.17,
        "Diluted NI Availto Com Stockholders": -5251000.0,
        "Net Income Common Stockholders": -5251000.0,
        "Net Income": -5251000.0,
        "Net Income Including Noncontrolling Interests": -5251000.0,
        "Net Income Continuous Operations": -5251000.0,
        "Tax Provision": -2626000.0,
        "Pretax Income": -7877000.0,
        "Other Income Expense": 84000.0,
        "Other Non Operating Income Expenses": 84000.0,
        "Special Income Charges": NaN,
        "Impairment Of Capital Assets": NaN,
        "Net Non Operating Interest Income Expense": -10447000.0,
        "Interest Expense Non Operating": 10447000.0,
        "Operating Income": 2486000.0,
        "Operating Expense": 149399000.0,
        "Other Operating Expenses": 5197000.0,
        "Depreciation Amortization Depletion Income Statement": 8692000.0,
        "Depreciation And Amortization In Income Statement": 8692000.0,
        "Selling General And Administration": 135510000.0,
        "Gross Profit": 151885000.0,
        "Cost Of Revenue": 165288000.0,
        "Total Revenue": 317173000.0,
        "Operating Revenue": 317173000.0
    },
    "2024-10-31": {
        "Tax Effect Of Unusual Items": 0.0,
        "Tax Rate For Calcs": 0.21,
        "Normalized EBITDA": 17088000.0,
        "Total Unusual Items": 0.0,
        "Total Unusual Items Excluding Goodwill": 0.0,
        "Net Income From Continuing Operation Net Minority Interest": -593000.0,
        "Reconciled Depreciation": 8153000.0,
        "Reconciled Cost Of Revenue": 157483000.0,
        "EBITDA": 17088000.0,
        "EBIT": 8935000.0,
        "Net Interest Income": -10266000.0,
        "Interest Expense": 10266000.0,
        "Normalized Income": -593000.0,
        "Net Income From Continuing And Discontinued Operation": -593000.0,
        "Total Expenses": 309341000.0,
        "Total Operating Income As Reported": 9287000.0,
        "Diluted Average Shares": 31136000.0,
        "Basic Average Shares": 31136000.0,
        "Diluted EPS": -0.02,
        "Basic EPS": -0.02,
        "Diluted NI Availto Com Stockholders": -593000.0,
        "Net Income Common Stockholders": -593000.0,
        "Net Income": -593000.0,
        "Net Income Including Noncontrolling Interests": -593000.0,
        "Net Income Continuous Operations": -593000.0,
        "Tax Provision": -738000.0,
        "Pretax Income": -1331000.0,
        "Other Income Expense": -352000.0,
        "Other Non Operating Income Expenses": -352000.0,
        "Special Income Charges": 0.0,
        "Impairment Of Capital Assets": 0.0,
        "Net Non Operating Interest Income Expense": -10266000.0,
        "Interest Expense Non Operating": 10266000.0,
        "Operating Income": 9287000.0,
        "Operating Expense": 151858000.0,
        "Other Operating Expenses": 2829000.0,
        "Depreciation Amortization Depletion Income Statement": 8153000.0,
        "Depreciation And Amortization In Income Statement": 8153000.0,
        "Selling General And Administration": 140876000.0,
        "Gross Profit": 161145000.0,
        "Cost Of Revenue": 157483000.0,
        "Total Revenue": 318628000.0,
        "Operating Revenue": 318628000.0
    },
    "2025-01-31": {
        "Tax Effect Of Unusual Items": 0.0,
        "Tax Rate For Calcs": 0.331902,
        "Normalized EBITDA": 45031000.0,
        "Total Unusual Items": 0.0,
        "Total Unusual Items Excluding Goodwill": 0.0,
        "Net Income From Continuing Operation Net Minority Interest": 18519000.0,
        "Reconciled Depreciation": 7922000.0,
        "Reconciled Cost Of Revenue": 240328000.0,
        "EBITDA": 45031000.0,
        "EBIT": 37109000.0,
        "Net Interest Income": -9390000.0,
        "Interest Expense": 9390000.0,
        "Normalized Income": 18519000.0,
        "Net Income From Continuing And Discontinued Operation": 18519000.0,
        "Total Expenses": 404712000.0,
        "Total Operating Income As Reported": 36951000.0,
        "Diluted Average Shares": NaN,
        "Basic Average Shares": NaN,
        "Diluted EPS": NaN,
        "Basic EPS": NaN,
        "Diluted NI Availto Com Stockholders": 18519000.0,
        "Net Income Common Stockholders": 18519000.0,
        "Net Income": 18519000.0,
        "Net Income Including Noncontrolling Interests": 18519000.0,
        "Net Income Continuous Operations": 18519000.0,
        "Tax Provision": 9200000.0,
        "Pretax Income": 27719000.0,
        "Other Income Expense": 158000.0,
        "Other Non Operating Income Expenses": 158000.0,
        "Special Income Charges": 0.0,
        "Impairment Of Capital Assets": 0.0,
        "Net Non Operating Interest Income Expense": -9390000.0,
        "Interest Expense Non Operating": 9390000.0,
        "Operating Income": 36951000.0,
        "Operating Expense": 164384000.0,
        "Other Operating Expenses": -1555000.0,
        "Depreciation Amortization Depletion Income Statement": 7922000.0,
        "Depreciation And Amortization In Income Statement": 7922000.0,
        "Selling General And Administration": 158017000.0,
        "Gross Profit": 201335000.0,
        "Cost Of Revenue": 240328000.0,
        "Total Revenue": 441663000.0,
        "Operating Revenue": 441663000.0
    },
    "2025-04-30": {
        "Tax Effect Of Unusual Items": 0.0,
        "Tax Rate For Calcs": 0.289,
        "Normalized EBITDA": 5932000.0,
        "Total Unusual Items": NaN,
        "Total Unusual Items Excluding Goodwill": NaN,
        "Net Income From Continuing Operation Net Minority Interest": -8262000.0,
        "Reconciled Depreciation": 8291000.0,
        "Reconciled Cost Of Revenue": 128482000.0,
        "EBITDA": 5932000.0,
        "EBIT": -2359000.0,
        "Net Interest Income": -9265000.0,
        "Interest Expense": 9265000.0,
        "Normalized Income": -8262000.0,
        "Net Income From Continuing And Discontinued Operation": -8262000.0,
        "Total Expenses": 263578000.0,
        "Total Operating Income As Reported": -2370000.0,
        "Diluted Average Shares": 30867000.0,
        "Basic Average Shares": 30867000.0,
        "Diluted EPS": -0.27,
        "Basic EPS": -0.27,
        "Diluted NI Availto Com Stockholders": -8262000.0,
        "Net Income Common Stockholders": -8262000.0,
        "Net Income": -8262000.0,
        "Net Income Including Noncontrolling Interests": -8262000.0,
        "Net Income Continuous Operations": -8262000.0,
        "Tax Provision": -3362000.0,
        "Pretax Income": -11624000.0,
        "Other Income Expense": 11000.0,
        "Other Non Operating Income Expenses": 11000.0,
        "Special Income Charges": NaN,
        "Impairment Of Capital Assets": NaN,
        "Net Non Operating Interest Income Expense": -9265000.0,
        "Interest Expense Non Operating": 9265000.0,
        "Operating Income": -2370000.0,
        "Operating Expense": 135096000.0,
        "Other Operating Expenses": 3343000.0,
        "Depreciation Amortization Depletion Income Statement": 8291000.0,
        "Depreciation And Amortization In Income Statement": 8291000.0,
        "Selling General And Administration": 123462000.0,
        "Gross Profit": 132726000.0,
        "Cost Of Revenue": 128482000.0,
        "Total Revenue": 261208000.0,
        "Operating Revenue": 261208000.0
    }
}