{
    "2023-03-31": {
        "Tax Effect Of Unusual Items": 0.0,
        "Tax Rate For Calcs": 0.229,
        "Normalized EBITDA": 370800000.0,
        "Net Income From Continuing Operation Net Minority Interest": 143600000.0,
        "Reconciled Depreciation": 147200000.0,
        "Reconciled Cost Of Revenue": 5284200000.0,
        "EBITDA": 370800000.0,
        "EBIT": 223600000.0,
        "Net Interest Income": -24200000.0,
        "Interest Expense": 24200000.0,
        "Normalized Income": 143600000.0,
        "Net Income From Continuing And Discontinued Operation": 143600000.0,
        "Total Expenses": 5608200000.0,
        "Diluted Average Shares": 59558966.0,
        "Basic Average Shares": 59316555.0,
        "Diluted EPS": 2.41,
        "Basic EPS": 2.42,
        "Diluted NI Availto Com Stockholders": 143600000.0,
        "Net Income Common Stockholders": 143600000.0,
        "Net Income": 143600000.0,
        "Minority Interests": -19800000.0,
        "Net Income Including Noncontrolling Interests": 163400000.0,
        "Net Income Continuous Operations": 163400000.0,
        "Earnings From Equity Interest Net Of Tax": 9600000.0,
        "Tax Provision": 45600000.0,
        "Pretax Income": 199400000.0,
        "Other Income Expense": -13700000.0,
        "Other Non Operating Income Expenses": -13700000.0,
        "Net Non Operating Interest Income Expense": -24200000.0,
        "Interest Expense Non Operating": 24200000.0,
        "Operating Income": 237300000.0,
        "Operating Expense": 192700000.0,
        "Depreciation Amortization Depletion Income Statement": 15900000.0,
        "Depreciation And Amortization In Income Statement": 15900000.0,
        "Amortization": 15900000.0,
        "Amortization Of Intangibles Income Statement": 15900000.0,
        "Selling General And Administration": 176800000.0,
        "Gross Profit": 430000000.0,
        "Cost Of Revenue": 5415500000.0,
        "Total Revenue": 5845500000.0,
        "Operating Revenue": 5845500000.0
    },
    "2022-12-31": {
        "Tax Effect Of Unusual Items": 0.0,
        "Tax Rate For Calcs": 0.277553,
        "Normalized EBITDA": 339500000.0,
        "Net Income From Continuing Operation Net Minority Interest": 117500000.0,
        "Reconciled Depreciation": 142200000.0,
        "Reconciled Cost Of Revenue": 4872400000.0,
        "EBITDA": 339500000.0,
        "EBIT": 197300000.0,
        "Net Interest Income": -24000000.0,
        "Interest Expense": 24000000.0,
        "Normalized Income": 117500000.0,
        "Net Income From Continuing And Discontinued Operation": 117500000.0,
        "Total Expenses": 5187000000.0,
        "Diluted Average Shares": 59600000.0,
        "Basic Average Shares": 59078194.0,
        "Diluted EPS": 1.97,
        "Basic EPS": 1.98889,
        "Diluted NI Availto Com Stockholders": 117500000.0,
        "Net Income Common Stockholders": 117500000.0,
        "Net Income": 117500000.0,
        "Minority Interests": -19800000.0,
        "Net Income Including Noncontrolling Interests": 137300000.0,
        "Net Income Continuous Operations": 137300000.0,
        "Earnings From Equity Interest Net Of Tax": 12100000.0,
        "Tax Provision": 48100000.0,
        "Pretax Income": 173300000.0,
        "Other Income Expense": 13400000.0,
        "Other Non Operating Income Expenses": 13400000.0,
        "Net Non Operating Interest Income Expense": -24000000.0,
        "Interest Expense Non Operating": 24000000.0,
        "Operating Income": 183900000.0,
        "Operating Expense": 187700000.0,
        "Depreciation Amortization Depletion Income Statement": 15300000.0,
        "Depreciation And Amortization In Income Statement": 15300000.0,
        "Amortization": 15300000.0,
        "Amortization Of Intangibles Income Statement": 15300000.0,
        "Selling General And Administration": 172400000.0,
        "Gross Profit": 371600000.0,
        "Cost Of Revenue": 4999300000.0,
        "Total Revenue": 5370900000.0,
        "Operating Revenue": 5370900000.0
    },
    "2022-09-30": {
        "Tax Effect Of Unusual Items": 0.0,
        "Tax Rate For Calcs": 0.269,
        "Normalized EBITDA": 319000000.0,
        "Net Income From Continuing Operation Net Minority Interest": 92300000.0,
        "Reconciled Depreciation": 139300000.0,
        "Reconciled Cost Of Revenue": 4740200000.0,
        "EBITDA": 319000000.0,
        "EBIT": 179700000.0,
        "Net Interest Income": -24800000.0,
        "Interest Expense": 24800000.0,
        "Normalized Income": 92300000.0,
        "Net Income From Continuing And Discontinued Operation": 92300000.0,
        "Total Expenses": 5043400000.0,
        "Diluted Average Shares": 59785860.0,
        "Basic Average Shares": 59551765.0,
        "Diluted EPS": 1.54,
        "Basic EPS": 1.55,
        "Diluted NI Availto Com Stockholders": 92300000.0,
        "Net Income Common Stockholders": 92300000.0,
        "Net Income": 92300000.0,
        "Minority Interests": -26900000.0,
        "Net Income Including Noncontrolling Interests": 119200000.0,
        "Net Income Continuous Operations": 119200000.0,
        "Earnings From Equity Interest Net Of Tax": 6000000.0,
        "Tax Provision": 41700000.0,
        "Pretax Income": 154900000.0,
        "Other Income Expense": -18100000.0,
        "Other Non Operating Income Expenses": -18100000.0,
        "Net Non Operating Interest Income Expense": -24800000.0,
        "Interest Expense Non Operating": 24800000.0,
        "Operating Income": 197800000.0,
        "Operating Expense": 179100000.0,
        "Depreciation Amortization Depletion Income Statement": 15200000.0,
        "Depreciation And Amortization In Income Statement": 15200000.0,
        "Amortization": 15200000.0,
        "Amortization Of Intangibles Income Statement": 15200000.0,
        "Selling General And Administration": 163900000.0,
        "Gross Profit": 376900000.0,
        "Cost Of Revenue": 4864300000.0,
        "Total Revenue": 5241200000.0,
        "Operating Revenue": 5241200000.0
    },
    "2022-06-30": {
        "Tax Effect Of Unusual Items": 0.0,
        "Tax Rate For Calcs": 0.224,
        "Normalized EBITDA": 281300000.0,
        "Net Income From Continuing Operation Net Minority Interest": 68500000.0,
        "Reconciled Depreciation": 151600000.0,
        "Reconciled Cost Of Revenue": 4604100000.0,
        "EBITDA": 281300000.0,
        "EBIT": 129700000.0,
        "Net Interest Income": -24900000.0,
        "Interest Expense": 24900000.0,
        "Normalized Income": 68500000.0,
        "Net Income From Continuing And Discontinued Operation": 68500000.0,
        "Total Expenses": 4926900000.0,
        "Diluted Average Shares": 60095641.0,
        "Basic Average Shares": 59899061.0,
        "Diluted EPS": 1.14,
        "Basic EPS": 1.14,
        "Diluted NI Availto Com Stockholders": 68500000.0,
        "Net Income Common Stockholders": 68500000.0,
        "Net Income": 68500000.0,
        "Minority Interests": -17100000.0,
        "Net Income Including Noncontrolling Interests": 85600000.0,
        "Net Income Continuous Operations": 85600000.0,
        "Earnings From Equity Interest Net Of Tax": 4300000.0,
        "Tax Provision": 23500000.0,
        "Pretax Income": 104800000.0,
        "Other Income Expense": -14400000.0,
        "Other Non Operating Income Expenses": -14400000.0,
        "Net Non Operating Interest Income Expense": -24900000.0,
        "Interest Expense Non Operating": 24900000.0,
        "Operating Income": 144100000.0,
        "Operating Expense": 195800000.0,
        "Depreciation Amortization Depletion Income Statement": 24600000.0,
        "Depreciation And Amortization In Income Statement": 24600000.0,
        "Amortization": 24600000.0,
        "Amortization Of Intangibles Income Statement": 24600000.0,
        "Selling General And Administration": 171200000.0,
        "Gross Profit": 339900000.0,
        "Cost Of Revenue": 4731100000.0,
        "Total Revenue": 5071000000.0,
        "Operating Revenue": 5071000000.0
    },
    "2023-06-30": {
        "Tax Effect Of Unusual Items": 0.0,
        "Tax Rate For Calcs": 0.195294,
        "Normalized EBITDA": 389900000.0,
        "Net Income From Continuing Operation Net Minority Interest": 168700000.0,
        "Reconciled Depreciation": 151200000.0,
        "Reconciled Cost Of Revenue": 5407000000.0,
        "EBITDA": 389900000.0,
        "EBIT": 238700000.0,
        "Net Interest Income": -26200000.0,
        "Interest Expense": 26200000.0,
        "Normalized Income": 168700000.0,
        "Net Income From Continuing And Discontinued Operation": 168700000.0,
        "Total Expenses": 5741000000.0,
        "Diluted Average Shares": 59366167.0,
        "Basic Average Shares": 59133427.0,
        "Diluted EPS": 2.84,
        "Basic EPS": 2.85,
        "Diluted NI Availto Com Stockholders": 168700000.0,
        "Net Income Common Stockholders": 168700000.0,
        "Net Income": 168700000.0,
        "Minority Interests": -18500000.0,
        "Net Income Including Noncontrolling Interests": 187200000.0,
        "Net Income Continuous Operations": 187200000.0,
        "Earnings From Equity Interest Net Of Tax": 16200000.0,
        "Tax Provision": 41500000.0,
        "Pretax Income": 212500000.0,
        "Other Income Expense": -19500000.0,
        "Other Non Operating Income Expenses": -19500000.0,
        "Net Non Operating Interest Income Expense": -26200000.0,
        "Interest Expense Non Operating": 26200000.0,
        "Operating Income": 258200000.0,
        "Operating Expense": 198800000.0,
        "Depreciation Amortization Depletion Income Statement": 16000000.0,
        "Depreciation And Amortization In Income Statement": 16000000.0,
        "Amortization": 16000000.0,
        "Amortization Of Intangibles Income Statement": 16000000.0,
        "Selling General And Administration": 182800000.0,
        "Gross Profit": 457000000.0,
        "Cost Of Revenue": 5542200000.0,
        "Total Revenue": 5999200000.0,
        "Operating Revenue": 5999200000.0
    },
    "2022-03-31": {
        "Diluted EPS": 0.82,
        "Total Revenue": NaN,
        "Gross Profit": 322,
        "Operating Income": 129,
        "EBIT": 272,
        "Net Income": 49
    },
    "2021-12-31": {
        "Diluted EPS": 0.38,
        "Total Revenue": NaN,
        "Gross Profit": 271,
        "Operating Income": 115,
        "EBIT": 257,
        "Net Income": 22
    },
    "2021-09-30": {
        "Diluted EPS": -0.44,
        "Total Revenue": NaN,
        "Gross Profit": 227,
        "Operating Income": 48,
        "EBIT": 188,
        "Net Income": -27
    },
    "2021-06-30": {
        "Diluted EPS": 2.89,
        "Total Revenue": NaN,
        "Gross Profit": 401,
        "Operating Income": 206,
        "EBIT": 356,
        "Net Income": 175
    },
    "2021-03-31": {
        "Diluted EPS": 3.36,
        "Total Revenue": NaN,
        "Gross Profit": 493,
        "Operating Income": 307,
        "EBIT": 448,
        "Net Income": 204
    },
    "2020-12-31": {
        "Diluted EPS": 3.36,
        "Total Revenue": NaN,
        "Gross Profit": 459,
        "Operating Income": 296,
        "EBIT": 439,
        "Net Income": 202
    },
    "2020-09-30": {
        "Diluted EPS": 2.89,
        "Total Revenue": NaN,
        "Gross Profit": 443,
        "Operating Income": 279,
        "EBIT": 415,
        "Net Income": 174
    },
    "2020-06-30": {
        "Diluted EPS": -4.89,
        "Total Revenue": NaN,
        "Gross Profit": -127,
        "Operating Income": -294,
        "EBIT": -164,
        "Net Income": -294
    },
    "2020-03-31": {
        "Diluted EPS": 1.26,
        "Total Revenue": NaN,
        "Gross Profit": 334,
        "Operating Income": 173,
        "EBIT": 304,
        "Net Income": 76
    },
    "2019-12-31": {
        "Diluted EPS": 2.52,
        "Total Revenue": NaN,
        "Gross Profit": 327,
        "Operating Income": 152,
        "EBIT": 282,
        "Net Income": 153
    },
    "2019-09-30": {
        "Diluted EPS": 3.58,
        "Total Revenue": NaN,
        "Gross Profit": 459,
        "Operating Income": 301,
        "EBIT": 429,
        "Net Income": 220
    },
    "2019-06-30": {
        "Diluted EPS": 2.92,
        "Total Revenue": NaN,
        "Gross Profit": 478,
        "Operating Income": 305,
        "EBIT": 434,
        "Net Income": 182
    },
    "2019-03-31": {
        "Diluted EPS": 3.73,
        "Total Revenue": NaN,
        "Gross Profit": 473,
        "Operating Income": 312,
        "EBIT": 436,
        "Net Income": 236
    },
    "2018-12-31": {
        "Diluted EPS": 3.43,
        "Total Revenue": NaN,
        "Gross Profit": 523,
        "Operating Income": 360,
        "EBIT": 482,
        "Net Income": 219
    },
    "2018-09-30": {
        "Diluted EPS": 3.8,
        "Total Revenue": NaN,
        "Gross Profit": 526,
        "Operating Income": 363,
        "EBIT": 483,
        "Net Income": 250
    },
    "2018-06-30": {
        "Diluted EPS": 4.83,
        "Total Revenue": NaN,
        "Gross Profit": 638,
        "Operating Income": 468,
        "EBIT": 590,
        "Net Income": 322
    },
    "2018-03-31": {
        "Diluted EPS": 5.16,
        "Total Revenue": NaN,
        "Gross Profit": 631,
        "Operating Income": 463,
        "EBIT": 583,
        "Net Income": 348
    },
    "2017-12-31": {
        "Diluted EPS": 5.79,
        "Total Revenue": NaN,
        "Gross Profit": 575,
        "Operating Income": 397,
        "EBIT": 515,
        "Net Income": 398
    },
    "2017-09-30": {
        "Diluted EPS": 3.96,
        "Total Revenue": NaN,
        "Gross Profit": 556,
        "Operating Income": 385,
        "EBIT": 497,
        "Net Income": 273
    },
    "2017-06-30": {
        "Diluted EPS": 4.49,
        "Total Revenue": NaN,
        "Gross Profit": 578,
        "Operating Income": 409,
        "EBIT": 514,
        "Net Income": 312
    },
    "2017-03-31": {
        "Diluted EPS": 4.35,
        "Total Revenue": NaN,
        "Gross Profit": 583,
        "Operating Income": 417,
        "EBIT": 514,
        "Net Income": 306
    },
    "2016-12-31": {
        "Diluted EPS": 3.24,
        "Total Revenue": NaN,
        "Gross Profit": 533,
        "Operating Income": 370,
        "EBIT": 465,
        "Net Income": 230
    },
    "2016-09-30": {
        "Diluted EPS": 2.98,
        "Total Revenue": NaN,
        "Gross Profit": 514,
        "Operating Income": 345,
        "EBIT": 444,
        "Net Income": 214
    },
    "2016-06-30": {
        "Diluted EPS": 3.82,
        "Total Revenue": NaN,
        "Gross Profit": 540,
        "Operating Income": 373,
        "EBIT": 467,
        "Net Income": 282
    },
    "2016-03-31": {
        "Diluted EPS": 3.29,
        "Total Revenue": NaN,
        "Gross Profit": 536,
        "Operating Income": 374,
        "EBIT": 464,
        "Net Income": 248
    },
    "2015-12-31": {
        "Diluted EPS": 3.06,
        "Total Revenue": NaN,
        "Gross Profit": 491,
        "Operating Income": 338,
        "EBIT": 428,
        "Net Income": 235
    },
    "2015-09-30": {
        "Diluted EPS": 2.34,
        "Total Revenue": NaN,
        "Gross Profit": 453,
        "Operating Income": 303,
        "EBIT": 391,
        "Net Income": 181
    },
    "2015-06-30": {
        "Diluted EPS": 2.33,
        "Total Revenue": NaN,
        "Gross Profit": 450,
        "Operating Income": 286,
        "EBIT": 370,
        "Net Income": 182
    },
    "2015-03-31": {
        "Diluted EPS": 1.86,
        "Total Revenue": NaN,
        "Gross Profit": 426,
        "Operating Income": 261,
        "EBIT": 345,
        "Net Income": 147
    },
    "2014-12-31": {
        "Diluted EPS": 3.23,
        "Total Revenue": NaN,
        "Gross Profit": 392,
        "Operating Income": 257,
        "EBIT": 335,
        "Net Income": 262
    },
    "2014-09-30": {
        "Diluted EPS": 1.72,
        "Total Revenue": NaN,
        "Gross Profit": 361,
        "Operating Income": 225,
        "EBIT": 304,
        "Net Income": 140
    },
    "2014-06-30": {
        "Diluted EPS": 1.81,
        "Total Revenue": NaN,
        "Gross Profit": 379,
        "Operating Income": 233,
        "EBIT": 311,
        "Net Income": 149
    },
    "2014-03-31": {
        "Diluted EPS": 1.47,
        "Total Revenue": NaN,
        "Gross Profit": 361,
        "Operating Income": 215,
        "EBIT": 290,
        "Net Income": 122
    },
    "2013-12-31": {
        "Diluted EPS": 0.88,
        "Total Revenue": NaN,
        "Gross Profit": 319,
        "Operating Income": 168,
        "EBIT": 245,
        "Net Income": 73
    },
    "2013-09-30": {
        "Diluted EPS": 1.38,
        "Total Revenue": NaN,
        "Gross Profit": 330,
        "Operating Income": 193,
        "EBIT": 266,
        "Net Income": 113
    },
    "2013-06-30": {
        "Diluted EPS": 1.6,
        "Total Revenue": NaN,
        "Gross Profit": 338,
        "Operating Income": 201,
        "EBIT": 270,
        "Net Income": 137
    },
    "2013-03-31": {
        "Diluted EPS": 1.13,
        "Total Revenue": NaN,
        "Gross Profit": 312,
        "Operating Income": 174,
        "EBIT": 241,
        "Net Income": 109
    },
    "2012-12-31": {
        "Diluted EPS": 8.85,
        "Total Revenue": NaN,
        "Gross Profit": 302,
        "Operating Income": 159,
        "EBIT": 225,
        "Net Income": 882
    },
    "2012-09-30": {
        "Diluted EPS": 1.23,
        "Total Revenue": NaN,
        "Gross Profit": 291,
        "Operating Income": 170,
        "EBIT": 233,
        "Net Income": 121
    },
    "2012-06-30": {
        "Diluted EPS": 1.45,
        "Total Revenue": NaN,
        "Gross Profit": 315,
        "Operating Income": 190,
        "EBIT": 247,
        "Net Income": 145
    },
    "2012-03-31": {
        "Diluted EPS": 1.32,
        "Total Revenue": NaN,
        "Gross Profit": 310,
        "Operating Income": 187,
        "EBIT": 241,
        "Net Income": 134
    },
    "2011-12-31": {
        "Diluted EPS": 1.04,
        "Total Revenue": NaN,
        "Gross Profit": 243,
        "Operating Income": 102,
        "EBIT": 159,
        "Net Income": 107
    },
    "2011-09-30": {
        "Diluted EPS": 0.95,
        "Total Revenue": NaN,
        "Gross Profit": 281,
        "Operating Income": 159,
        "EBIT": 222,
        "Net Income": 101
    },
    "2011-06-30": {
        "Diluted EPS": 1.65,
        "Total Revenue": NaN,
        "Gross Profit": 347,
        "Operating Income": 220,
        "EBIT": 285,
        "Net Income": 178
    },
    "2011-03-31": {
        "Diluted EPS": 1.44,
        "Total Revenue": NaN,
        "Gross Profit": 323,
        "Operating Income": 199,
        "EBIT": 261,
        "Net Income": 156
    },
    "2010-12-31": {
        "Diluted EPS": 1.08,
        "Total Revenue": NaN,
        "Gross Profit": 235,
        "Operating Income": 126,
        "EBIT": 188,
        "Net Income": 87
    },
    "2010-09-30": {
        "Diluted EPS": 0.88,
        "Total Revenue": NaN,
        "Gross Profit": 236,
        "Operating Income": 119,
        "EBIT": 178,
        "Net Income": 95
    },
    "2010-06-30": {
        "Diluted EPS": 1.48,
        "Total Revenue": NaN,
        "Gross Profit": 293,
        "Operating Income": 173,
        "EBIT": 231,
        "Net Income": 160
    },
    "2010-03-31": {
        "Diluted EPS": 0.61,
        "Total Revenue": NaN,
        "Gross Profit": 255,
        "Operating Income": 120,
        "EBIT": 179,
        "Net Income": 66
    },
    "2009-12-31": {
        "Diluted EPS": -2.97,
        "Total Revenue": NaN,
        "Gross Profit": 164,
        "Operating Income": 43,
        "EBIT": 426,
        "Net Income": 24
    },
    "2009-09-30": {
        "Diluted EPS": 0.16,
        "Total Revenue": NaN,
        "Gross Profit": 235,
        "Operating Income": 135,
        "EBIT": 200,
        "Net Income": 25
    },
    "2009-06-30": {
        "Diluted EPS": -1.12,
        "Total Revenue": NaN,
        "Gross Profit": 36,
        "Operating Income": -86,
        "EBIT": -18,
        "Net Income": -174
    },
    "2009-03-31": {
        "Diluted EPS": -1.71,
        "Total Revenue": NaN,
        "Gross Profit": -75,
        "Operating Income": -188,
        "EBIT": -122,
        "Net Income": -265
    },
    "2023-09-30": {
        "Tax Effect Of Unusual Items": 0.0,
        "Tax Rate For Calcs": 0.249,
        "Normalized EBITDA": 366300000.0,
        "Net Income From Continuing Operation Net Minority Interest": 132900000.0,
        "Reconciled Depreciation": 151900000.0,
        "Reconciled Cost Of Revenue": 5226400000.0,
        "EBITDA": 366300000.0,
        "EBIT": 214400000.0,
        "Net Interest Income": -25700000.0,
        "Interest Expense": 25700000.0,
        "Normalized Income": 132900000.0,
        "Net Income From Continuing And Discontinued Operation": 132900000.0,
        "Total Expenses": 5560800000.0,
        "Diluted Average Shares": 59075638.0,
        "Basic Average Shares": 58766586.0,
        "Diluted EPS": 2.25,
        "Basic EPS": 2.26,
        "Diluted NI Availto Com Stockholders": 132900000.0,
        "Net Income Common Stockholders": 132900000.0,
        "Net Income": 132900000.0,
        "Minority Interests": -19200000.0,
        "Net Income Including Noncontrolling Interests": 152100000.0,
        "Net Income Continuous Operations": 152100000.0,
        "Earnings From Equity Interest Net Of Tax": 10400000.0,
        "Tax Provision": 47000000.0,
        "Pretax Income": 188700000.0,
        "Other Income Expense": -5800000.0,
        "Other Non Operating Income Expenses": -5800000.0,
        "Net Non Operating Interest Income Expense": -25700000.0,
        "Interest Expense Non Operating": 25700000.0,
        "Operating Income": 220200000.0,
        "Operating Expense": 198000000.0,
        "Depreciation Amortization Depletion Income Statement": 15500000.0,
        "Depreciation And Amortization In Income Statement": 15500000.0,
        "Amortization": 15500000.0,
        "Amortization Of Intangibles Income Statement": 15500000.0,
        "Selling General And Administration": 182500000.0,
        "Gross Profit": 418200000.0,
        "Cost Of Revenue": 5362800000.0,
        "Total Revenue": 5781000000.0,
        "Operating Revenue": 5781000000.0
    },
    "2023-12-31": {
        "Tax Effect Of Unusual Items": 0.0,
        "Tax Rate For Calcs": 0.264439,
        "Normalized EBITDA": 355700000.0,
        "Net Income From Continuing Operation Net Minority Interest": 127300000.0,
        "Reconciled Depreciation": 154100000.0,
        "Reconciled Cost Of Revenue": 5297000000.0,
        "EBITDA": 355700000.0,
        "EBIT": 201600000.0,
        "Net Interest Income": -25000000.0,
        "Interest Expense": 25000000.0,
        "Normalized Income": 127300000.0,
        "Net Income From Continuing And Discontinued Operation": 127300000.0,
        "Total Expenses": 5623700000.0,
        "Diluted Average Shares": 58500000.0,
        "Basic Average Shares": 56978932.0,
        "Diluted EPS": 2.18,
        "Basic EPS": 2.234159,
        "Diluted NI Availto Com Stockholders": 127300000.0,
        "Net Income Common Stockholders": 127300000.0,
        "Net Income": 127300000.0,
        "Minority Interests": -15700000.0,
        "Net Income Including Noncontrolling Interests": 143000000.0,
        "Net Income Continuous Operations": 143000000.0,
        "Earnings From Equity Interest Net Of Tax": 13100000.0,
        "Tax Provision": 46700000.0,
        "Pretax Income": 176600000.0,
        "Other Income Expense": -15900000.0,
        "Other Non Operating Income Expenses": -15900000.0,
        "Net Non Operating Interest Income Expense": -25000000.0,
        "Interest Expense Non Operating": 25000000.0,
        "Operating Income": 217500000.0,
        "Operating Expense": 187700000.0,
        "Depreciation Amortization Depletion Income Statement": 15100000.0,
        "Depreciation And Amortization In Income Statement": 15100000.0,
        "Amortization": 15100000.0,
        "Amortization Of Intangibles Income Statement": 15100000.0,
        "Selling General And Administration": 172600000.0,
        "Gross Profit": 405200000.0,
        "Cost Of Revenue": 5436000000.0,
        "Total Revenue": 5841200000.0,
        "Operating Revenue": 5841200000.0
    },
    "2024-03-31": {
        "Tax Effect Of Unusual Items": 0.0,
        "Tax Rate For Calcs": 0.258126,
        "Normalized EBITDA": 338300000.0,
        "Net Income From Continuing Operation Net Minority Interest": 109600000.0,
        "Reconciled Depreciation": 155300000.0,
        "Reconciled Cost Of Revenue": 5456300000.0,
        "EBITDA": 338300000.0,
        "EBIT": 183000000.0,
        "Net Interest Income": -26100000.0,
        "Interest Expense": 26100000.0,
        "Normalized Income": 109600000.0,
        "Net Income From Continuing And Discontinued Operation": 109600000.0,
        "Total Expenses": 5798100000.0,
        "Diluted Average Shares": 57600000.0,
        "Basic Average Shares": 56892240.0,
        "Diluted EPS": 1.9,
        "Basic EPS": 1.926449,
        "Diluted NI Availto Com Stockholders": 109600000.0,
        "Net Income Common Stockholders": 109600000.0,
        "Net Income": 109600000.0,
        "Minority Interests": -17300000.0,
        "Net Income Including Noncontrolling Interests": 126900000.0,
        "Net Income Continuous Operations": 126900000.0,
        "Earnings From Equity Interest Net Of Tax": 10500000.0,
        "Tax Provision": 40500000.0,
        "Pretax Income": 156900000.0,
        "Other Income Expense": -13500000.0,
        "Other Non Operating Income Expenses": -13500000.0,
        "Net Non Operating Interest Income Expense": -26100000.0,
        "Interest Expense Non Operating": 26100000.0,
        "Operating Income": 196500000.0,
        "Operating Expense": 201600000.0,
        "Depreciation Amortization Depletion Income Statement": 15100000.0,
        "Depreciation And Amortization In Income Statement": 15100000.0,
        "Amortization": 15100000.0,
        "Amortization Of Intangibles Income Statement": 15100000.0,
        "Selling General And Administration": 186500000.0,
        "Gross Profit": 398100000.0,
        "Cost Of Revenue": 5596500000.0,
        "Total Revenue": 5994600000.0,
        "Operating Revenue": 5994600000.0
    },
    "2024-06-30": {
        "Tax Effect Of Unusual Items": 0.0,
        "Tax Rate For Calcs": 0.204,
        "Normalized EBITDA": 407300000.0,
        "Net Income From Continuing Operation Net Minority Interest": 173100000.0,
        "Reconciled Depreciation": 153900000.0,
        "Reconciled Cost Of Revenue": 5422400000.0,
        "EBITDA": 407300000.0,
        "EBIT": 253400000.0,
        "Net Interest Income": -26900000.0,
        "Interest Expense": 26900000.0,
        "Normalized Income": 173100000.0,
        "Net Income From Continuing And Discontinued Operation": 173100000.0,
        "Total Expenses": 5751600000.0,
        "Diluted Average Shares": 57234459.0,
        "Basic Average Shares": 56926745.0,
        "Diluted EPS": 3.02,
        "Basic EPS": 3.04,
        "Diluted NI Availto Com Stockholders": 173100000.0,
        "Net Income Common Stockholders": 173100000.0,
        "Net Income": 173100000.0,
        "Minority Interests": -21300000.0,
        "Net Income Including Noncontrolling Interests": 194400000.0,
        "Net Income Continuous Operations": 194400000.0,
        "Earnings From Equity Interest Net Of Tax": 14100000.0,
        "Tax Provision": 46200000.0,
        "Pretax Income": 226500000.0,
        "Other Income Expense": -7400000.0,
        "Other Non Operating Income Expenses": -7400000.0,
        "Net Non Operating Interest Income Expense": -26900000.0,
        "Interest Expense Non Operating": 26900000.0,
        "Operating Income": 260800000.0,
        "Operating Expense": 188000000.0,
        "Depreciation Amortization Depletion Income Statement": 12700000.0,
        "Depreciation And Amortization In Income Statement": 12700000.0,
        "Amortization": 12700000.0,
        "Amortization Of Intangibles Income Statement": 12700000.0,
        "Selling General And Administration": 175300000.0,
        "Gross Profit": 448800000.0,
        "Cost Of Revenue": 5563600000.0,
        "Total Revenue": 6012400000.0,
        "Operating Revenue": 6012400000.0
    },
    "2024-09-30": {
        "Tax Effect Of Unusual Items": 0.0,
        "Tax Rate For Calcs": 0.247,
        "Normalized EBITDA": 369500000.0,
        "Net Income From Continuing Operation Net Minority Interest": 135800000.0,
        "Reconciled Depreciation": 152400000.0,
        "Reconciled Cost Of Revenue": 5037400000.0,
        "EBITDA": 369500000.0,
        "EBIT": 217100000.0,
        "Net Interest Income": -26500000.0,
        "Interest Expense": 26500000.0,
        "Normalized Income": 135800000.0,
        "Net Income From Continuing And Discontinued Operation": 135800000.0,
        "Total Expenses": 5363900000.0,
        "Diluted Average Shares": 56373835.0,
        "Basic Average Shares": 56038579.0,
        "Diluted EPS": 2.41,
        "Basic EPS": 2.42,
        "Diluted NI Availto Com Stockholders": 135800000.0,
        "Net Income Common Stockholders": 135800000.0,
        "Net Income": 135800000.0,
        "Minority Interests": -20200000.0,
        "Net Income Including Noncontrolling Interests": 156000000.0,
        "Net Income Continuous Operations": 156000000.0,
        "Earnings From Equity Interest Net Of Tax": 12500000.0,
        "Tax Provision": 47100000.0,
        "Pretax Income": 190600000.0,
        "Other Income Expense": -3400000.0,
        "Other Non Operating Income Expenses": -3400000.0,
        "Net Non Operating Interest Income Expense": -26500000.0,
        "Interest Expense Non Operating": 26500000.0,
        "Operating Income": 220500000.0,
        "Operating Expense": 184800000.0,
        "Depreciation Amortization Depletion Income Statement": 10700000.0,
        "Depreciation And Amortization In Income Statement": 10700000.0,
        "Amortization": 10700000.0,
        "Amortization Of Intangibles Income Statement": 10700000.0,
        "Selling General And Administration": 174100000.0,
        "Gross Profit": 405300000.0,
        "Cost Of Revenue": 5179100000.0,
        "Total Revenue": 5584400000.0,
        "Operating Revenue": 5584400000.0
    },
    "2024-12-31": {
        "Tax Effect Of Unusual Items": 0.0,
        "Tax Rate For Calcs": 0.360604,
        "Normalized EBITDA": 344700000.0,
        "Net Income From Continuing Operation Net Minority Interest": 88100000.0,
        "Reconciled Depreciation": 159100000.0,
        "Reconciled Cost Of Revenue": 5179000000.0,
        "EBITDA": 344700000.0,
        "EBIT": 185600000.0,
        "Net Interest Income": -26700000.0,
        "Interest Expense": 26700000.0,
        "Normalized Income": 88100000.0,
        "Net Income From Continuing And Discontinued Operation": 88100000.0,
        "Total Expenses": 5504700000.0,
        "Diluted Average Shares": 54800000.0,
        "Basic Average Shares": 53577554.0,
        "Diluted EPS": 1.61,
        "Basic EPS": 1.644345,
        "Diluted NI Availto Com Stockholders": 88100000.0,
        "Net Income Common Stockholders": 88100000.0,
        "Net Income": 88100000.0,
        "Minority Interests": -26400000.0,
        "Net Income Including Noncontrolling Interests": 114500000.0,
        "Net Income Continuous Operations": 114500000.0,
        "Earnings From Equity Interest Net Of Tax": 12900000.0,
        "Tax Provision": 57300000.0,
        "Pretax Income": 158900000.0,
        "Other Income Expense": -24300000.0,
        "Other Non Operating Income Expenses": -24300000.0,
        "Net Non Operating Interest Income Expense": -26700000.0,
        "Interest Expense Non Operating": 26700000.0,
        "Operating Income": 209900000.0,
        "Operating Expense": 177200000.0,
        "Depreciation Amortization Depletion Income Statement": 10600000.0,
        "Depreciation And Amortization In Income Statement": 10600000.0,
        "Amortization": 10600000.0,
        "Amortization Of Intangibles Income Statement": 10600000.0,
        "Selling General And Administration": 166600000.0,
        "Gross Profit": 387100000.0,
        "Cost Of Revenue": 5327500000.0,
        "Total Revenue": 5714600000.0,
        "Operating Revenue": 5714600000.0
    },
    "2025-03-31": {
        "Tax Effect Of Unusual Items": 0.0,
        "Tax Rate For Calcs": 0.333826,
        "Normalized EBITDA": 308900000.0,
        "Net Income From Continuing Operation Net Minority Interest": 80700000.0,
        "Reconciled Depreciation": 147700000.0,
        "Reconciled Cost Of Revenue": 5058600000.0,
        "EBITDA": 308900000.0,
        "EBIT": 161200000.0,
        "Net Interest Income": -25800000.0,
        "Interest Expense": 25800000.0,
        "Normalized Income": 80700000.0,
        "Net Income From Continuing And Discontinued Operation": 80700000.0,
        "Total Expenses": 5378700000.0,
        "Diluted Average Shares": 54227394.0,
        "Basic Average Shares": 53916073.0,
        "Diluted EPS": 1.49,
        "Basic EPS": 1.5,
        "Diluted NI Availto Com Stockholders": 80700000.0,
        "Net Income Common Stockholders": 80700000.0,
        "Net Income": 80700000.0,
        "Minority Interests": -21800000.0,
        "Net Income Including Noncontrolling Interests": 102500000.0,
        "Net Income Continuous Operations": 102500000.0,
        "Earnings From Equity Interest Net Of Tax": 12300000.0,
        "Tax Provision": 45200000.0,
        "Pretax Income": 135400000.0,
        "Other Income Expense": -20400000.0,
        "Other Non Operating Income Expenses": -20400000.0,
        "Net Non Operating Interest Income Expense": -25800000.0,
        "Interest Expense Non Operating": 25800000.0,
        "Operating Income": 181600000.0,
        "Operating Expense": 177600000.0,
        "Depreciation Amortization Depletion Income Statement": 5200000.0,
        "Depreciation And Amortization In Income Statement": 5200000.0,
        "Amortization": 5200000.0,
        "Amortization Of Intangibles Income Statement": 5200000.0,
        "Selling General And Administration": 172400000.0,
        "Gross Profit": 359200000.0,
        "Cost Of Revenue": 5201100000.0,
        "Total Revenue": 5560300000.0,
        "Operating Revenue": 5560300000.0
    }
}