{
    "2023-05-31": {
        "Tax Effect Of Unusual Items": NaN,
        "Tax Rate For Calcs": NaN,
        "Normalized EBITDA": NaN,
        "Total Unusual Items": NaN,
        "Total Unusual Items Excluding Goodwill": NaN,
        "Net Income From Continuing Operation Net Minority Interest": NaN,
        "Reconciled Depreciation": NaN,
        "Reconciled Cost Of Revenue": NaN,
        "EBITDA": NaN,
        "EBIT": NaN,
        "Net Interest Income": NaN,
        "Interest Expense": NaN,
        "Normalized Income": NaN,
        "Net Income From Continuing And Discontinued Operation": NaN,
        "Total Expenses": NaN,
        "Total Operating Income As Reported": NaN,
        "Diluted Average Shares": NaN,
        "Basic Average Shares": NaN,
        "Diluted EPS": NaN,
        "Basic EPS": NaN,
        "Diluted NI Availto Com Stockholders": NaN,
        "Net Income Common Stockholders": NaN,
        "Net Income": NaN,
        "Minority Interests": NaN,
        "Net Income Including Noncontrolling Interests": NaN,
        "Net Income Continuous Operations": NaN,
        "Tax Provision": NaN,
        "Pretax Income": NaN,
        "Other Income Expense": NaN,
        "Other Non Operating Income Expenses": NaN,
        "Special Income Charges": NaN,
        "Gain On Sale Of Ppe": NaN,
        "Earnings From Equity Interest": 0.0,
        "Gain On Sale Of Security": NaN,
        "Net Non Operating Interest Income Expense": NaN,
        "Interest Expense Non Operating": NaN,
        "Operating Income": NaN,
        "Operating Expense": NaN,
        "Research And Development": NaN,
        "Selling General And Administration": NaN,
        "Gross Profit": NaN,
        "Cost Of Revenue": NaN,
        "Total Revenue": NaN,
        "Operating Revenue": NaN
    },
    "2023-02-28": {
        "Tax Effect Of Unusual Items": NaN,
        "Tax Rate For Calcs": NaN,
        "Normalized EBITDA": NaN,
        "Total Unusual Items": NaN,
        "Total Unusual Items Excluding Goodwill": NaN,
        "Net Income From Continuing Operation Net Minority Interest": NaN,
        "Reconciled Depreciation": NaN,
        "Reconciled Cost Of Revenue": NaN,
        "EBITDA": NaN,
        "EBIT": NaN,
        "Net Interest Income": NaN,
        "Interest Expense": NaN,
        "Normalized Income": NaN,
        "Net Income From Continuing And Discontinued Operation": NaN,
        "Total Expenses": NaN,
        "Total Operating Income As Reported": NaN,
        "Diluted Average Shares": NaN,
        "Basic Average Shares": NaN,
        "Diluted EPS": NaN,
        "Basic EPS": NaN,
        "Diluted NI Availto Com Stockholders": NaN,
        "Net Income Common Stockholders": NaN,
        "Net Income": NaN,
        "Minority Interests": NaN,
        "Net Income Including Noncontrolling Interests": NaN,
        "Net Income Continuous Operations": NaN,
        "Tax Provision": NaN,
        "Pretax Income": NaN,
        "Other Income Expense": NaN,
        "Other Non Operating Income Expenses": NaN,
        "Special Income Charges": NaN,
        "Gain On Sale Of Ppe": NaN,
        "Earnings From Equity Interest": 0.0,
        "Gain On Sale Of Security": NaN,
        "Net Non Operating Interest Income Expense": NaN,
        "Interest Expense Non Operating": NaN,
        "Operating Income": NaN,
        "Operating Expense": NaN,
        "Research And Development": NaN,
        "Selling General And Administration": NaN,
        "Gross Profit": NaN,
        "Cost Of Revenue": NaN,
        "Total Revenue": NaN,
        "Operating Revenue": NaN
    },
    "2022-11-30": {
        "Tax Effect Of Unusual Items": 0.0,
        "Tax Rate For Calcs": 0.0,
        "Normalized EBITDA": -113000.0,
        "Total Unusual Items": -10000.0,
        "Total Unusual Items Excluding Goodwill": -10000.0,
        "Net Income From Continuing Operation Net Minority Interest": -512000.0,
        "Reconciled Depreciation": 299000.0,
        "Reconciled Cost Of Revenue": 1232000.0,
        "EBITDA": -123000.0,
        "EBIT": -422000.0,
        "Net Interest Income": -87000.0,
        "Interest Expense": 87000.0,
        "Normalized Income": -502000.0,
        "Net Income From Continuing And Discontinued Operation": -512000.0,
        "Total Expenses": 2349000.0,
        "Total Operating Income As Reported": -654000.0,
        "Diluted Average Shares": 4836000.0,
        "Basic Average Shares": 4836000.0,
        "Diluted EPS": -0.11,
        "Basic EPS": -0.11,
        "Diluted NI Availto Com Stockholders": -512000.0,
        "Net Income Common Stockholders": -512000.0,
        "Net Income": -512000.0,
        "Minority Interests": -3000.0,
        "Net Income Including Noncontrolling Interests": -509000.0,
        "Net Income Continuous Operations": -509000.0,
        "Tax Provision": 0.0,
        "Pretax Income": -509000.0,
        "Other Income Expense": 232000.0,
        "Other Non Operating Income Expenses": 242000.0,
        "Special Income Charges": 0.0,
        "Gain On Sale Of Ppe": 0.0,
        "Gain On Sale Of Security": -10000.0,
        "Net Non Operating Interest Income Expense": -87000.0,
        "Interest Expense Non Operating": 87000.0,
        "Operating Income": -654000.0,
        "Operating Expense": 1117000.0,
        "Research And Development": 365000.0,
        "Selling General And Administration": 752000.0,
        "Gross Profit": 463000.0,
        "Cost Of Revenue": 1232000.0,
        "Total Revenue": 1695000.0,
        "Operating Revenue": 1039000.0
    },
    "2022-08-31": {
        "Tax Effect Of Unusual Items": 0.0,
        "Tax Rate For Calcs": 0.0,
        "Normalized EBITDA": -799000.0,
        "Total Unusual Items": -247000.0,
        "Total Unusual Items Excluding Goodwill": -247000.0,
        "Net Income From Continuing Operation Net Minority Interest": -1138000.0,
        "Reconciled Depreciation": 303000.0,
        "Reconciled Cost Of Revenue": 1291000.0,
        "EBITDA": -1046000.0,
        "EBIT": -1046000.0,
        "Net Interest Income": -92000.0,
        "Interest Expense": 92000.0,
        "Normalized Income": -891000.0,
        "Net Income From Continuing And Discontinued Operation": -1138000.0,
        "Total Expenses": 2695000.0,
        "Total Operating Income As Reported": -1069000.0,
        "Diluted Average Shares": 4533000.0,
        "Basic Average Shares": 4533000.0,
        "Diluted EPS": -0.25,
        "Basic EPS": -0.25,
        "Diluted NI Availto Com Stockholders": -1138000.0,
        "Net Income Common Stockholders": -1138000.0,
        "Net Income": -1138000.0,
        "Minority Interests": 0.0,
        "Net Income Including Noncontrolling Interests": -1138000.0,
        "Net Income Continuous Operations": -1138000.0,
        "Tax Provision": 0.0,
        "Pretax Income": -1138000.0,
        "Other Income Expense": 23000.0,
        "Other Non Operating Income Expenses": 270000.0,
        "Special Income Charges": 0.0,
        "Gain On Sale Of Ppe": 0.0,
        "Write Off": NaN,
        "Gain On Sale Of Security": -247000.0,
        "Net Non Operating Interest Income Expense": -92000.0,
        "Interest Expense Non Operating": 92000.0,
        "Operating Income": -1069000.0,
        "Operating Expense": 1404000.0,
        "Research And Development": 428000.0,
        "Selling General And Administration": 976000.0,
        "General And Administrative Expense": NaN,
        "Other Gand A": NaN,
        "Gross Profit": 335000.0,
        "Cost Of Revenue": 1291000.0,
        "Total Revenue": 1626000.0,
        "Operating Revenue": 1626000.0
    },
    "2022-05-31": {
        "Tax Effect Of Unusual Items": 0.0,
        "Tax Rate For Calcs": 0.0,
        "Normalized EBITDA": -370000.0,
        "Total Unusual Items": -250000.0,
        "Total Unusual Items Excluding Goodwill": -250000.0,
        "Net Income From Continuing Operation Net Minority Interest": -916000.0,
        "Reconciled Depreciation": 197000.0,
        "Reconciled Cost Of Revenue": 1448000.0,
        "EBIT": -817000.0,
        "Net Interest Income": -94000.0,
        "Interest Expense": 94000.0,
        "Normalized Income": -666000.0,
        "Net Income From Continuing And Discontinued Operation": -916000.0,
        "Total Expenses": 2615000.0,
        "Total Operating Income As Reported": -774000.0,
        "Diluted Average Shares": 4517000.0,
        "Basic Average Shares": 4517000.0,
        "Diluted EPS": -0.2,
        "Basic EPS": -0.2,
        "Diluted NI Availto Com Stockholders": -916000.0,
        "Net Income Common Stockholders": -916000.0,
        "Net Income": -916000.0,
        "Minority Interests": -5000.0,
        "Net Income Including Noncontrolling Interests": -911000.0,
        "Net Income Continuous Operations": -911000.0,
        "Tax Provision": 0.0,
        "Pretax Income": -911000.0,
        "Other Income Expense": 14000.0,
        "Other Non Operating Income Expenses": 264000.0,
        "Special Income Charges": 57000.0,
        "Gain On Sale Of Ppe": 57000.0,
        "Gain On Sale Of Security": -307000.0,
        "Net Non Operating Interest Income Expense": -94000.0,
        "Interest Expense Non Operating": 94000.0,
        "Operating Income": -831000.0,
        "Operating Expense": 1167000.0,
        "Research And Development": 357000.0,
        "Selling General And Administration": 810000.0,
        "Gross Profit": 336000.0,
        "Cost Of Revenue": 1448000.0,
        "Total Revenue": 1784000.0,
        "Operating Revenue": 1420000.0
    },
    "2022-02-28": {
        "Diluted EPS": -0.04,
        "Total Revenue": 2,
        "Gross Profit": 1,
        "Operating Income": 0,
        "EBIT": 0,
        "Net Income": 0
    },
    "2021-11-30": {
        "Diluted EPS": -0.12,
        "Total Revenue": 1,
        "Gross Profit": 0,
        "Operating Income": -1,
        "EBIT": -1,
        "Net Income": -1
    },
    "2021-08-31": {
        "Diluted EPS": -0.43,
        "Total Revenue": 1,
        "Gross Profit": 0,
        "Operating Income": -2,
        "EBIT": -2,
        "Net Income": -2
    },
    "2021-05-31": {
        "Diluted EPS": -0.02,
        "Total Revenue": 1,
        "Gross Profit": 1,
        "Operating Income": -1,
        "EBIT": 0,
        "Net Income": 0
    },
    "2021-02-28": {
        "Diluted EPS": -0.06,
        "Total Revenue": 1,
        "Gross Profit": 0,
        "Operating Income": -1,
        "EBIT": 0,
        "Net Income": 0
    },
    "2020-11-30": {
        "Diluted EPS": -0.17,
        "Total Revenue": 1,
        "Gross Profit": 0,
        "Operating Income": -1,
        "EBIT": -1,
        "Net Income": -1
    },
    "2020-08-31": {
        "Diluted EPS": 0.0,
        "Total Revenue": 1,
        "Gross Profit": 0,
        "Operating Income": 0,
        "EBIT": 0,
        "Net Income": 0
    },
    "2020-05-31": {
        "Diluted EPS": -0.14,
        "Total Revenue": 2,
        "Gross Profit": 0,
        "Operating Income": -1,
        "EBIT": -1,
        "Net Income": -1
    },
    "2020-02-29": {
        "Diluted EPS": 0.08,
        "Total Revenue": 2,
        "Gross Profit": 1,
        "Operating Income": 0,
        "EBIT": 0,
        "Net Income": 0
    },
    "2019-11-30": {
        "Diluted EPS": -0.09,
        "Total Revenue": 2,
        "Gross Profit": 1,
        "Operating Income": -1,
        "EBIT": 0,
        "Net Income": 0
    },
    "2019-08-31": {
        "Diluted EPS": -0.25,
        "Total Revenue": 2,
        "Gross Profit": 0,
        "Operating Income": -1,
        "EBIT": -1,
        "Net Income": -1
    },
    "2019-05-31": {
        "Diluted EPS": -0.24,
        "Total Revenue": 2,
        "Gross Profit": 0,
        "Operating Income": -1,
        "EBIT": 0,
        "Net Income": -1
    },
    "2019-02-28": {
        "Diluted EPS": -0.24,
        "Total Revenue": 2,
        "Gross Profit": 0,
        "Operating Income": -1,
        "EBIT": -1,
        "Net Income": -1
    },
    "2018-11-30": {
        "Diluted EPS": -0.27,
        "Total Revenue": 1,
        "Gross Profit": 0,
        "Operating Income": -1,
        "EBIT": -1,
        "Net Income": -1
    },
    "2018-08-31": {
        "Diluted EPS": -0.32,
        "Total Revenue": 2,
        "Gross Profit": 0,
        "Operating Income": -1,
        "EBIT": -1,
        "Net Income": -1
    },
    "2018-05-31": {
        "Diluted EPS": -0.09,
        "Total Revenue": 2,
        "Gross Profit": 0,
        "Operating Income": 0,
        "EBIT": 0,
        "Net Income": 0
    },
    "2018-02-28": {
        "Diluted EPS": -0.32,
        "Total Revenue": 2,
        "Gross Profit": 0,
        "Operating Income": -1,
        "EBIT": -1,
        "Net Income": -1
    },
    "2017-11-30": {
        "Diluted EPS": -0.11,
        "Total Revenue": 2,
        "Gross Profit": 0,
        "Operating Income": -1,
        "EBIT": -1,
        "Net Income": 0
    },
    "2017-08-31": {
        "Diluted EPS": -0.19,
        "Total Revenue": 3,
        "Gross Profit": 0,
        "Operating Income": -1,
        "EBIT": -1,
        "Net Income": -1
    },
    "2017-05-31": {
        "Diluted EPS": -0.45,
        "Total Revenue": 2,
        "Gross Profit": 0,
        "Operating Income": -1,
        "EBIT": -1,
        "Net Income": -2
    },
    "2017-02-28": {
        "Diluted EPS": -0.32,
        "Total Revenue": 2,
        "Gross Profit": 0,
        "Operating Income": -1,
        "EBIT": -1,
        "Net Income": -1
    },
    "2016-11-30": {
        "Diluted EPS": -0.2,
        "Total Revenue": 3,
        "Gross Profit": 0,
        "Operating Income": -1,
        "EBIT": -1,
        "Net Income": -1
    },
    "2016-08-31": {
        "Diluted EPS": -4.13,
        "Total Revenue": 2,
        "Gross Profit": -1,
        "Operating Income": -12,
        "EBIT": -10,
        "Net Income": -12
    },
    "2016-05-31": {
        "Diluted EPS": -1.11,
        "Total Revenue": 2,
        "Gross Profit": -1,
        "Operating Income": -3,
        "EBIT": -2,
        "Net Income": -3
    },
    "2016-02-29": {
        "Diluted EPS": -0.87,
        "Total Revenue": 3,
        "Gross Profit": -1,
        "Operating Income": -3,
        "EBIT": -1,
        "Net Income": -3
    },
    "2015-11-30": {
        "Diluted EPS": -1.14,
        "Total Revenue": 3,
        "Gross Profit": -1,
        "Operating Income": -3,
        "EBIT": -2,
        "Net Income": -3
    },
    "2015-08-31": {
        "Diluted EPS": -1.02,
        "Total Revenue": 3,
        "Gross Profit": -1,
        "Operating Income": -3,
        "EBIT": -2,
        "Net Income": -3
    },
    "2015-05-31": {
        "Diluted EPS": -1.1,
        "Total Revenue": 4,
        "Gross Profit": -1,
        "Operating Income": -3,
        "EBIT": -2,
        "Net Income": -3
    },
    "2015-02-28": {
        "Diluted EPS": -1.0,
        "Total Revenue": 5,
        "Gross Profit": -1,
        "Operating Income": -3,
        "EBIT": -2,
        "Net Income": -3
    },
    "2014-11-30": {
        "Diluted EPS": -1.5,
        "Total Revenue": 3,
        "Gross Profit": -2,
        "Operating Income": -4,
        "EBIT": -3,
        "Net Income": -4
    },
    "2014-08-31": {
        "Diluted EPS": -1.8,
        "Total Revenue": 2,
        "Gross Profit": -3,
        "Operating Income": -6,
        "EBIT": -4,
        "Net Income": -5
    },
    "2014-05-31": {
        "Diluted EPS": -2.3,
        "Total Revenue": 5,
        "Gross Profit": -3,
        "Operating Income": -6,
        "EBIT": -5,
        "Net Income": -6
    },
    "2014-02-28": {
        "Diluted EPS": -2.3,
        "Total Revenue": 4,
        "Gross Profit": -3,
        "Operating Income": -7,
        "EBIT": -5,
        "Net Income": -6
    },
    "2013-11-30": {
        "Diluted EPS": -2.3,
        "Total Revenue": 3,
        "Gross Profit": -2,
        "Operating Income": -6,
        "EBIT": -5,
        "Net Income": -6
    },
    "2013-08-31": {
        "Diluted EPS": -6.4,
        "Total Revenue": 3,
        "Gross Profit": -4,
        "Operating Income": -18,
        "EBIT": -16,
        "Net Income": -18
    },
    "2013-05-31": {
        "Diluted EPS": -4.0,
        "Total Revenue": 4,
        "Gross Profit": -5,
        "Operating Income": -10,
        "EBIT": -7,
        "Net Income": -11
    },
    "2013-02-28": {
        "Diluted EPS": -2.2,
        "Total Revenue": 5,
        "Gross Profit": -3,
        "Operating Income": -7,
        "EBIT": -5,
        "Net Income": -6
    },
    "2012-11-30": {
        "Diluted EPS": -3.2,
        "Total Revenue": 6,
        "Gross Profit": -3,
        "Operating Income": -8,
        "EBIT": -6,
        "Net Income": -9
    },
    "2012-08-31": {
        "Diluted EPS": -9.0,
        "Total Revenue": 5,
        "Gross Profit": -3,
        "Operating Income": -16,
        "EBIT": -14,
        "Net Income": -25
    },
    "2012-05-31": {
        "Diluted EPS": -3.6,
        "Total Revenue": 9,
        "Gross Profit": -1,
        "Operating Income": -8,
        "EBIT": -6,
        "Net Income": -10
    },
    "2012-02-29": {
        "Diluted EPS": -2.6,
        "Total Revenue": 8,
        "Gross Profit": -1,
        "Operating Income": -6,
        "EBIT": -4,
        "Net Income": -7
    },
    "2011-11-30": {
        "Diluted EPS": -2.8,
        "Total Revenue": 7,
        "Gross Profit": -1,
        "Operating Income": -6,
        "EBIT": -4,
        "Net Income": -8
    },
    "2011-08-31": {
        "Diluted EPS": -5.0,
        "Total Revenue": 5,
        "Gross Profit": -5,
        "Operating Income": -12,
        "EBIT": -10,
        "Net Income": -14
    },
    "2011-05-31": {
        "Diluted EPS": -1.9,
        "Total Revenue": 6,
        "Gross Profit": 0,
        "Operating Income": -4,
        "EBIT": -2,
        "Net Income": -5
    },
    "2011-02-28": {
        "Diluted EPS": -0.5,
        "Total Revenue": 10,
        "Gross Profit": 2,
        "Operating Income": -1,
        "EBIT": 1,
        "Net Income": -1
    },
    "2010-11-30": {
        "Diluted EPS": 1.1,
        "Total Revenue": 13,
        "Gross Profit": 7,
        "Operating Income": 5,
        "EBIT": 6,
        "Net Income": 1
    },
    "2010-08-31": {
        "Diluted EPS": 0.0,
        "Total Revenue": NaN,
        "Gross Profit": NaN,
        "Operating Income": NaN,
        "EBIT": NaN,
        "Net Income": NaN
    },
    "2010-05-31": {
        "Diluted EPS": 0.9,
        "Total Revenue": 10,
        "Gross Profit": 10,
        "Operating Income": 10,
        "EBIT": 10,
        "Net Income": 1
    },
    "2010-02-28": {
        "Diluted EPS": 0.4,
        "Total Revenue": 8,
        "Gross Profit": 8,
        "Operating Income": 8,
        "EBIT": 8,
        "Net Income": 0
    },
    "2009-08-31": {
        "Diluted EPS": 0.0,
        "Total Revenue": NaN,
        "Gross Profit": NaN,
        "Operating Income": NaN,
        "EBIT": NaN,
        "Net Income": NaN
    },
    "2023-08-31": {
        "Tax Effect Of Unusual Items": NaN,
        "Tax Rate For Calcs": NaN,
        "Normalized EBITDA": NaN,
        "Total Unusual Items": NaN,
        "Total Unusual Items Excluding Goodwill": NaN,
        "Net Income From Continuing Operation Net Minority Interest": NaN,
        "Reconciled Depreciation": NaN,
        "Reconciled Cost Of Revenue": NaN,
        "EBITDA": NaN,
        "EBIT": NaN,
        "Net Interest Income": NaN,
        "Interest Expense": NaN,
        "Normalized Income": NaN,
        "Net Income From Continuing And Discontinued Operation": NaN,
        "Total Expenses": NaN,
        "Total Operating Income As Reported": NaN,
        "Diluted Average Shares": 4903000.0,
        "Basic Average Shares": 4903000.0,
        "Diluted EPS": -0.18,
        "Basic EPS": -0.18,
        "Diluted NI Availto Com Stockholders": NaN,
        "Net Income Common Stockholders": NaN,
        "Net Income": NaN,
        "Minority Interests": NaN,
        "Net Income Including Noncontrolling Interests": NaN,
        "Net Income Continuous Operations": NaN,
        "Tax Provision": NaN,
        "Pretax Income": NaN,
        "Other Income Expense": NaN,
        "Other Non Operating Income Expenses": NaN,
        "Special Income Charges": NaN,
        "Gain On Sale Of Ppe": NaN,
        "Earnings From Equity Interest": NaN,
        "Gain On Sale Of Security": NaN,
        "Net Non Operating Interest Income Expense": NaN,
        "Interest Expense Non Operating": NaN,
        "Operating Income": NaN,
        "Operating Expense": NaN,
        "Research And Development": NaN,
        "Selling General And Administration": NaN,
        "Gross Profit": NaN,
        "Cost Of Revenue": NaN,
        "Total Revenue": NaN,
        "Operating Revenue": NaN
    },
    "2023-11-30": {
        "Tax Effect Of Unusual Items": NaN,
        "Tax Rate For Calcs": NaN,
        "Normalized EBITDA": NaN,
        "Total Unusual Items": NaN,
        "Total Unusual Items Excluding Goodwill": NaN,
        "Net Income From Continuing Operation Net Minority Interest": NaN,
        "Reconciled Depreciation": NaN,
        "Reconciled Cost Of Revenue": NaN,
        "EBITDA": NaN,
        "EBIT": NaN,
        "Net Interest Income": NaN,
        "Interest Expense": NaN,
        "Normalized Income": NaN,
        "Net Income From Continuing And Discontinued Operation": NaN,
        "Total Expenses": NaN,
        "Total Operating Income As Reported": NaN,
        "Diluted Average Shares": 4885000.0,
        "Basic Average Shares": 4885000.0,
        "Diluted EPS": -0.12,
        "Basic EPS": -0.12,
        "Diluted NI Availto Com Stockholders": NaN,
        "Net Income Common Stockholders": NaN,
        "Net Income": NaN,
        "Minority Interests": NaN,
        "Net Income Including Noncontrolling Interests": NaN,
        "Net Income Continuous Operations": NaN,
        "Tax Provision": NaN,
        "Pretax Income": NaN,
        "Other Income Expense": NaN,
        "Other Non Operating Income Expenses": NaN,
        "Special Income Charges": NaN,
        "Gain On Sale Of Ppe": NaN,
        "Earnings From Equity Interest": 8000.0,
        "Gain On Sale Of Security": NaN,
        "Net Non Operating Interest Income Expense": NaN,
        "Interest Expense Non Operating": NaN,
        "Operating Income": NaN,
        "Operating Expense": NaN,
        "Research And Development": NaN,
        "Selling General And Administration": NaN,
        "Gross Profit": NaN,
        "Cost Of Revenue": NaN,
        "Total Revenue": NaN,
        "Operating Revenue": NaN
    },
    "2024-02-29": {
        "Tax Effect Of Unusual Items": 0.0,
        "Tax Rate For Calcs": 0.0,
        "Normalized EBITDA": -303000.0,
        "Total Unusual Items": -32000.0,
        "Total Unusual Items Excluding Goodwill": -32000.0,
        "Net Income From Continuing Operation Net Minority Interest": -559000.0,
        "Reconciled Depreciation": 157000.0,
        "Reconciled Cost Of Revenue": 774000.0,
        "EBITDA": -335000.0,
        "EBIT": -492000.0,
        "Net Interest Income": -65000.0,
        "Interest Expense": 65000.0,
        "Normalized Income": -527000.0,
        "Net Income From Continuing And Discontinued Operation": -559000.0,
        "Total Expenses": 1718000.0,
        "Total Operating Income As Reported": -832000.0,
        "Diluted Average Shares": 4905000.0,
        "Basic Average Shares": 4905000.0,
        "Diluted EPS": -0.11,
        "Basic EPS": -0.11,
        "Diluted NI Availto Com Stockholders": -559000.0,
        "Net Income Common Stockholders": -559000.0,
        "Net Income": -559000.0,
        "Minority Interests": -2000.0,
        "Net Income Including Noncontrolling Interests": -557000.0,
        "Net Income Continuous Operations": -557000.0,
        "Tax Provision": 0.0,
        "Pretax Income": -557000.0,
        "Other Income Expense": 340000.0,
        "Other Non Operating Income Expenses": 377000.0,
        "Special Income Charges": 0.0,
        "Gain On Sale Of Ppe": 0.0,
        "Earnings From Equity Interest": -5000.0,
        "Gain On Sale Of Security": -32000.0,
        "Net Non Operating Interest Income Expense": -65000.0,
        "Interest Expense Non Operating": 65000.0,
        "Operating Income": -832000.0,
        "Operating Expense": 944000.0,
        "Research And Development": 251000.0,
        "Selling General And Administration": 693000.0,
        "Gross Profit": 112000.0,
        "Cost Of Revenue": 774000.0,
        "Total Revenue": 886000.0,
        "Operating Revenue": 594000.0
    },
    "2024-05-31": {
        "Tax Effect Of Unusual Items": 0.0,
        "Tax Rate For Calcs": 0.0,
        "Normalized EBITDA": -55000.0,
        "Total Unusual Items": -59000.0,
        "Total Unusual Items Excluding Goodwill": -59000.0,
        "Net Income From Continuing Operation Net Minority Interest": -319000.0,
        "Reconciled Depreciation": 144000.0,
        "Reconciled Cost Of Revenue": 780000.0,
        "EBITDA": -114000.0,
        "EBIT": -258000.0,
        "Net Interest Income": -58000.0,
        "Interest Expense": 58000.0,
        "Normalized Income": -260000.0,
        "Net Income From Continuing And Discontinued Operation": -319000.0,
        "Total Expenses": 1796000.0,
        "Total Operating Income As Reported": -473000.0,
        "Diluted Average Shares": 4914000.0,
        "Basic Average Shares": 4914000.0,
        "Diluted EPS": -0.06,
        "Basic EPS": -0.06,
        "Diluted NI Availto Com Stockholders": -319000.0,
        "Net Income Common Stockholders": -319000.0,
        "Net Income": -319000.0,
        "Minority Interests": -3000.0,
        "Net Income Including Noncontrolling Interests": -316000.0,
        "Net Income Continuous Operations": -316000.0,
        "Tax Provision": 0.0,
        "Pretax Income": -316000.0,
        "Other Income Expense": 215000.0,
        "Other Non Operating Income Expenses": 277000.0,
        "Special Income Charges": 0.0,
        "Gain On Sale Of Ppe": 0.0,
        "Earnings From Equity Interest": -3000.0,
        "Gain On Sale Of Security": -59000.0,
        "Net Non Operating Interest Income Expense": -58000.0,
        "Interest Expense Non Operating": 58000.0,
        "Operating Income": -473000.0,
        "Operating Expense": 1016000.0,
        "Research And Development": 320000.0,
        "Selling General And Administration": 696000.0,
        "Gross Profit": 543000.0,
        "Cost Of Revenue": 780000.0,
        "Total Revenue": 1323000.0,
        "Operating Revenue": 625000.0
    },
    "2024-08-31": {
        "Tax Effect Of Unusual Items": 0.0,
        "Tax Rate For Calcs": 0.0,
        "Normalized EBITDA": -399000.0,
        "Total Unusual Items": 30000.0,
        "Total Unusual Items Excluding Goodwill": 30000.0,
        "Net Income From Continuing Operation Net Minority Interest": -560000.0,
        "Reconciled Depreciation": 157000.0,
        "Reconciled Cost Of Revenue": 1171000.0,
        "EBITDA": -369000.0,
        "EBIT": -526000.0,
        "Net Interest Income": -36000.0,
        "Interest Expense": 36000.0,
        "Normalized Income": -590000.0,
        "Net Income From Continuing And Discontinued Operation": -560000.0,
        "Total Expenses": 2148000.0,
        "Total Operating Income As Reported": -825000.0,
        "Diluted Average Shares": NaN,
        "Basic Average Shares": NaN,
        "Diluted EPS": NaN,
        "Basic EPS": NaN,
        "Diluted NI Availto Com Stockholders": -560000.0,
        "Net Income Common Stockholders": -560000.0,
        "Net Income": -560000.0,
        "Minority Interests": 2000.0,
        "Net Income Including Noncontrolling Interests": -562000.0,
        "Net Income Continuous Operations": -562000.0,
        "Tax Provision": 0.0,
        "Pretax Income": -562000.0,
        "Other Income Expense": 298000.0,
        "Other Non Operating Income Expenses": 268000.0,
        "Special Income Charges": -4000.0,
        "Gain On Sale Of Ppe": -1000.0,
        "Earnings From Equity Interest": NaN,
        "Gain On Sale Of Security": 34000.0,
        "Net Non Operating Interest Income Expense": -36000.0,
        "Interest Expense Non Operating": 36000.0,
        "Operating Income": -824000.0,
        "Operating Expense": 977000.0,
        "Research And Development": 217000.0,
        "Selling General And Administration": 760000.0,
        "Gross Profit": 153000.0,
        "Cost Of Revenue": 1171000.0,
        "Total Revenue": 1324000.0,
        "Operating Revenue": 560000.0
    },
    "2024-11-30": {
        "Tax Effect Of Unusual Items": 0.0,
        "Tax Rate For Calcs": 0.0,
        "Normalized EBITDA": -222000.0,
        "Total Unusual Items": -102000.0,
        "Total Unusual Items Excluding Goodwill": -102000.0,
        "Net Income From Continuing Operation Net Minority Interest": -547000.0,
        "Reconciled Depreciation": 156000.0,
        "Reconciled Cost Of Revenue": 1001000.0,
        "EBITDA": -324000.0,
        "EBIT": -480000.0,
        "Net Interest Income": -67000.0,
        "Interest Expense": 67000.0,
        "Normalized Income": -445000.0,
        "Net Income From Continuing And Discontinued Operation": -547000.0,
        "Total Expenses": 1918000.0,
        "Total Operating Income As Reported": -657000.0,
        "Diluted Average Shares": 7212000.0,
        "Basic Average Shares": 7212000.0,
        "Diluted EPS": -0.08,
        "Basic EPS": -0.08,
        "Diluted NI Availto Com Stockholders": -547000.0,
        "Net Income Common Stockholders": -547000.0,
        "Net Income": -547000.0,
        "Minority Interests": 0.0,
        "Net Income Including Noncontrolling Interests": -547000.0,
        "Net Income Continuous Operations": -547000.0,
        "Tax Provision": 0.0,
        "Pretax Income": -547000.0,
        "Other Income Expense": 177000.0,
        "Other Non Operating Income Expenses": 282000.0,
        "Special Income Charges": 0.0,
        "Gain On Sale Of Ppe": 0.0,
        "Earnings From Equity Interest": -3000.0,
        "Gain On Sale Of Security": -102000.0,
        "Net Non Operating Interest Income Expense": -67000.0,
        "Interest Expense Non Operating": 67000.0,
        "Operating Income": -657000.0,
        "Operating Expense": 917000.0,
        "Research And Development": 221000.0,
        "Selling General And Administration": 696000.0,
        "Gross Profit": 260000.0,
        "Cost Of Revenue": 1001000.0,
        "Total Revenue": 1261000.0,
        "Operating Revenue": 685000.0
    },
    "2025-02-28": {
        "Tax Effect Of Unusual Items": 0.0,
        "Tax Rate For Calcs": 0.0,
        "Normalized EBITDA": 521000.0,
        "Total Unusual Items": 65000.0,
        "Total Unusual Items Excluding Goodwill": 65000.0,
        "Net Income From Continuing Operation Net Minority Interest": 388000.0,
        "Reconciled Depreciation": 156000.0,
        "Reconciled Cost Of Revenue": 9869000.0,
        "EBITDA": 586000.0,
        "EBIT": 430000.0,
        "Net Interest Income": -42000.0,
        "Interest Expense": 42000.0,
        "Normalized Income": 323000.0,
        "Net Income From Continuing And Discontinued Operation": 388000.0,
        "Total Expenses": 10762000.0,
        "Total Operating Income As Reported": 110000.0,
        "Diluted Average Shares": 7222000.0,
        "Basic Average Shares": 7222000.0,
        "Diluted EPS": 0.05,
        "Basic EPS": 0.05,
        "Diluted NI Availto Com Stockholders": 388000.0,
        "Net Income Common Stockholders": 388000.0,
        "Net Income": 388000.0,
        "Minority Interests": 0.0,
        "Net Income Including Noncontrolling Interests": 388000.0,
        "Net Income Continuous Operations": 388000.0,
        "Tax Provision": 0.0,
        "Pretax Income": 388000.0,
        "Other Income Expense": 320000.0,
        "Other Non Operating Income Expenses": 265000.0,
        "Special Income Charges": 0.0,
        "Gain On Sale Of Ppe": 0.0,
        "Earnings From Equity Interest": -10000.0,
        "Gain On Sale Of Security": 65000.0,
        "Net Non Operating Interest Income Expense": -42000.0,
        "Interest Expense Non Operating": 42000.0,
        "Operating Income": 110000.0,
        "Operating Expense": 893000.0,
        "Research And Development": 279000.0,
        "Selling General And Administration": 614000.0,
        "Gross Profit": 1003000.0,
        "Cost Of Revenue": 9869000.0,
        "Total Revenue": 10872000.0,
        "Operating Revenue": 769000.0
    }
}