{
    "2024-03-31": {
        "Tax Effect Of Unusual Items": 766666.666667,
        "Tax Rate For Calcs": 0.27381,
        "Normalized EBITDA": -9500000.0,
        "Total Unusual Items": 2800000.0,
        "Total Unusual Items Excluding Goodwill": 2800000.0,
        "Net Income From Continuing Operation Net Minority Interest": -6100000.0,
        "Reconciled Depreciation": 1300000.0,
        "Reconciled Cost Of Revenue": 39200000.0,
        "EBITDA": -6700000.0,
        "EBIT": -8000000.0,
        "Net Interest Income": -400000.0,
        "Interest Expense": 400000.0,
        "Normalized Income": -8133333.333333,
        "Net Income From Continuing And Discontinued Operation": -6100000.0,
        "Total Expenses": 54300000.0,
        "Total Operating Income As Reported": -10600000.0,
        "Diluted Average Shares": 15906000.0,
        "Basic Average Shares": 15906000.0,
        "Diluted EPS": -0.38,
        "Basic EPS": -0.38,
        "Diluted NI Availto Com Stockholders": -6100000.0,
        "Net Income Common Stockholders": -6100000.0,
        "Net Income": -6100000.0,
        "Net Income Including Noncontrolling Interests": -6100000.0,
        "Net Income Continuous Operations": -6100000.0,
        "Tax Provision": -2300000.0,
        "Pretax Income": -8400000.0,
        "Other Income Expense": 2600000.0,
        "Other Non Operating Income Expenses": -200000.0,
        "Special Income Charges": 0.0,
        "Other Special Charges": NaN,
        "Restructuring And Mergern Acquisition": 0.0,
        "Gain On Sale Of Security": 2800000.0,
        "Net Non Operating Interest Income Expense": -400000.0,
        "Interest Expense Non Operating": 400000.0,
        "Operating Income": -10600000.0,
        "Operating Expense": 14900000.0,
        "Other Operating Expenses": 5700000.0,
        "Depreciation Amortization Depletion Income Statement": 1100000.0,
        "Depreciation And Amortization In Income Statement": 1100000.0,
        "Amortization": 1100000.0,
        "Amortization Of Intangibles Income Statement": 1100000.0,
        "Selling General And Administration": 8100000.0,
        "General And Administrative Expense": NaN,
        "Other Gand A": NaN,
        "Gross Profit": 4300000.0,
        "Cost Of Revenue": 39400000.0,
        "Total Revenue": 43700000.0,
        "Operating Revenue": 43700000.0
    },
    "2023-12-31": {
        "Tax Effect Of Unusual Items": NaN,
        "Tax Rate For Calcs": NaN,
        "Normalized EBITDA": NaN,
        "Total Unusual Items": NaN,
        "Total Unusual Items Excluding Goodwill": NaN,
        "Net Income From Continuing Operation Net Minority Interest": NaN,
        "Reconciled Depreciation": NaN,
        "Reconciled Cost Of Revenue": NaN,
        "EBITDA": NaN,
        "EBIT": NaN,
        "Net Interest Income": NaN,
        "Interest Expense": NaN,
        "Normalized Income": NaN,
        "Net Income From Continuing And Discontinued Operation": NaN,
        "Total Expenses": NaN,
        "Total Operating Income As Reported": NaN,
        "Diluted Average Shares": NaN,
        "Basic Average Shares": NaN,
        "Diluted EPS": NaN,
        "Basic EPS": NaN,
        "Diluted NI Availto Com Stockholders": NaN,
        "Net Income Common Stockholders": NaN,
        "Net Income": NaN,
        "Net Income Including Noncontrolling Interests": NaN,
        "Net Income Continuous Operations": NaN,
        "Tax Provision": NaN,
        "Pretax Income": NaN,
        "Other Income Expense": NaN,
        "Other Non Operating Income Expenses": NaN,
        "Special Income Charges": -3500000.0,
        "Other Special Charges": NaN,
        "Restructuring And Mergern Acquisition": 3500000.0,
        "Gain On Sale Of Security": NaN,
        "Net Non Operating Interest Income Expense": NaN,
        "Interest Expense Non Operating": NaN,
        "Operating Income": NaN,
        "Operating Expense": NaN,
        "Other Operating Expenses": NaN,
        "Depreciation Amortization Depletion Income Statement": NaN,
        "Depreciation And Amortization In Income Statement": NaN,
        "Amortization": NaN,
        "Amortization Of Intangibles Income Statement": NaN,
        "Selling General And Administration": NaN,
        "General And Administrative Expense": NaN,
        "Other Gand A": NaN,
        "Gross Profit": NaN,
        "Cost Of Revenue": NaN,
        "Total Revenue": NaN,
        "Operating Revenue": NaN
    },
    "2023-09-30": {
        "Tax Effect Of Unusual Items": NaN,
        "Tax Rate For Calcs": NaN,
        "Normalized EBITDA": NaN,
        "Total Unusual Items": NaN,
        "Total Unusual Items Excluding Goodwill": NaN,
        "Net Income From Continuing Operation Net Minority Interest": NaN,
        "Reconciled Depreciation": NaN,
        "Reconciled Cost Of Revenue": NaN,
        "EBITDA": NaN,
        "EBIT": NaN,
        "Net Interest Income": NaN,
        "Interest Expense": NaN,
        "Normalized Income": NaN,
        "Net Income From Continuing And Discontinued Operation": NaN,
        "Total Expenses": NaN,
        "Total Operating Income As Reported": NaN,
        "Diluted Average Shares": NaN,
        "Basic Average Shares": NaN,
        "Diluted EPS": NaN,
        "Basic EPS": NaN,
        "Diluted NI Availto Com Stockholders": NaN,
        "Net Income Common Stockholders": NaN,
        "Net Income": NaN,
        "Net Income Including Noncontrolling Interests": NaN,
        "Net Income Continuous Operations": NaN,
        "Tax Provision": NaN,
        "Pretax Income": NaN,
        "Other Income Expense": NaN,
        "Other Non Operating Income Expenses": NaN,
        "Special Income Charges": -200000.0,
        "Other Special Charges": NaN,
        "Restructuring And Mergern Acquisition": 200000.0,
        "Gain On Sale Of Security": NaN,
        "Net Non Operating Interest Income Expense": NaN,
        "Interest Expense Non Operating": NaN,
        "Operating Income": NaN,
        "Operating Expense": NaN,
        "Other Operating Expenses": NaN,
        "Depreciation Amortization Depletion Income Statement": NaN,
        "Depreciation And Amortization In Income Statement": NaN,
        "Amortization": NaN,
        "Amortization Of Intangibles Income Statement": NaN,
        "Selling General And Administration": NaN,
        "General And Administrative Expense": 9500000.0,
        "Other Gand A": 9500000.0,
        "Gross Profit": NaN,
        "Cost Of Revenue": NaN,
        "Total Revenue": NaN,
        "Operating Revenue": NaN
    },
    "2023-06-30": {
        "Tax Effect Of Unusual Items": NaN,
        "Tax Rate For Calcs": NaN,
        "Normalized EBITDA": NaN,
        "Total Unusual Items": NaN,
        "Total Unusual Items Excluding Goodwill": NaN,
        "Net Income From Continuing Operation Net Minority Interest": NaN,
        "Reconciled Depreciation": NaN,
        "Reconciled Cost Of Revenue": NaN,
        "EBITDA": NaN,
        "EBIT": NaN,
        "Net Interest Income": NaN,
        "Interest Expense": NaN,
        "Normalized Income": NaN,
        "Net Income From Continuing And Discontinued Operation": NaN,
        "Total Expenses": NaN,
        "Total Operating Income As Reported": NaN,
        "Diluted Average Shares": NaN,
        "Basic Average Shares": NaN,
        "Diluted EPS": NaN,
        "Basic EPS": NaN,
        "Diluted NI Availto Com Stockholders": NaN,
        "Net Income Common Stockholders": NaN,
        "Net Income": NaN,
        "Net Income Including Noncontrolling Interests": NaN,
        "Net Income Continuous Operations": NaN,
        "Tax Provision": NaN,
        "Pretax Income": NaN,
        "Other Income Expense": NaN,
        "Other Non Operating Income Expenses": NaN,
        "Special Income Charges": 0.0,
        "Restructuring And Mergern Acquisition": 0.0,
        "Gain On Sale Of Security": NaN,
        "Net Non Operating Interest Income Expense": NaN,
        "Interest Expense Non Operating": NaN,
        "Operating Income": NaN,
        "Operating Expense": NaN,
        "Other Operating Expenses": NaN,
        "Depreciation Amortization Depletion Income Statement": NaN,
        "Depreciation And Amortization In Income Statement": NaN,
        "Amortization": NaN,
        "Amortization Of Intangibles Income Statement": NaN,
        "Selling General And Administration": NaN,
        "General And Administrative Expense": NaN,
        "Other Gand A": NaN,
        "Gross Profit": NaN,
        "Cost Of Revenue": NaN,
        "Total Revenue": NaN,
        "Operating Revenue": NaN
    },
    "2023-03-31": {
        "Tax Effect Of Unusual Items": 450000.0,
        "Tax Rate For Calcs": 0.25,
        "Normalized EBITDA": 9400000.0,
        "Total Unusual Items": 1800000.0,
        "Total Unusual Items Excluding Goodwill": 1800000.0,
        "Net Income From Continuing Operation Net Minority Interest": 7200000.0,
        "Reconciled Depreciation": 1300000.0,
        "Reconciled Cost Of Revenue": 43700000.0,
        "EBITDA": 11200000.0,
        "EBIT": 9900000.0,
        "Net Interest Income": -300000.0,
        "Interest Expense": 300000.0,
        "Normalized Income": 5850000.0,
        "Net Income From Continuing And Discontinued Operation": 7200000.0,
        "Total Expenses": 58700000.0,
        "Total Operating Income As Reported": 8300000.0,
        "Diluted Average Shares": 15241000.0,
        "Basic Average Shares": 14841000.0,
        "Diluted EPS": 0.47,
        "Basic EPS": 0.49,
        "Diluted NI Availto Com Stockholders": 7200000.0,
        "Net Income Common Stockholders": 7200000.0,
        "Otherunder Preferred Stock Dividend": NaN,
        "Net Income": 7200000.0,
        "Net Income Including Noncontrolling Interests": 7200000.0,
        "Net Income Continuous Operations": 7200000.0,
        "Tax Provision": 2400000.0,
        "Pretax Income": 9600000.0,
        "Other Income Expense": 1500000.0,
        "Other Non Operating Income Expenses": -300000.0,
        "Special Income Charges": -100000.0,
        "Restructuring And Mergern Acquisition": 100000.0,
        "Gain On Sale Of Security": 1900000.0,
        "Net Non Operating Interest Income Expense": -300000.0,
        "Interest Expense Non Operating": 300000.0,
        "Operating Income": 8200000.0,
        "Operating Expense": 14800000.0,
        "Other Operating Expenses": 3400000.0,
        "Depreciation Amortization Depletion Income Statement": 1100000.0,
        "Depreciation And Amortization In Income Statement": 1100000.0,
        "Amortization": 1100000.0,
        "Amortization Of Intangibles Income Statement": 1100000.0,
        "Selling General And Administration": 10300000.0,
        "General And Administrative Expense": NaN,
        "Other Gand A": NaN,
        "Gross Profit": 23000000.0,
        "Cost Of Revenue": 43900000.0,
        "Total Revenue": 66900000.0,
        "Operating Revenue": 66900000.0
    },
    "2022-12-31": {
        "Tax Effect Of Unusual Items": NaN,
        "Tax Rate For Calcs": NaN,
        "Normalized EBITDA": NaN,
        "Total Unusual Items": NaN,
        "Total Unusual Items Excluding Goodwill": NaN,
        "Net Income From Continuing Operation Net Minority Interest": NaN,
        "Reconciled Depreciation": NaN,
        "Reconciled Cost Of Revenue": NaN,
        "EBITDA": NaN,
        "EBIT": NaN,
        "Net Interest Income": NaN,
        "Interest Expense": NaN,
        "Normalized Income": NaN,
        "Net Income From Continuing And Discontinued Operation": NaN,
        "Total Expenses": NaN,
        "Total Operating Income As Reported": NaN,
        "Diluted Average Shares": NaN,
        "Basic Average Shares": NaN,
        "Diluted EPS": NaN,
        "Basic EPS": NaN,
        "Diluted NI Availto Com Stockholders": NaN,
        "Net Income Common Stockholders": NaN,
        "Otherunder Preferred Stock Dividend": 1500000.0,
        "Net Income": NaN,
        "Net Income Including Noncontrolling Interests": NaN,
        "Net Income Continuous Operations": NaN,
        "Tax Provision": NaN,
        "Pretax Income": NaN,
        "Other Income Expense": NaN,
        "Other Non Operating Income Expenses": NaN,
        "Special Income Charges": NaN,
        "Restructuring And Mergern Acquisition": NaN,
        "Gain On Sale Of Security": NaN,
        "Net Non Operating Interest Income Expense": NaN,
        "Interest Expense Non Operating": NaN,
        "Operating Income": NaN,
        "Operating Expense": NaN,
        "Other Operating Expenses": NaN,
        "Depreciation Amortization Depletion Income Statement": NaN,
        "Depreciation And Amortization In Income Statement": NaN,
        "Amortization": NaN,
        "Amortization Of Intangibles Income Statement": NaN,
        "Selling General And Administration": NaN,
        "General And Administrative Expense": 9500000.0,
        "Other Gand A": 9500000.0,
        "Gross Profit": NaN,
        "Cost Of Revenue": NaN,
        "Total Revenue": NaN,
        "Operating Revenue": NaN
    },
    "2022-09-30": {
        "Tax Effect Of Unusual Items": NaN,
        "Tax Rate For Calcs": NaN,
        "Normalized EBITDA": NaN,
        "Total Unusual Items": NaN,
        "Total Unusual Items Excluding Goodwill": NaN,
        "Net Income From Continuing Operation Net Minority Interest": NaN,
        "Reconciled Depreciation": NaN,
        "Reconciled Cost Of Revenue": NaN,
        "EBITDA": NaN,
        "EBIT": NaN,
        "Net Interest Income": NaN,
        "Interest Expense": NaN,
        "Normalized Income": NaN,
        "Net Income From Continuing And Discontinued Operation": NaN,
        "Total Expenses": NaN,
        "Total Operating Income As Reported": NaN,
        "Diluted Average Shares": NaN,
        "Basic Average Shares": NaN,
        "Diluted EPS": NaN,
        "Basic EPS": NaN,
        "Diluted NI Availto Com Stockholders": NaN,
        "Net Income Common Stockholders": NaN,
        "Otherunder Preferred Stock Dividend": 0.0,
        "Net Income": NaN,
        "Net Income Including Noncontrolling Interests": NaN,
        "Net Income Continuous Operations": NaN,
        "Tax Provision": NaN,
        "Pretax Income": NaN,
        "Other Income Expense": NaN,
        "Other Non Operating Income Expenses": NaN,
        "Special Income Charges": NaN,
        "Restructuring And Mergern Acquisition": NaN,
        "Gain On Sale Of Security": NaN,
        "Net Non Operating Interest Income Expense": NaN,
        "Interest Expense Non Operating": NaN,
        "Operating Income": NaN,
        "Operating Expense": NaN,
        "Other Operating Expenses": NaN,
        "Depreciation Amortization Depletion Income Statement": NaN,
        "Depreciation And Amortization In Income Statement": NaN,
        "Amortization": NaN,
        "Amortization Of Intangibles Income Statement": NaN,
        "Selling General And Administration": NaN,
        "General And Administrative Expense": 8600000.0,
        "Other Gand A": 8600000.0,
        "Gross Profit": NaN,
        "Cost Of Revenue": NaN,
        "Total Revenue": NaN,
        "Operating Revenue": NaN
    },
    "2024-06-30": {
        "Tax Effect Of Unusual Items": 540759.493671,
        "Tax Rate For Calcs": 0.225316,
        "Normalized EBITDA": 41300000.0,
        "Total Unusual Items": 2400000.0,
        "Total Unusual Items Excluding Goodwill": 2400000.0,
        "Net Income From Continuing Operation Net Minority Interest": 30600000.0,
        "Reconciled Depreciation": 3900000.0,
        "Reconciled Cost Of Revenue": 152300000.0,
        "EBITDA": 43700000.0,
        "EBIT": 39800000.0,
        "Net Interest Income": -300000.0,
        "Interest Expense": 300000.0,
        "Normalized Income": 28740759.493671,
        "Net Income From Continuing And Discontinued Operation": 30600000.0,
        "Total Expenses": 167900000.0,
        "Total Operating Income As Reported": 21100000.0,
        "Diluted Average Shares": 16226000.0,
        "Basic Average Shares": 16185000.0,
        "Diluted EPS": 1.89,
        "Basic EPS": 1.89,
        "Diluted NI Availto Com Stockholders": 30600000.0,
        "Net Income Common Stockholders": 30600000.0,
        "Net Income": 30600000.0,
        "Net Income Including Noncontrolling Interests": 30600000.0,
        "Net Income Continuous Operations": 30600000.0,
        "Tax Provision": 8900000.0,
        "Pretax Income": 39500000.0,
        "Other Income Expense": 18700000.0,
        "Other Non Operating Income Expenses": 16300000.0,
        "Special Income Charges": 0.0,
        "Other Special Charges": NaN,
        "Restructuring And Mergern Acquisition": 0.0,
        "Gain On Sale Of Security": 2400000.0,
        "Net Non Operating Interest Income Expense": -300000.0,
        "Interest Expense Non Operating": 300000.0,
        "Operating Income": 21100000.0,
        "Operating Expense": 15400000.0,
        "Other Operating Expenses": 4100000.0,
        "Depreciation Amortization Depletion Income Statement": 3700000.0,
        "Depreciation And Amortization In Income Statement": 3700000.0,
        "Amortization": 3700000.0,
        "Amortization Of Intangibles Income Statement": 3700000.0,
        "Selling General And Administration": 7600000.0,
        "General And Administrative Expense": NaN,
        "Other Gand A": NaN,
        "Gross Profit": 36500000.0,
        "Cost Of Revenue": 152500000.0,
        "Total Revenue": 189000000.0,
        "Operating Revenue": 189000000.0
    },
    "2024-09-30": {
        "Tax Effect Of Unusual Items": 396610.169492,
        "Tax Rate For Calcs": 0.152542,
        "Normalized EBITDA": -5700000.0,
        "Total Unusual Items": 2600000.0,
        "Total Unusual Items Excluding Goodwill": 2600000.0,
        "Net Income From Continuing Operation Net Minority Interest": -5000000.0,
        "Reconciled Depreciation": 2700000.0,
        "Reconciled Cost Of Revenue": 48500000.0,
        "EBITDA": -3100000.0,
        "EBIT": -5800000.0,
        "Net Interest Income": -100000.0,
        "Interest Expense": 100000.0,
        "Normalized Income": -7203389.830508,
        "Net Income From Continuing And Discontinued Operation": -5000000.0,
        "Total Expenses": 65300000.0,
        "Total Operating Income As Reported": -7600000.0,
        "Diluted Average Shares": 16422000.0,
        "Basic Average Shares": 16422000.0,
        "Diluted EPS": -0.3,
        "Basic EPS": -0.3,
        "Diluted NI Availto Com Stockholders": -5000000.0,
        "Net Income Common Stockholders": -5000000.0,
        "Net Income": -5000000.0,
        "Net Income Including Noncontrolling Interests": -5000000.0,
        "Net Income Continuous Operations": -5000000.0,
        "Tax Provision": -900000.0,
        "Pretax Income": -5900000.0,
        "Other Income Expense": 1800000.0,
        "Other Non Operating Income Expenses": -800000.0,
        "Special Income Charges": NaN,
        "Other Special Charges": NaN,
        "Restructuring And Mergern Acquisition": NaN,
        "Gain On Sale Of Security": 2600000.0,
        "Net Non Operating Interest Income Expense": -100000.0,
        "Interest Expense Non Operating": 100000.0,
        "Operating Income": -7600000.0,
        "Operating Expense": 16500000.0,
        "Other Operating Expenses": 4100000.0,
        "Depreciation Amortization Depletion Income Statement": 2400000.0,
        "Depreciation And Amortization In Income Statement": 2400000.0,
        "Amortization": 2400000.0,
        "Amortization Of Intangibles Income Statement": 2400000.0,
        "Selling General And Administration": 10000000.0,
        "General And Administrative Expense": 10000000.0,
        "Other Gand A": 10000000.0,
        "Gross Profit": 8900000.0,
        "Cost Of Revenue": 48800000.0,
        "Total Revenue": 57700000.0,
        "Operating Revenue": 57700000.0
    },
    "2024-12-31": {
        "Tax Effect Of Unusual Items": 1008000.0,
        "Tax Rate For Calcs": 0.21,
        "Normalized EBITDA": 47800000.0,
        "Total Unusual Items": 4800000.0,
        "Total Unusual Items Excluding Goodwill": 4800000.0,
        "Net Income From Continuing Operation Net Minority Interest": 53700000.0,
        "Reconciled Depreciation": 2900000.0,
        "Reconciled Cost Of Revenue": 89500000.0,
        "EBITDA": 52600000.0,
        "EBIT": 49700000.0,
        "Net Interest Income": -1900000.0,
        "Interest Expense": 1900000.0,
        "Normalized Income": 49908000.0,
        "Net Income From Continuing And Discontinued Operation": 53700000.0,
        "Total Expenses": 106200000.0,
        "Total Operating Income As Reported": 45100000.0,
        "Diluted Average Shares": 16778000.0,
        "Basic Average Shares": 16716000.0,
        "Diluted EPS": 3.2,
        "Basic EPS": 3.21,
        "Diluted NI Availto Com Stockholders": 53700000.0,
        "Net Income Common Stockholders": 53700000.0,
        "Net Income": 53700000.0,
        "Net Income Including Noncontrolling Interests": 53700000.0,
        "Net Income Continuous Operations": 53700000.0,
        "Tax Provision": -5900000.0,
        "Pretax Income": 47800000.0,
        "Other Income Expense": 4300000.0,
        "Other Non Operating Income Expenses": -500000.0,
        "Special Income Charges": NaN,
        "Other Special Charges": NaN,
        "Restructuring And Mergern Acquisition": NaN,
        "Gain On Sale Of Security": 5100000.0,
        "Net Non Operating Interest Income Expense": -1900000.0,
        "Interest Expense Non Operating": 1900000.0,
        "Operating Income": 45400000.0,
        "Operating Expense": 16400000.0,
        "Other Operating Expenses": 3300000.0,
        "Depreciation Amortization Depletion Income Statement": 2600000.0,
        "Depreciation And Amortization In Income Statement": 2600000.0,
        "Amortization": 2600000.0,
        "Amortization Of Intangibles Income Statement": 2600000.0,
        "Selling General And Administration": 10500000.0,
        "General And Administrative Expense": NaN,
        "Other Gand A": NaN,
        "Gross Profit": 61800000.0,
        "Cost Of Revenue": 89800000.0,
        "Total Revenue": 151600000.0,
        "Operating Revenue": 151600000.0
    },
    "2025-03-31": {
        "Tax Effect Of Unusual Items": 4340909.090909,
        "Tax Rate For Calcs": 0.227273,
        "Normalized EBITDA": 21000000.0,
        "Total Unusual Items": 19100000.0,
        "Total Unusual Items Excluding Goodwill": 19100000.0,
        "Net Income From Continuing Operation Net Minority Interest": 27200000.0,
        "Reconciled Depreciation": 1500000.0,
        "Reconciled Cost Of Revenue": 39800000.0,
        "EBITDA": 40100000.0,
        "EBIT": 38600000.0,
        "Net Interest Income": -3400000.0,
        "Interest Expense": 3400000.0,
        "Normalized Income": 12440909.090909,
        "Net Income From Continuing And Discontinued Operation": 27200000.0,
        "Total Expenses": 52600000.0,
        "Total Operating Income As Reported": 20500000.0,
        "Diluted Average Shares": 17048000.0,
        "Basic Average Shares": 16982000.0,
        "Diluted EPS": 1.6,
        "Basic EPS": 1.6,
        "Diluted NI Availto Com Stockholders": 27200000.0,
        "Net Income Common Stockholders": 27200000.0,
        "Net Income": 27200000.0,
        "Net Income Including Noncontrolling Interests": 27200000.0,
        "Net Income Continuous Operations": 27200000.0,
        "Tax Provision": 8000000.0,
        "Pretax Income": 35200000.0,
        "Other Income Expense": 18100000.0,
        "Other Non Operating Income Expenses": -1000000.0,
        "Special Income Charges": 11800000.0,
        "Other Special Charges": -11800000.0,
        "Restructuring And Mergern Acquisition": NaN,
        "Gain On Sale Of Security": 7300000.0,
        "Net Non Operating Interest Income Expense": -3400000.0,
        "Interest Expense Non Operating": 3400000.0,
        "Operating Income": 20500000.0,
        "Operating Expense": 12400000.0,
        "Other Operating Expenses": 3000000.0,
        "Depreciation Amortization Depletion Income Statement": 1100000.0,
        "Depreciation And Amortization In Income Statement": 1100000.0,
        "Amortization": 1100000.0,
        "Amortization Of Intangibles Income Statement": 1100000.0,
        "Selling General And Administration": 8300000.0,
        "General And Administrative Expense": NaN,
        "Other Gand A": NaN,
        "Gross Profit": 32900000.0,
        "Cost Of Revenue": 40200000.0,
        "Total Revenue": 73100000.0,
        "Operating Revenue": 73100000.0
    }
}