{
    "2023-05-31": {
        "Tax Effect Of Unusual Items": NaN,
        "Tax Rate For Calcs": NaN,
        "Normalized EBITDA": NaN,
        "Total Unusual Items": NaN,
        "Total Unusual Items Excluding Goodwill": NaN,
        "Net Income From Continuing Operation Net Minority Interest": NaN,
        "Reconciled Depreciation": NaN,
        "Reconciled Cost Of Revenue": NaN,
        "EBITDA": NaN,
        "EBIT": NaN,
        "Net Interest Income": NaN,
        "Interest Expense": NaN,
        "Normalized Income": NaN,
        "Net Income From Continuing And Discontinued Operation": NaN,
        "Total Expenses": NaN,
        "Total Operating Income As Reported": NaN,
        "Diluted Average Shares": NaN,
        "Basic Average Shares": NaN,
        "Diluted EPS": NaN,
        "Basic EPS": NaN,
        "Diluted NI Availto Com Stockholders": NaN,
        "Net Income Common Stockholders": NaN,
        "Net Income": NaN,
        "Net Income Including Noncontrolling Interests": NaN,
        "Net Income Continuous Operations": NaN,
        "Tax Provision": NaN,
        "Pretax Income": NaN,
        "Other Income Expense": NaN,
        "Other Non Operating Income Expenses": NaN,
        "Special Income Charges": NaN,
        "Other Special Charges": NaN,
        "Impairment Of Capital Assets": NaN,
        "Restructuring And Mergern Acquisition": 6500000.0,
        "Gain On Sale Of Security": -3400000.0,
        "Net Non Operating Interest Income Expense": NaN,
        "Interest Expense Non Operating": NaN,
        "Operating Income": NaN,
        "Operating Expense": NaN,
        "Selling General And Administration": NaN,
        "Selling And Marketing Expense": 462000000.0,
        "General And Administrative Expense": NaN,
        "Other Gand A": NaN,
        "Salaries And Wages": NaN,
        "Gross Profit": NaN,
        "Cost Of Revenue": NaN,
        "Total Revenue": NaN,
        "Operating Revenue": NaN
    },
    "2023-02-28": {
        "Tax Effect Of Unusual Items": NaN,
        "Tax Rate For Calcs": NaN,
        "Normalized EBITDA": NaN,
        "Total Unusual Items": NaN,
        "Total Unusual Items Excluding Goodwill": NaN,
        "Net Income From Continuing Operation Net Minority Interest": NaN,
        "Reconciled Depreciation": NaN,
        "Reconciled Cost Of Revenue": NaN,
        "EBITDA": NaN,
        "EBIT": NaN,
        "Net Interest Income": NaN,
        "Interest Expense": NaN,
        "Normalized Income": NaN,
        "Net Income From Continuing And Discontinued Operation": NaN,
        "Total Expenses": NaN,
        "Total Operating Income As Reported": NaN,
        "Diluted Average Shares": NaN,
        "Basic Average Shares": NaN,
        "Diluted EPS": NaN,
        "Basic EPS": NaN,
        "Diluted NI Availto Com Stockholders": NaN,
        "Net Income Common Stockholders": NaN,
        "Net Income": NaN,
        "Net Income Including Noncontrolling Interests": NaN,
        "Net Income Continuous Operations": NaN,
        "Tax Provision": NaN,
        "Pretax Income": NaN,
        "Other Income Expense": NaN,
        "Other Non Operating Income Expenses": NaN,
        "Special Income Charges": NaN,
        "Other Special Charges": NaN,
        "Impairment Of Capital Assets": NaN,
        "Restructuring And Mergern Acquisition": 11400000.0,
        "Gain On Sale Of Security": -7900000.0,
        "Net Non Operating Interest Income Expense": NaN,
        "Interest Expense Non Operating": NaN,
        "Operating Income": NaN,
        "Operating Expense": NaN,
        "Selling General And Administration": NaN,
        "Selling And Marketing Expense": 449200000.0,
        "General And Administrative Expense": NaN,
        "Other Gand A": NaN,
        "Salaries And Wages": NaN,
        "Gross Profit": NaN,
        "Cost Of Revenue": NaN,
        "Total Revenue": NaN,
        "Operating Revenue": NaN
    },
    "2022-11-30": {
        "Tax Effect Of Unusual Items": NaN,
        "Tax Rate For Calcs": NaN,
        "Normalized EBITDA": NaN,
        "Total Unusual Items": NaN,
        "Total Unusual Items Excluding Goodwill": NaN,
        "Net Income From Continuing Operation Net Minority Interest": NaN,
        "Reconciled Depreciation": NaN,
        "Reconciled Cost Of Revenue": NaN,
        "EBITDA": NaN,
        "EBIT": NaN,
        "Net Interest Income": NaN,
        "Interest Expense": NaN,
        "Normalized Income": NaN,
        "Net Income From Continuing And Discontinued Operation": NaN,
        "Total Expenses": NaN,
        "Total Operating Income As Reported": NaN,
        "Diluted Average Shares": NaN,
        "Basic Average Shares": NaN,
        "Diluted EPS": NaN,
        "Basic EPS": NaN,
        "Diluted NI Availto Com Stockholders": NaN,
        "Net Income Common Stockholders": NaN,
        "Net Income": NaN,
        "Net Income Including Noncontrolling Interests": NaN,
        "Net Income Continuous Operations": NaN,
        "Tax Provision": NaN,
        "Pretax Income": NaN,
        "Other Income Expense": NaN,
        "Other Non Operating Income Expenses": NaN,
        "Special Income Charges": NaN,
        "Other Special Charges": 24000.0,
        "Impairment Of Capital Assets": NaN,
        "Restructuring And Mergern Acquisition": NaN,
        "Gain On Sale Of Security": 7484000.0,
        "Net Non Operating Interest Income Expense": NaN,
        "Interest Expense Non Operating": NaN,
        "Operating Income": NaN,
        "Operating Expense": NaN,
        "Other Operating Expenses": 24000.0,
        "Selling General And Administration": NaN,
        "Selling And Marketing Expense": NaN,
        "General And Administrative Expense": NaN,
        "Other Gand A": NaN,
        "Salaries And Wages": NaN,
        "Gross Profit": NaN,
        "Cost Of Revenue": NaN,
        "Total Revenue": NaN,
        "Operating Revenue": NaN
    },
    "2022-08-31": {
        "Tax Effect Of Unusual Items": NaN,
        "Tax Rate For Calcs": NaN,
        "Normalized EBITDA": NaN,
        "Total Unusual Items": NaN,
        "Total Unusual Items Excluding Goodwill": NaN,
        "Net Income From Continuing Operation Net Minority Interest": NaN,
        "Reconciled Depreciation": NaN,
        "Reconciled Cost Of Revenue": NaN,
        "EBITDA": NaN,
        "EBIT": NaN,
        "Net Interest Income": NaN,
        "Interest Expense": NaN,
        "Normalized Income": NaN,
        "Net Income From Continuing And Discontinued Operation": NaN,
        "Total Expenses": NaN,
        "Total Operating Income As Reported": NaN,
        "Diluted Average Shares": NaN,
        "Basic Average Shares": NaN,
        "Diluted EPS": NaN,
        "Basic EPS": NaN,
        "Diluted NI Availto Com Stockholders": NaN,
        "Net Income Common Stockholders": NaN,
        "Net Income": NaN,
        "Net Income Including Noncontrolling Interests": NaN,
        "Net Income Continuous Operations": NaN,
        "Tax Provision": NaN,
        "Pretax Income": NaN,
        "Other Income Expense": NaN,
        "Other Non Operating Income Expenses": NaN,
        "Special Income Charges": NaN,
        "Other Special Charges": NaN,
        "Impairment Of Capital Assets": 0.0,
        "Restructuring And Mergern Acquisition": NaN,
        "Gain On Sale Of Security": NaN,
        "Net Non Operating Interest Income Expense": NaN,
        "Interest Expense Non Operating": NaN,
        "Operating Income": NaN,
        "Operating Expense": NaN,
        "Other Operating Expenses": NaN,
        "Selling General And Administration": NaN,
        "Selling And Marketing Expense": NaN,
        "General And Administrative Expense": 663800000.0,
        "Other Gand A": 663800000.0,
        "Salaries And Wages": 0.0,
        "Gross Profit": NaN,
        "Cost Of Revenue": NaN,
        "Total Revenue": NaN,
        "Operating Revenue": NaN
    },
    "2022-05-31": {
        "Tax Effect Of Unusual Items": 426341.0,
        "Tax Rate For Calcs": 0.361,
        "Normalized EBITDA": 119796000.0,
        "Total Unusual Items": 1181000.0,
        "Total Unusual Items Excluding Goodwill": 1181000.0,
        "Net Income From Continuing Operation Net Minority Interest": 49742000.0,
        "Reconciled Depreciation": 38807000.0,
        "Reconciled Cost Of Revenue": 616126000.0,
        "EBIT": 82170000.0,
        "Net Interest Income": -4360000.0,
        "Interest Expense": 4360000.0,
        "Normalized Income": 48987341.0,
        "Net Income From Continuing And Discontinued Operation": 49742000.0,
        "Total Expenses": 1394983000.0,
        "Total Operating Income As Reported": 76166000.0,
        "Diluted Average Shares": 403782416.0,
        "Basic Average Shares": 397882576.0,
        "Diluted EPS": 0.12,
        "Basic EPS": 0.13,
        "Diluted NI Availto Com Stockholders": 49742000.0,
        "Net Income Common Stockholders": 49742000.0,
        "Net Income": 49742000.0,
        "Net Income Including Noncontrolling Interests": 49742000.0,
        "Net Income Continuous Operations": 49742000.0,
        "Tax Provision": 28068000.0,
        "Pretax Income": 77810000.0,
        "Other Income Expense": 6004000.0,
        "Other Non Operating Income Expenses": 4823000.0,
        "Special Income Charges": 0.0,
        "Other Special Charges": NaN,
        "Restructuring And Mergern Acquisition": NaN,
        "Gain On Sale Of Security": 1181000.0,
        "Net Non Operating Interest Income Expense": -4360000.0,
        "Interest Expense Non Operating": 4360000.0,
        "Operating Income": 76166000.0,
        "Operating Expense": 778857000.0,
        "Other Operating Expenses": NaN,
        "Selling General And Administration": 778857000.0,
        "Selling And Marketing Expense": NaN,
        "General And Administrative Expense": NaN,
        "Other Gand A": NaN,
        "Gross Profit": 855023000.0,
        "Cost Of Revenue": 616126000.0,
        "Total Revenue": 1471149000.0,
        "Operating Revenue": 1471149000.0
    },
    "2022-02-28": {
        "Diluted EPS": 0.48,
        "Total Revenue": NaN,
        "Gross Profit": 944,
        "Operating Income": 234,
        "EBIT": 273,
        "Net Income": 196
    },
    "2021-11-30": {
        "Diluted EPS": 0.37,
        "Total Revenue": NaN,
        "Gross Profit": 974,
        "Operating Income": 186,
        "EBIT": 224,
        "Net Income": 153
    },
    "2021-08-31": {
        "Diluted EPS": 0.47,
        "Total Revenue": NaN,
        "Gross Profit": 862,
        "Operating Income": 216,
        "EBIT": 252,
        "Net Income": 193
    },
    "2021-05-31": {
        "Diluted EPS": 0.16,
        "Total Revenue": NaN,
        "Gross Profit": 750,
        "Operating Income": 106,
        "EBIT": 141,
        "Net Income": 65
    },
    "2021-02-28": {
        "Diluted EPS": 0.35,
        "Total Revenue": NaN,
        "Gross Profit": 760,
        "Operating Income": 177,
        "EBIT": 213,
        "Net Income": 143
    },
    "2020-11-30": {
        "Diluted EPS": 0.15,
        "Total Revenue": NaN,
        "Gross Profit": 767,
        "Operating Income": 92,
        "EBIT": 129,
        "Net Income": 57
    },
    "2020-08-31": {
        "Diluted EPS": 0.07,
        "Total Revenue": NaN,
        "Gross Profit": 577,
        "Operating Income": 92,
        "EBIT": 126,
        "Net Income": 27
    },
    "2020-05-31": {
        "Diluted EPS": -0.91,
        "Total Revenue": 498,
        "Gross Profit": 170,
        "Operating Income": -448,
        "EBIT": -413,
        "Net Income": -364
    },
    "2020-02-29": {
        "Diluted EPS": 0.37,
        "Total Revenue": NaN,
        "Gross Profit": 839,
        "Operating Income": 179,
        "EBIT": 215,
        "Net Income": 153
    },
    "2019-11-30": {
        "Diluted EPS": 0.23,
        "Total Revenue": NaN,
        "Gross Profit": 851,
        "Operating Income": 132,
        "EBIT": 165,
        "Net Income": 95
    },
    "2019-08-31": {
        "Diluted EPS": 0.3,
        "Total Revenue": NaN,
        "Gross Profit": 767,
        "Operating Income": 171,
        "EBIT": 196,
        "Net Income": 125
    },
    "2019-05-31": {
        "Diluted EPS": 0.07,
        "Total Revenue": NaN,
        "Gross Profit": 700,
        "Operating Income": 63,
        "EBIT": 97,
        "Net Income": 28
    },
    "2019-02-28": {
        "Diluted EPS": 0.37,
        "Total Revenue": NaN,
        "Gross Profit": 783,
        "Operating Income": 201,
        "EBIT": 233,
        "Net Income": 147
    },
    "2018-11-30": {
        "Diluted EPS": 0.26,
        "Total Revenue": NaN,
        "Gross Profit": 847,
        "Operating Income": 129,
        "EBIT": 147,
        "Net Income": 97
    },
    "2018-08-31": {
        "Diluted EPS": 0.33,
        "Total Revenue": NaN,
        "Gross Profit": 742,
        "Operating Income": 159,
        "EBIT": 197,
        "Net Income": 130
    },
    "2018-05-31": {
        "Diluted EPS": 0.19,
        "Total Revenue": NaN,
        "Gross Profit": 671,
        "Operating Income": 77,
        "EBIT": 106,
        "Net Income": 75
    },
    "2018-02-28": {
        "Diluted EPS": -0.05,
        "Total Revenue": NaN,
        "Gross Profit": 738,
        "Operating Income": 175,
        "EBIT": 211,
        "Net Income": -19
    },
    "2017-11-30": {
        "Diluted EPS": 0.0,
        "Total Revenue": NaN,
        "Gross Profit": 783,
        "Operating Income": 163,
        "EBIT": 213,
        "Net Income": 116
    },
    "2017-08-31": {
        "Diluted EPS": 0.0,
        "Total Revenue": NaN,
        "Gross Profit": 657,
        "Operating Income": 146,
        "EBIT": 187,
        "Net Income": 88
    },
    "2017-05-31": {
        "Diluted EPS": 0.0,
        "Total Revenue": NaN,
        "Gross Profit": 558,
        "Operating Income": 63,
        "EBIT": 91,
        "Net Income": 18
    },
    "2017-02-28": {
        "Diluted EPS": 0.0,
        "Total Revenue": NaN,
        "Gross Profit": 565,
        "Operating Income": 108,
        "EBIT": 136,
        "Net Income": 60
    },
    "2016-11-30": {
        "Diluted EPS": 0.0,
        "Total Revenue": NaN,
        "Gross Profit": 659,
        "Operating Income": 143,
        "EBIT": 186,
        "Net Income": 96
    },
    "2016-08-31": {
        "Diluted EPS": 0.0,
        "Total Revenue": NaN,
        "Gross Profit": 593,
        "Operating Income": 145,
        "EBIT": 170,
        "Net Income": 98
    },
    "2016-05-31": {
        "Diluted EPS": 0.0,
        "Total Revenue": NaN,
        "Gross Profit": 517,
        "Operating Income": 58,
        "EBIT": 80,
        "Net Income": 31
    },
    "2016-02-29": {
        "Diluted EPS": 0.0,
        "Total Revenue": NaN,
        "Gross Profit": 560,
        "Operating Income": 117,
        "EBIT": 145,
        "Net Income": 66
    },
    "2015-11-30": {
        "Diluted EPS": 0.0,
        "Total Revenue": NaN,
        "Gross Profit": 658,
        "Operating Income": 161,
        "EBIT": 203,
        "Net Income": 101
    },
    "2015-08-31": {
        "Diluted EPS": 0.0,
        "Total Revenue": NaN,
        "Gross Profit": 573,
        "Operating Income": 115,
        "EBIT": 132,
        "Net Income": 58
    },
    "2015-05-31": {
        "Diluted EPS": 0.0,
        "Total Revenue": NaN,
        "Gross Profit": 500,
        "Operating Income": 48,
        "EBIT": 80,
        "Net Income": 12
    },
    "2015-02-28": {
        "Diluted EPS": 0.0,
        "Total Revenue": NaN,
        "Gross Profit": 537,
        "Operating Income": 107,
        "EBIT": 134,
        "Net Income": 38
    },
    "2014-11-30": {
        "Diluted EPS": 0.0,
        "Total Revenue": NaN,
        "Gross Profit": 680,
        "Operating Income": 50,
        "EBIT": 123,
        "Net Income": -6
    },
    "2014-08-31": {
        "Diluted EPS": 0.0,
        "Total Revenue": NaN,
        "Gross Profit": 562,
        "Operating Income": 105,
        "EBIT": 134,
        "Net Income": 51
    },
    "2014-05-31": {
        "Diluted EPS": 0.0,
        "Total Revenue": NaN,
        "Gross Profit": 530,
        "Operating Income": 65,
        "EBIT": 93,
        "Net Income": 11
    },
    "2014-02-28": {
        "Diluted EPS": 0.0,
        "Total Revenue": NaN,
        "Gross Profit": 576,
        "Operating Income": 94,
        "EBIT": 122,
        "Net Income": 50
    },
    "2013-11-30": {
        "Diluted EPS": 0.0,
        "Total Revenue": NaN,
        "Gross Profit": 637,
        "Operating Income": 66,
        "EBIT": 118,
        "Net Income": 17
    },
    "2013-08-31": {
        "Diluted EPS": 0.0,
        "Total Revenue": NaN,
        "Gross Profit": 573,
        "Operating Income": 118,
        "EBIT": 149,
        "Net Income": 57
    },
    "2013-05-31": {
        "Diluted EPS": 0.0,
        "Total Revenue": NaN,
        "Gross Profit": 549,
        "Operating Income": 100,
        "EBIT": 130,
        "Net Income": 48
    },
    "2013-02-28": {
        "Diluted EPS": 0.0,
        "Total Revenue": NaN,
        "Gross Profit": 592,
        "Operating Income": 181,
        "EBIT": 211,
        "Net Income": 107
    },
    "2012-11-30": {
        "Diluted EPS": 0.0,
        "Total Revenue": NaN,
        "Gross Profit": 649,
        "Operating Income": 91,
        "EBIT": 125,
        "Net Income": 53
    },
    "2012-08-31": {
        "Diluted EPS": 0.0,
        "Total Revenue": NaN,
        "Gross Profit": 521,
        "Operating Income": 87,
        "EBIT": 117,
        "Net Income": 28
    },
    "2012-05-31": {
        "Diluted EPS": 0.0,
        "Total Revenue": NaN,
        "Gross Profit": 481,
        "Operating Income": 46,
        "EBIT": 78,
        "Net Income": 13
    },
    "2012-02-29": {
        "Diluted EPS": 0.0,
        "Total Revenue": NaN,
        "Gross Profit": 549,
        "Operating Income": 110,
        "EBIT": 143,
        "Net Income": 49
    },
    "2011-11-30": {
        "Diluted EPS": 0.0,
        "Total Revenue": NaN,
        "Gross Profit": 624,
        "Operating Income": 92,
        "EBIT": 114,
        "Net Income": 44
    },
    "2011-08-31": {
        "Diluted EPS": 0.0,
        "Total Revenue": NaN,
        "Gross Profit": 569,
        "Operating Income": 81,
        "EBIT": 112,
        "Net Income": 32
    },
    "2011-05-31": {
        "Diluted EPS": 0.0,
        "Total Revenue": NaN,
        "Gross Profit": 541,
        "Operating Income": 65,
        "EBIT": 95,
        "Net Income": 21
    },
    "2011-02-28": {
        "Diluted EPS": 0.0,
        "Total Revenue": NaN,
        "Gross Profit": 558,
        "Operating Income": 99,
        "EBIT": 128,
        "Net Income": 41
    },
    "2010-11-30": {
        "Diluted EPS": 0.0,
        "Total Revenue": NaN,
        "Gross Profit": 647,
        "Operating Income": 119,
        "EBIT": 150,
        "Net Income": 86
    },
    "2010-08-31": {
        "Diluted EPS": 0.0,
        "Total Revenue": NaN,
        "Gross Profit": 544,
        "Operating Income": 86,
        "EBIT": 112,
        "Net Income": 28
    },
    "2010-05-31": {
        "Diluted EPS": 0.0,
        "Total Revenue": 977,
        "Gross Profit": 499,
        "Operating Income": 69,
        "EBIT": 97,
        "Net Income": -14
    },
    "2010-02-28": {
        "Diluted EPS": 0.0,
        "Total Revenue": NaN,
        "Gross Profit": 533,
        "Operating Income": 107,
        "EBIT": 135,
        "Net Income": 56
    },
    "2009-11-30": {
        "Diluted EPS": 0.0,
        "Total Revenue": NaN,
        "Gross Profit": 618,
        "Operating Income": 118,
        "EBIT": 140,
        "Net Income": 67
    },
    "2009-08-31": {
        "Diluted EPS": 0.0,
        "Total Revenue": NaN,
        "Gross Profit": 494,
        "Operating Income": 98,
        "EBIT": 116,
        "Net Income": 41
    },
    "2009-05-31": {
        "Diluted EPS": 0.0,
        "Total Revenue": 905,
        "Gross Profit": 415,
        "Operating Income": 56,
        "EBIT": 71,
        "Net Income": -4
    },
    "2009-02-28": {
        "Diluted EPS": 0.0,
        "Total Revenue": 951,
        "Gross Profit": 445,
        "Operating Income": 106,
        "EBIT": 120,
        "Net Income": 48
    },
    "2023-08-31": {
        "Tax Effect Of Unusual Items": NaN,
        "Tax Rate For Calcs": NaN,
        "Normalized EBITDA": NaN,
        "Total Unusual Items": NaN,
        "Total Unusual Items Excluding Goodwill": NaN,
        "Net Income From Continuing Operation Net Minority Interest": NaN,
        "Reconciled Depreciation": NaN,
        "Reconciled Cost Of Revenue": NaN,
        "EBITDA": NaN,
        "EBIT": NaN,
        "Net Interest Income": NaN,
        "Interest Expense": NaN,
        "Normalized Income": NaN,
        "Net Income From Continuing And Discontinued Operation": NaN,
        "Total Expenses": NaN,
        "Total Operating Income As Reported": NaN,
        "Diluted Average Shares": NaN,
        "Basic Average Shares": NaN,
        "Diluted EPS": NaN,
        "Basic EPS": NaN,
        "Diluted NI Availto Com Stockholders": NaN,
        "Net Income Common Stockholders": NaN,
        "Net Income": NaN,
        "Net Income Including Noncontrolling Interests": NaN,
        "Net Income Discontinuous Operations": NaN,
        "Net Income Continuous Operations": NaN,
        "Tax Provision": NaN,
        "Pretax Income": NaN,
        "Other Income Expense": NaN,
        "Other Non Operating Income Expenses": NaN,
        "Special Income Charges": NaN,
        "Other Special Charges": 19000000.0,
        "Impairment Of Capital Assets": 90200000.0,
        "Restructuring And Mergern Acquisition": NaN,
        "Gain On Sale Of Security": 4800000.0,
        "Net Non Operating Interest Income Expense": NaN,
        "Interest Expense Non Operating": NaN,
        "Operating Income": NaN,
        "Operating Expense": NaN,
        "Selling General And Administration": NaN,
        "Selling And Marketing Expense": NaN,
        "General And Administrative Expense": NaN,
        "Other Gand A": NaN,
        "Salaries And Wages": 19000000.0,
        "Gross Profit": NaN,
        "Cost Of Revenue": NaN,
        "Total Revenue": NaN,
        "Operating Revenue": NaN
    },
    "2023-11-30": {
        "Tax Effect Of Unusual Items": NaN,
        "Tax Rate For Calcs": NaN,
        "Normalized EBITDA": NaN,
        "Total Unusual Items": NaN,
        "Total Unusual Items Excluding Goodwill": NaN,
        "Net Income From Continuing Operation Net Minority Interest": NaN,
        "Reconciled Depreciation": NaN,
        "Reconciled Cost Of Revenue": NaN,
        "EBITDA": NaN,
        "EBIT": NaN,
        "Net Interest Income": NaN,
        "Interest Expense": NaN,
        "Normalized Income": NaN,
        "Net Income From Continuing And Discontinued Operation": NaN,
        "Total Expenses": NaN,
        "Total Operating Income As Reported": NaN,
        "Diluted Average Shares": NaN,
        "Basic Average Shares": NaN,
        "Diluted EPS": NaN,
        "Basic EPS": NaN,
        "Diluted NI Availto Com Stockholders": NaN,
        "Net Income Common Stockholders": NaN,
        "Net Income": NaN,
        "Net Income Including Noncontrolling Interests": NaN,
        "Net Income Discontinuous Operations": NaN,
        "Net Income Continuous Operations": NaN,
        "Tax Provision": NaN,
        "Pretax Income": NaN,
        "Other Income Expense": NaN,
        "Other Non Operating Income Expenses": NaN,
        "Special Income Charges": NaN,
        "Other Special Charges": 0.0,
        "Impairment Of Capital Assets": 0.0,
        "Restructuring And Mergern Acquisition": NaN,
        "Gain On Sale Of Security": -3600000.0,
        "Net Non Operating Interest Income Expense": NaN,
        "Interest Expense Non Operating": NaN,
        "Operating Income": NaN,
        "Operating Expense": NaN,
        "Selling General And Administration": NaN,
        "Selling And Marketing Expense": NaN,
        "General And Administrative Expense": NaN,
        "Other Gand A": NaN,
        "Salaries And Wages": 0.0,
        "Gross Profit": NaN,
        "Cost Of Revenue": NaN,
        "Total Revenue": NaN,
        "Operating Revenue": NaN
    },
    "2024-05-31": {
        "Tax Effect Of Unusual Items": NaN,
        "Tax Rate For Calcs": NaN,
        "Normalized EBITDA": NaN,
        "Total Unusual Items": NaN,
        "Total Unusual Items Excluding Goodwill": NaN,
        "Net Income From Continuing Operation Net Minority Interest": NaN,
        "Reconciled Depreciation": NaN,
        "Reconciled Cost Of Revenue": NaN,
        "EBITDA": NaN,
        "EBIT": NaN,
        "Net Interest Income": NaN,
        "Interest Expense": NaN,
        "Normalized Income": NaN,
        "Net Income From Continuing And Discontinued Operation": NaN,
        "Total Expenses": NaN,
        "Total Operating Income As Reported": NaN,
        "Diluted Average Shares": NaN,
        "Basic Average Shares": NaN,
        "Diluted EPS": NaN,
        "Basic EPS": NaN,
        "Diluted NI Availto Com Stockholders": NaN,
        "Net Income Common Stockholders": NaN,
        "Net Income": NaN,
        "Net Income Including Noncontrolling Interests": NaN,
        "Net Income Discontinuous Operations": 800000.0,
        "Net Income Continuous Operations": NaN,
        "Tax Provision": NaN,
        "Pretax Income": NaN,
        "Other Income Expense": NaN,
        "Other Non Operating Income Expenses": NaN,
        "Special Income Charges": NaN,
        "Other Special Charges": NaN,
        "Impairment Of Capital Assets": NaN,
        "Restructuring And Mergern Acquisition": NaN,
        "Gain On Sale Of Security": NaN,
        "Net Non Operating Interest Income Expense": NaN,
        "Interest Expense Non Operating": NaN,
        "Operating Income": NaN,
        "Operating Expense": NaN,
        "Selling General And Administration": NaN,
        "Selling And Marketing Expense": NaN,
        "General And Administrative Expense": NaN,
        "Other Gand A": NaN,
        "Gross Profit": NaN,
        "Cost Of Revenue": NaN,
        "Total Revenue": NaN,
        "Operating Revenue": NaN
    },
    "2024-08-31": {
        "Tax Effect Of Unusual Items": -25557000.0,
        "Tax Rate For Calcs": 0.21,
        "Normalized EBITDA": 204100000.0,
        "Total Unusual Items": -121700000.0,
        "Total Unusual Items Excluding Goodwill": -121700000.0,
        "Net Income From Continuing Operation Net Minority Interest": 22700000.0,
        "Reconciled Depreciation": 50100000.0,
        "Reconciled Cost Of Revenue": 569200000.0,
        "EBITDA": 82400000.0,
        "EBIT": 32300000.0,
        "Net Interest Income": -10100000.0,
        "Interest Expense": 10100000.0,
        "Normalized Income": 118843000.0,
        "Net Income From Continuing And Discontinued Operation": 20700000.0,
        "Total Expenses": 1295600000.0,
        "Total Operating Income As Reported": 32700000.0,
        "Diluted Average Shares": 402398064.0,
        "Basic Average Shares": 398187049.0,
        "Diluted EPS": 0.05,
        "Basic EPS": 0.05,
        "Diluted NI Availto Com Stockholders": 20700000.0,
        "Net Income Common Stockholders": 20700000.0,
        "Net Income": 20700000.0,
        "Net Income Including Noncontrolling Interests": 20700000.0,
        "Net Income Discontinuous Operations": NaN,
        "Net Income Continuous Operations": 22700000.0,
        "Tax Provision": -500000.0,
        "Pretax Income": 22200000.0,
        "Other Income Expense": -115200000.0,
        "Other Non Operating Income Expenses": 6500000.0,
        "Special Income Charges": -114800000.0,
        "Other Special Charges": 19000000.0,
        "Impairment Of Capital Assets": 111400000.0,
        "Restructuring And Mergern Acquisition": 3400000.0,
        "Gain On Sale Of Security": -6900000.0,
        "Net Non Operating Interest Income Expense": -10100000.0,
        "Interest Expense Non Operating": 10100000.0,
        "Operating Income": 147500000.0,
        "Operating Expense": 726400000.0,
        "Selling General And Administration": 726400000.0,
        "Selling And Marketing Expense": 499800000.0,
        "General And Administrative Expense": 226600000.0,
        "Other Gand A": 226600000.0,
        "Gross Profit": 873900000.0,
        "Cost Of Revenue": 569200000.0,
        "Total Revenue": 1443100000.0,
        "Operating Revenue": 1443100000.0
    },
    "2024-11-30": {
        "Tax Effect Of Unusual Items": -778889.444722,
        "Tax Rate For Calcs": 0.086543,
        "Normalized EBITDA": 274700000.0,
        "Total Unusual Items": -9000000.0,
        "Total Unusual Items Excluding Goodwill": -9000000.0,
        "Net Income From Continuing Operation Net Minority Interest": 182600000.0,
        "Reconciled Depreciation": 54400000.0,
        "Reconciled Cost Of Revenue": 712700000.0,
        "EBITDA": 265700000.0,
        "EBIT": 211300000.0,
        "Net Interest Income": -11400000.0,
        "Interest Expense": 11400000.0,
        "Normalized Income": 190821110.555278,
        "Net Income From Continuing And Discontinued Operation": 182600000.0,
        "Total Expenses": 1613400000.0,
        "Total Operating Income As Reported": 212300000.0,
        "Diluted Average Shares": 400977404.0,
        "Basic Average Shares": 397118902.0,
        "Diluted EPS": 0.46,
        "Basic EPS": 0.46,
        "Diluted NI Availto Com Stockholders": 182600000.0,
        "Net Income Common Stockholders": 182600000.0,
        "Net Income": 182600000.0,
        "Net Income Including Noncontrolling Interests": 182600000.0,
        "Net Income Discontinuous Operations": NaN,
        "Net Income Continuous Operations": 182600000.0,
        "Tax Provision": 17300000.0,
        "Pretax Income": 199900000.0,
        "Other Income Expense": -15000000.0,
        "Other Non Operating Income Expenses": -6000000.0,
        "Special Income Charges": -14000000.0,
        "Other Special Charges": NaN,
        "Impairment Of Capital Assets": 0.0,
        "Restructuring And Mergern Acquisition": 14000000.0,
        "Gain On Sale Of Security": 5000000.0,
        "Net Non Operating Interest Income Expense": -11400000.0,
        "Interest Expense Non Operating": 11400000.0,
        "Operating Income": 226300000.0,
        "Operating Expense": 900700000.0,
        "Selling General And Administration": 900700000.0,
        "Selling And Marketing Expense": 922300000.0,
        "General And Administrative Expense": -21600000.0,
        "Other Gand A": -21600000.0,
        "Gross Profit": 1127000000.0,
        "Cost Of Revenue": 712700000.0,
        "Total Revenue": 1839700000.0,
        "Operating Revenue": 1839700000.0
    },
    "2025-02-28": {
        "Tax Effect Of Unusual Items": -1380200.0,
        "Tax Rate For Calcs": 0.206,
        "Normalized EBITDA": 243400000.0,
        "Total Unusual Items": -6700000.0,
        "Total Unusual Items Excluding Goodwill": -6700000.0,
        "Net Income From Continuing Operation Net Minority Interest": 140200000.0,
        "Reconciled Depreciation": 49200000.0,
        "Reconciled Cost Of Revenue": 579200000.0,
        "EBITDA": 236700000.0,
        "EBIT": 187500000.0,
        "Net Interest Income": -10900000.0,
        "Interest Expense": 10900000.0,
        "Normalized Income": 145519800.0,
        "Net Income From Continuing And Discontinued Operation": 135000000.0,
        "Total Expenses": 1328500000.0,
        "Total Operating Income As Reported": 191600000.0,
        "Diluted Average Shares": 400046382.0,
        "Basic Average Shares": 396576662.0,
        "Diluted EPS": 0.34,
        "Basic EPS": 0.34,
        "Diluted NI Availto Com Stockholders": 135000000.0,
        "Net Income Common Stockholders": 135000000.0,
        "Net Income": 135000000.0,
        "Net Income Including Noncontrolling Interests": 135000000.0,
        "Net Income Discontinuous Operations": -5200000.0,
        "Net Income Continuous Operations": 140200000.0,
        "Tax Provision": 36400000.0,
        "Pretax Income": 176600000.0,
        "Other Income Expense": -10800000.0,
        "Other Non Operating Income Expenses": -4100000.0,
        "Special Income Charges": -6700000.0,
        "Other Special Charges": NaN,
        "Impairment Of Capital Assets": NaN,
        "Restructuring And Mergern Acquisition": 6700000.0,
        "Gain On Sale Of Security": NaN,
        "Net Non Operating Interest Income Expense": -10900000.0,
        "Interest Expense Non Operating": 10900000.0,
        "Operating Income": 198300000.0,
        "Operating Expense": 749300000.0,
        "Selling General And Administration": 749300000.0,
        "Selling And Marketing Expense": 528300000.0,
        "General And Administrative Expense": 221000000.0,
        "Other Gand A": 221000000.0,
        "Gross Profit": 947600000.0,
        "Cost Of Revenue": 579200000.0,
        "Total Revenue": 1526800000.0,
        "Operating Revenue": 1526800000.0
    },
    "2024-02-29": {
        "Tax Effect Of Unusual Items": NaN,
        "Tax Rate For Calcs": NaN,
        "Normalized EBITDA": NaN,
        "Total Unusual Items": NaN,
        "Total Unusual Items Excluding Goodwill": NaN,
        "Net Income From Continuing Operation Net Minority Interest": NaN,
        "Reconciled Depreciation": NaN,
        "Reconciled Cost Of Revenue": NaN,
        "EBITDA": NaN,
        "EBIT": NaN,
        "Net Interest Income": NaN,
        "Interest Expense": NaN,
        "Normalized Income": NaN,
        "Net Income From Continuing And Discontinued Operation": NaN,
        "Total Expenses": NaN,
        "Total Operating Income As Reported": NaN,
        "Diluted Average Shares": NaN,
        "Basic Average Shares": NaN,
        "Diluted EPS": NaN,
        "Basic EPS": NaN,
        "Diluted NI Availto Com Stockholders": NaN,
        "Net Income Common Stockholders": NaN,
        "Net Income": NaN,
        "Net Income Including Noncontrolling Interests": NaN,
        "Net Income Discontinuous Operations": -800000.0,
        "Net Income Continuous Operations": NaN,
        "Tax Provision": NaN,
        "Pretax Income": NaN,
        "Other Income Expense": NaN,
        "Other Non Operating Income Expenses": NaN,
        "Special Income Charges": NaN,
        "Other Special Charges": NaN,
        "Impairment Of Capital Assets": NaN,
        "Restructuring And Mergern Acquisition": NaN,
        "Gain On Sale Of Security": NaN,
        "Net Non Operating Interest Income Expense": NaN,
        "Interest Expense Non Operating": NaN,
        "Operating Income": NaN,
        "Operating Expense": NaN,
        "Selling General And Administration": NaN,
        "Selling And Marketing Expense": NaN,
        "General And Administrative Expense": NaN,
        "Other Gand A": NaN,
        "Gross Profit": NaN,
        "Cost Of Revenue": NaN,
        "Total Revenue": NaN,
        "Operating Revenue": NaN
    },
    "2025-05-31": {
        "Tax Effect Of Unusual Items": -1516400.0,
        "Tax Rate For Calcs": 0.223,
        "Normalized EBITDA": 171500000.0,
        "Total Unusual Items": -6800000.0,
        "Total Unusual Items Excluding Goodwill": -6800000.0,
        "Net Income From Continuing Operation Net Minority Interest": 79600000.0,
        "Reconciled Depreciation": 50400000.0,
        "Reconciled Cost Of Revenue": 540200000.0,
        "EBITDA": 164700000.0,
        "EBIT": 114300000.0,
        "Net Interest Income": -11800000.0,
        "Interest Expense": 11800000.0,
        "Normalized Income": 84883600.0,
        "Net Income From Continuing And Discontinued Operation": 67000000.0,
        "Total Expenses": 1331200000.0,
        "Total Operating Income As Reported": 108000000.0,
        "Diluted Average Shares": 399048949.0,
        "Basic Average Shares": 396411904.0,
        "Diluted EPS": 0.17,
        "Basic EPS": 0.17,
        "Diluted NI Availto Com Stockholders": 67000000.0,
        "Net Income Common Stockholders": 67000000.0,
        "Net Income": 67000000.0,
        "Net Income Including Noncontrolling Interests": 67000000.0,
        "Net Income Discontinuous Operations": -12600000.0,
        "Net Income Continuous Operations": 79600000.0,
        "Tax Provision": 22900000.0,
        "Pretax Income": 102500000.0,
        "Other Income Expense": -500000.0,
        "Other Non Operating Income Expenses": 6300000.0,
        "Special Income Charges": -6800000.0,
        "Other Special Charges": NaN,
        "Impairment Of Capital Assets": NaN,
        "Restructuring And Mergern Acquisition": 6800000.0,
        "Gain On Sale Of Security": NaN,
        "Net Non Operating Interest Income Expense": -11800000.0,
        "Interest Expense Non Operating": 11800000.0,
        "Operating Income": 114800000.0,
        "Operating Expense": 791000000.0,
        "Selling General And Administration": 791000000.0,
        "Selling And Marketing Expense": 558900000.0,
        "General And Administrative Expense": 232100000.0,
        "Other Gand A": 232100000.0,
        "Gross Profit": 905800000.0,
        "Cost Of Revenue": 540200000.0,
        "Total Revenue": 1446000000.0,
        "Operating Revenue": 1446000000.0
    },
    "2025-08-31": {
        "Tax Effect Of Unusual Items": -1904865.556978,
        "Tax Rate For Calcs": 0.21895,
        "Normalized EBITDA": 229200000.0,
        "Total Unusual Items": -8700000.0,
        "Total Unusual Items Excluding Goodwill": -8700000.0,
        "Net Income From Continuing Operation Net Minority Interest": 122000000.0,
        "Reconciled Depreciation": 51800000.0,
        "Reconciled Cost Of Revenue": 591800000.0,
        "EBITDA": 220500000.0,
        "EBIT": 168700000.0,
        "Net Interest Income": -12500000.0,
        "Interest Expense": 12500000.0,
        "Normalized Income": 128795134.443022,
        "Net Income From Continuing And Discontinued Operation": 218100000.0,
        "Total Expenses": 1367400000.0,
        "Total Operating Income As Reported": 167400000.0,
        "Diluted Average Shares": 399529649.0,
        "Basic Average Shares": 395659040.0,
        "Diluted EPS": 0.55,
        "Basic EPS": 0.55,
        "Diluted NI Availto Com Stockholders": 218100000.0,
        "Net Income Common Stockholders": 218100000.0,
        "Net Income": 218100000.0,
        "Net Income Including Noncontrolling Interests": 218100000.0,
        "Net Income Discontinuous Operations": 96100000.0,
        "Net Income Continuous Operations": 122000000.0,
        "Tax Provision": 34200000.0,
        "Pretax Income": 156200000.0,
        "Other Income Expense": -7300000.0,
        "Other Non Operating Income Expenses": 1400000.0,
        "Special Income Charges": -8600000.0,
        "Other Special Charges": NaN,
        "Impairment Of Capital Assets": 0.0,
        "Restructuring And Mergern Acquisition": 8600000.0,
        "Gain On Sale Of Security": -100000.0,
        "Net Non Operating Interest Income Expense": -12500000.0,
        "Interest Expense Non Operating": 12500000.0,
        "Operating Income": 176000000.0,
        "Operating Expense": 775600000.0,
        "Selling General And Administration": 775600000.0,
        "Selling And Marketing Expense": 543300000.0,
        "General And Administrative Expense": 232300000.0,
        "Other Gand A": 232300000.0,
        "Gross Profit": 951600000.0,
        "Cost Of Revenue": 591800000.0,
        "Total Revenue": 1543400000.0,
        "Operating Revenue": 1543400000.0
    }
}